{"host":"8zzc9mdnfkdiyxma","time":1608298751,"event":{"mods":["2.2 Compatiblity","BaseMod","Better Altar","Better Match","Better Note","Better Sensory Stone","Better Skull","Better Third Choice","Better Vampires","Colored Map","Colored Powertips","Downfall","Emptier Cage","Energized Spire","Minty Spire (QoL Compilation)","Permanent Neow","Rare Cards Sparkle","Relic Filter","SacredBarkPlus","StSLib","Waifu the Spire"],"gold_per_floor":[19,30,49,59,509,123,199,212,212,212,46,46,81,91,16,119,119,133,1,13,0,225,210,210,240,90,129,129,129,129,152,152,252,252,266,282,428,446,461,487,563,581,595,79,79,79,91,121,121,121,121,121,121],"floor_reached":52,"playtime":6692,"items_purged":["Slimebound:Icky","Slimebound:Icky","Slimebound:Icky","hexamod:Sear","hexamod:Defend"],"score":1002,"play_id":"647002ca-65e8-42f2-8f7b-e9f38109b4e7","local_time":"20201218083911","is_ascension_mode":false,"campfire_choices":[{"data":"hexamod:RetreatToShadows","floor":10,"key":"SMITH"},{"floor":15,"key":"RECALL"},{"data":"hexamod:GhostflameBarrier","floor":26,"key":"SMITH"},{"data":"hexamod:GhostOfSpireFuture","floor":28,"key":"SMITH"},{"data":"hexamod:FastForward","floor":30,"key":"SMITH"},{"data":"hexamod:FastForward","floor":32,"key":"SMITH"},{"data":"hexamod:VolcanoVisage","floor":45,"key":"SMITH"},{"floor":49,"key":"REST"}],"circlet_count":0,"master_deck":["hexamod:Strike","hexamod:Strike","hexamod:Strike","hexamod:Defend+1","hexamod:Defend","hexamod:Defend","hexamod:Float","hexamod:HexaLevel+1","hexamod:AdvancingGuard","hexamod:Firestarter","hexamod:Hexaguard","hexamod:TimeOfNeed","hexamod:RetreatToShadows+1","hexamod:SpectersWail+1","hexamod:AdvancingGuard","hexamod:SpectersWail","hexamod:SkipABeat","hexamod:TimeWarp","hexamod:FastForward+1","hexamod:SpectersWail","hexamod:TimeOfNeed","hexamod:BacktrackSmack+1","hexamod:GhostOfSpireFuture+1","hexamod:Hexaguard+1","hexamod:TimeWarp","hexamod:Rewind+1","hexamod:GhostflameBarrier+1","hexamod:FastForward+1","hexamod:VolcanoVisage+1","hexamod:VolcanoVisage","hexamod:StepThrough","hexamod:ThermalTransfer+1","hexamod:GhostflameBarrier+1","hexamod:ThermalTransfer+1","hexamod:Hexaguard"],"relics":["hexamod:SpiritBrand","Bag of Preparation","OrangePellets","HornCleat","hexamod:InflammatoryLetter","downfall:HeartBlessingGreen","Sozu","hexamod:SoulConsumer","downfall:HeartBlessingBlue","downfall:HeartBlessingRed","Potion Belt","hexamod:TheBrokenSeal","energizedSpire:MagnifyingGlass","Pocketwatch","Blue Candle","Mango","hexamod:MatchstickCase","Juzu Bracelet"],"acts_visited":["Exordium","TheCity","TheBeyond","TheEnding"],"potions_floor_usage":[11,14,16],"damage_taken":[{"damage":0,"enemies":"Jaw Worm","floor":1,"turns":4},{"damage":0,"enemies":"2 Louse","floor":2,"turns":3},{"damage":0,"enemies":"Small Slimes","floor":3,"turns":4},{"damage":0,"enemies":"2 Fungi Beasts","floor":4,"turns":4},{"damage":0,"enemies":"downfall:FleeingMerchant","floor":6,"turns":4},{"damage":3,"enemies":"Exordium Thugs","floor":8,"turns":4},{"damage":0,"enemies":"downfall:FleeingMerchant","floor":11,"turns":4},{"damage":5,"enemies":"Lagavulin","floor":13,"turns":6},{"damage":0,"enemies":"Gremlin Gang","floor":14,"turns":3},{"damage":54,"enemies":"downfall:Defect","floor":16,"turns":8},{"damage":0,"enemies":"Spheric Guardian","floor":18,"turns":5},{"damage":0,"enemies":"downfall:FleeingMerchant","floor":19,"turns":4},{"damage":11,"enemies":"3 Byrds","floor":20,"turns":4},{"damage":0,"enemies":"downfall:FleeingMerchant","floor":21,"turns":4},{"damage":0,"enemies":"downfall:FleeingMerchant","floor":23,"turns":4},{"damage":2,"enemies":"Book of Stabbing","floor":25,"turns":4},{"damage":0,"enemies":"Gremlin Leader","floor":27,"turns":6},{"damage":15,"enemies":"Snake Plant","floor":31,"turns":5},{"damage":0,"enemies":"downfall:Silent","floor":33,"turns":6},{"damage":1,"enemies":"3 Darklings","floor":35,"turns":4},{"damage":0,"enemies":"Orb Walker","floor":36,"turns":3},{"damage":0,"enemies":"downfall:FleeingMerchant","floor":37,"turns":4},{"damage":14,"enemies":"Sphere and 2 Shapes","floor":38,"turns":5},{"damage":0,"enemies":"Spire Growth","floor":39,"turns":5},{"damage":0,"enemies":"Giant Head","floor":40,"turns":7},{"damage":0,"enemies":"Transient","floor":42,"turns":5},{"damage":0,"enemies":"Maw","floor":43,"turns":5},{"damage":2,"enemies":"Writhing Mass","floor":47,"turns":4},{"damage":0,"enemies":"Reptomancer","floor":48,"turns":5},{"damage":0,"enemies":"downfall:Watcher","floor":50,"turns":7},{"damage":112,"enemies":"downfall:CharBossMerchant","floor":52,"turns":8}],"seed_played":"2294903737245991092","potions_obtained":[{"floor":1,"key":"Fire Potion"},{"floor":4,"key":"Swift Potion"},{"floor":8,"key":"BlessingOfTheForge"},{"floor":14,"key":"Strength Potion"},{"floor":16,"key":"FearPotion"}],"is_trial":false,"path_per_floor":["M","M","M","M","?","$","T","M","?","R","$","?","E","M","R","B",null,"M","$","M","$","?","$","T","E","R","E","R","?","R","M","R","B",null,"M","M","$","M","M","E","T","M","M","$","R","?","M","E","R","B",null,"E"],"character_chosen":"THE_SPIRIT","items_purchased":["Bag of Preparation","OrangePellets","hexamod:SpectersWail","hexamod:StepThrough","Mango","hexamod:Hexaguard"],"campfire_rested":1,"item_purchase_floors":[6,6,11,37,44,44],"current_hp_per_floor":[70,70,70,70,70,70,70,67,67,67,67,67,62,62,62,8,70,70,70,66,66,48,55,55,53,63,63,63,63,63,90,90,90,90,89,89,89,75,75,75,75,75,75,89,89,68,66,66,97,97,104,0,0],"gold":121,"neow_bonus":"THREE_RARE_CARDS","is_daily":false,"chose_seed":false,"campfire_upgraded":6,"win_rate":0.0,"timestamp":1608298751,"path_taken":["M","M","M","M","?","$","T","M","?","R","$","?","E","M","R","BOSS","M","$","M","$","?","?","T","E","R","E","R","?","R","?","R","BOSS","M","M","$","M","M","E","T","M","M","$","R","?","M","E","R","BOSS","E"],"items_purchased_type":["Relic","Relic","Card","Card","Relic","Card"],"build_version":"2020-12-13","purchased_purges":5,"victory":false,"max_hp_per_floor":[70,70,70,70,70,70,70,70,70,70,70,70,70,70,70,70,70,70,70,70,70,70,70,70,70,80,80,80,80,80,90,90,90,90,90,90,90,90,90,90,90,90,90,104,104,104,104,104,104,104,104,104,104],"card_choices":[{"not_picked":["hexamod:EmpoweringStance","hexamod:SearingWound"],"picked":"hexamod:HexaLevel","floor":0},{"not_picked":["hexamod:ExtraCrispy","hexamod:InspiringFlames"],"picked":"hexamod:AdvancingGuard","floor":1},{"not_picked":["hexamod:GhostShield","hexamod:ShieldOfDarkness"],"picked":"hexamod:Firestarter","floor":2},{"not_picked":["hexamod:NightmareStrike","hexamod:BurningTouch"],"picked":"hexamod:Hexaguard","floor":3},{"not_picked":["hexamod:PhantomCloak","hexamod:StepThrough"],"picked":"hexamod:TimeOfNeed","floor":4},{"not_picked":["hexamod:NightmareGuise","hexamod:EtherealExpedition"],"picked":"hexamod:RetreatToShadows","floor":6},{"not_picked":["hexamod:NightmareGuise","hexamod:BacktrackSmack"],"picked":"hexamod:SpectersWail","floor":8},{"not_picked":["hexamod:ChargedBarrage","hexamod:NightmareStrike"],"picked":"hexamod:AdvancingGuard","floor":11},{"not_picked":["hexamod:FourthSeal","hexamod:SwordOfDarkness"],"picked":"hexamod:ThirdSeal","floor":13},{"not_picked":["hexamod:HexaLevel","hexamod:HauntingEcho"],"picked":"hexamod:SkipABeat","floor":14},{"not_picked":["hexamod:VolcanoVisage","hexamod:HexaLevel"],"picked":"hexamod:FifthSeal","floor":16},{"not_picked":["hexamod:SearingWound","hexamod:ParanormalForm"],"picked":"hexamod:TimeWarp","floor":16},{"not_picked":["hexamod:FourthSeal","hexamod:FirstSeal"],"picked":"hexamod:SecondSeal","floor":18},{"not_picked":["hexamod:InspiringFlames","hexamod:GhostShield"],"picked":"hexamod:FastForward","floor":18},{"not_picked":["hexamod:ShieldOfDarkness","hexamod:CrushingStance"],"picked":"hexamod:SpectersWail","floor":18},{"not_picked":["hexamod:SecondSeal","hexamod:FourthSeal"],"picked":"hexamod:FirstSeal","floor":19},{"not_picked":["hexamod:BurningTouch","hexamod:GhostOfSpirePresent+1"],"picked":"hexamod:TimeOfNeed","floor":19},{"not_picked":["hexamod:NightmareStrike","hexamod:ParanormalForm"],"picked":"hexamod:BacktrackSmack+1","floor":19},{"not_picked":["hexamod:SecondSeal","hexamod:FirstSeal"],"picked":"hexamod:SixthSeal","floor":20},{"not_picked":["hexamod:NecessarySacrifice","hexamod:SwordOfDarkness"],"picked":"hexamod:GhostOfSpireFuture","floor":20},{"not_picked":["hexamod:BurningTouch","hexamod:NightmareGuise"],"picked":"hexamod:Hexaguard+1","floor":20},{"not_picked":["hexamod:SpectersWail","hexamod:EtherealExpedition"],"picked":"hexamod:TimeWarp","floor":21},{"not_picked":["hexamod:SwordOfDarkness","hexamod:AdvancingGuard","hexamod:PhantomFireball"],"picked":"SKIP","floor":21},{"not_picked":["hexamod:SecondSeal","hexamod:ThirdSeal"],"picked":"hexamod:FourthSeal","floor":23},{"not_picked":["hexamod:NightmareStrike","hexamod:Firestarter"],"picked":"hexamod:Rewind+1","floor":23},{"not_picked":["hexamod:BurningTouch","hexamod:AdvancingGuard"],"picked":"hexamod:GhostflameBarrier","floor":25},{"not_picked":["hexamod:EmpoweredFlame","hexamod:HauntingEcho","hexamod:BurningTouch+1"],"picked":"SKIP","floor":25},{"not_picked":["hexamod:CatchUp","hexamod:UnleashSpirits"],"picked":"hexamod:FastForward","floor":27},{"not_picked":["hexamod:ThermalTransfer","hexamod:InspiringFlames+1","hexamod:HauntingEcho+1"],"picked":"SKIP","floor":27},{"not_picked":["hexamod:HeatShield","hexamod:DynamicBlow","hexamod:ThirdSeal"],"picked":"SKIP","floor":31},{"not_picked":["hexamod:SixthSeal","hexamod:EmpoweringStance"],"picked":"hexamod:VolcanoVisage","floor":33},{"not_picked":["hexamod:Again+1","hexamod:GhostLash","hexamod:SwordOfDarkness"],"picked":"SKIP","floor":35},{"not_picked":["hexamod:GhostOfSpirePast","hexamod:RainOfEmbers","hexamod:BurningTouch+1"],"picked":"SKIP","floor":36},{"not_picked":["hexamod:SwordOfDarkness","hexamod:HeatShield"],"picked":"hexamod:VolcanoVisage","floor":37},{"not_picked":["hexamod:FourthSeal","hexamod:InspiringFlames+1","hexamod:GhostOfSpirePresent"],"picked":"SKIP","floor":38},{"not_picked":["hexamod:SpectralAdrenaline+1","hexamod:RainOfEmbers+1"],"picked":"hexamod:ThermalTransfer+1","floor":39},{"not_picked":["hexamod:FourthSeal","hexamod:HeatMetal"],"picked":"hexamod:GhostflameBarrier+1","floor":40},{"not_picked":["hexamod:ShieldOfDarkness","hexamod:StepThrough"],"picked":"hexamod:ThermalTransfer+1","floor":42},{"not_picked":["hexamod:AdvancingGuard","hexamod:FirstSeal","hexamod:SwordOfDarkness"],"picked":"SKIP","floor":43},{"not_picked":["hexamod:GhostflameInferno","hexamod:ShieldOfDarkness","hexamod:EtherealExpedition"],"picked":"SKIP","floor":47},{"not_picked":["hexamod:HauntingEcho+1","hexamod:HeatShield","hexamod:BurningTouch+1"],"picked":"SKIP","floor":48}],"player_experience":1019069,"relics_obtained":[{"floor":7,"key":"HornCleat"},{"floor":13,"key":"hexamod:InflammatoryLetter"},{"floor":25,"key":"hexamod:SoulConsumer"},{"floor":27,"key":"Potion Belt"},{"floor":40,"key":"Pocketwatch"},{"floor":41,"key":"Blue Candle"},{"floor":48,"key":"Juzu Bracelet"}],"event_choices":[{"damage_healed":0,"gold_gain":225,"player_choice":"GO GO ","damage_taken":20,"relics_obtained":[],"max_hp_gain":0,"max_hp_loss":0,"event_name":"betterSkull:BetterSkull","floor":22,"gold_loss":0,"cards_upgraded":[]},{"damage_healed":0,"gold_gain":0,"player_choice":"Ignored","damage_taken":0,"max_hp_gain":0,"max_hp_loss":0,"event_name":"betterNote:BetterNote","floor":29,"gold_loss":0,"cards_obtained":["After Image"]},{"damage_healed":0,"gold_gain":0,"player_choice":"RE ","damage_taken":23,"relics_obtained":["hexamod:MatchstickCase"],"max_hp_gain":0,"max_hp_loss":0,"event_name":"betterSkull:BetterSkull","floor":46,"gold_loss":0,"cards_upgraded":[]}],"is_beta":false,"boss_relics":[{"not_picked":["energizedSpire:NeverEndingSparkler","Busted Crown"],"picked":"Sozu"},{"not_picked":["Snecko Eye","Black Star"],"picked":"energizedSpire:MagnifyingGlass"}],"items_purged_floors":[6,11,19,37,44],"is_endless":false,"potions_floor_spawned":[1,4,8,14,16,20,25,33,36,40,47,48],"killed_by":"downfall:CharBossMerchant","ascension_level":0}}