{"host":"cyiefo55v5hz1ih5","time":1608269873,"event":{"mods":["2.2 Compatiblity","AchievementEnabler","BaseMod","Downfall","GifTheSpireLib","Hubris","Minty Spire (QoL Compilation)","Replay The Spire","Robot Space Explorer","StSLib"],"gold_per_floor":[99,99,99,99,127,192,192,206,218,218,232,247,247,247,262,361,361,211,211,121,121,121,121,121,121,121,121,121,121,106,106,106,106,106,31,31,31,31,31,31,31,31,31,31,31,31,31,31,31,31,31,31,31,31,31],"floor_reached":56,"playtime":6402,"items_purged":["champ:Strike"],"score":1381,"play_id":"387b6979-92ae-49a3-9719-d9eff9cfa12d","local_time":"20201218003753","is_ascension_mode":false,"campfire_choices":[{"data":"champ:Strike","floor":1,"key":"PURGE"},{"floor":10,"key":"RECALL"},{"data":"champ:Backstep","floor":18,"key":"SMITH"},{"data":"champ:Improvising","floor":35,"key":"SMITH"},{"data":"champ:SteelEdge","floor":40,"key":"SMITH"},{"data":"champ:Taunt","floor":54,"key":"SMITH"}],"circlet_count":0,"master_deck":["champ:HoldFirm+1","champ:Strike","champ:Strike","champ:Defend","champ:Defend","champ:Defend","champ:Defend","champ:Execute","champ:Taunt+1","champ:RecklessLeap","champ:DefensiveShout","champ:FlashCut","champ:GutPunch","ReplayTheSpireMod:Splinters","champ:SwordSigil","champ:Backstep+1","champ:BringItOn","champ:FanOfKnives","champ:SteelEdge+1","champ:GladiatorStyle+1","champ:Improvising+1","champ:ArenaPreparation+1","champ:RageSigil+1","Pot Of Greed","Pot Of Greed","champ:SteelEdge+1"],"relics":["champ:ChampionCrown","downfall:HeartsMalice","Orichalcum","Replay:Ringing Soul","hubris:Towel","Ectoplasm","downfall:HeartBlessingRed","downfall:HeartBlessingBlue","hubris:Icosahedron","Mirror","hubris:PeanutButter","Lantern","champ:ChampionCrownUpgraded","downfall:HeartBlessingGreen","Calipers","hubris:TenFootPole","StrikeDummy","Grinning Jar","ReplayTheSpireMod:Shallot"],"acts_visited":["Exordium","TheCity","TheBeyond","TheEnding"],"potions_floor_usage":[12,27,33,33,55],"damage_taken":[{"damage":0,"enemies":"Cultist","floor":2,"turns":1},{"damage":0,"enemies":"Small Slimes","floor":3,"turns":1},{"damage":0,"enemies":"Jaw Worm","floor":4,"turns":1},{"damage":29,"enemies":"3 Sentries","floor":5,"turns":7},{"damage":23,"enemies":"2 Fungi Beasts","floor":8,"turns":2},{"damage":11,"enemies":"Blue Slaver","floor":9,"turns":3},{"damage":17,"enemies":"2 Fungi Beasts","floor":11,"turns":4},{"damage":27,"enemies":"Exordium Thugs","floor":12,"turns":3},{"damage":4,"enemies":"Exordium Wildlife","floor":15,"turns":3},{"damage":32,"enemies":"downfall:Watcher","floor":16,"turns":8},{"damage":22,"enemies":"Chosen","floor":19,"turns":3},{"damage":24,"enemies":"downfall:FleeingMerchant","floor":20,"turns":4},{"damage":26,"enemies":"3 Byrds","floor":21,"turns":4},{"damage":65,"enemies":"Slavers","floor":23,"turns":9},{"damage":29,"enemies":"3 Cultists","floor":25,"turns":6},{"damage":23,"enemies":"Shelled Parasite and Fungi","floor":26,"turns":5},{"damage":13,"enemies":"Book of Stabbing","floor":27,"turns":7},{"damage":7,"enemies":"Snake Plant","floor":28,"turns":3},{"damage":4,"enemies":"3 Cultists","floor":29,"turns":5},{"damage":12,"enemies":"downfall:FleeingMerchant","floor":30,"turns":4},{"damage":26,"enemies":"Chosen and Byrds","floor":31,"turns":4},{"damage":36,"enemies":"Centurion and Healer","floor":32,"turns":7},{"damage":94,"enemies":"downfall:Ironclad","floor":33,"turns":12},{"damage":39,"enemies":"Giant Head","floor":36,"turns":8},{"damage":43,"enemies":"R_Hoarder","floor":38,"turns":4},{"damage":16,"enemies":"Orb Walker","floor":39,"turns":1},{"damage":28,"enemies":"downfall:FleeingMerchant","floor":43,"turns":3},{"damage":50,"enemies":"Giant Head","floor":44,"turns":4},{"damage":27,"enemies":"3 Shapes","floor":45,"turns":3},{"damage":62,"enemies":"Transient","floor":47,"turns":5},{"damage":37,"enemies":"Maw","floor":48,"turns":3},{"damage":14,"enemies":"3 Darklings","floor":49,"turns":2},{"damage":35,"enemies":"downfall:Silent","floor":50,"turns":2},{"damage":48,"enemies":"downfall:CharBossMerchant","floor":52,"turns":4},{"damage":112,"enemies":"downfall:NeowBoss","floor":55,"turns":29}],"seed_played":"5053812925342606766","potions_obtained":[{"floor":5,"key":"DuplicationPotion"},{"floor":6,"key":"Weak Potion"},{"floor":8,"key":"EssenceOfSteel"},{"floor":12,"key":"SpeedPotion"},{"floor":27,"key":"Strength Potion"},{"floor":38,"key":"Block Potion"},{"floor":44,"key":"Energy Potion"}],"is_trial":false,"path_per_floor":["R","M","M","M","E","?","T","M","M","R","M","M","?","?","M","B",null,"R","M","$","M","?","E","T","M","M","E","M","M","$","M","M","B",null,"R","E","?","E","M","R","T","?","$","E","M","?","M","M","M","B",null,"E","$","R","B",null],"character_chosen":"THE_CHAMP","items_purchased":[],"campfire_rested":0,"item_purchase_floors":[],"current_hp_per_floor":[90,90,90,90,86,86,86,89,96,96,97,99,99,99,98,103,105,115,113,109,111,111,82,82,79,74,87,95,99,112,117,113,38,121,121,117,117,127,127,127,127,127,127,130,130,133,133,133,133,133,133,133,133,133,133],"gold":31,"neow_bonus":"THREE_ENEMY_KILL","is_daily":false,"chose_seed":false,"campfire_upgraded":4,"win_rate":0.0,"timestamp":1608269873,"path_taken":["R","?","M","M","E","?","T","M","M","R","M","M","?","?","M","BOSS","R","M","$","M","?","E","T","M","M","E","M","M","$","M","M","BOSS","R","E","?","E","M","R","T","?","$","E","M","?","M","?","M","BOSS","E","$","R","BOSS"],"items_purchased_type":[],"build_version":"2020-12-13","purchased_purges":1,"victory":true,"max_hp_per_floor":[90,90,90,90,90,90,90,93,96,96,99,102,102,102,102,105,105,115,115,115,115,115,115,115,118,118,118,118,118,118,118,118,121,121,121,124,124,127,127,127,127,127,127,130,130,133,133,133,133,133,133,133,133,133,133],"card_choices":[{"not_picked":["champ:Encircle","champ:StanceDance"],"picked":"champ:RecklessLeap","floor":2},{"not_picked":["champ:Riposte","champ:PerfectedStrike"],"picked":"champ:DefensiveShout","floor":3},{"not_picked":["champ:FalseCounter","champ:ShieldWall"],"picked":"champ:FlashCut","floor":4},{"not_picked":["champ:BringItOn","champ:SkillfulDodge"],"picked":"champ:GutPunch","floor":5},{"not_picked":["champ:FlashCut","champ:StanceDance"],"picked":"champ:SwordSigil","floor":8},{"not_picked":["champ:ArenaPreparation","champ:BerserkersShout"],"picked":"champ:Backstep","floor":9},{"not_picked":["champ:IgnorePain","champ:TornadoPunch"],"picked":"champ:BringItOn","floor":11},{"not_picked":["champ:BerserkersShout","champ:ArenaPreparation"],"picked":"champ:FanOfKnives","floor":12},{"not_picked":["champ:RageSigil","champ:FocusedBerserking","champ:Circumvent"],"picked":"SKIP","floor":15},{"not_picked":["champ:PerfectForm","champ:ShieldSlam"],"picked":"champ:SteelEdge","floor":16},{"not_picked":["champ:Lariat+1","champ:FocusedDefense","champ:ShieldSigil+1"],"picked":"SKIP","floor":19},{"not_picked":["champ:Duel","champ:AdrenalArmor","champ:BerserkersShout+1"],"picked":"SKIP","floor":20},{"not_picked":["champ:BringItOn","champ:FalseCounter","champ:HeartStrike+1"],"picked":"SKIP","floor":21},{"not_picked":["champ:PerfectedStrike","champ:SwordThrow","champ:Lariat"],"picked":"SKIP","floor":23},{"not_picked":["champ:EnragedBash","champ:DefensiveShout"],"picked":"champ:GladiatorStyle","floor":25},{"not_picked":["champ:CrookedStrike","champ:FlashCut","champ:Encircle+1"],"picked":"SKIP","floor":26},{"not_picked":["champ:SwordSigil+1","champ:PerfectedStrike","champ:DefensiveShout"],"picked":"SKIP","floor":27},{"not_picked":["champ:GladiatorsShout","champ:Haymaker","champ:FightOn"],"picked":"SKIP","floor":28},{"not_picked":["champ:VampiricStrike","champ:BerserkersShout+1","champ:Haymaker"],"picked":"SKIP","floor":29},{"not_picked":["champ:SkillfulDodge","champ:FocusedBerserking","champ:ShieldWall"],"picked":"SKIP","floor":30},{"not_picked":["champ:GladiatorStyle+1","champ:DefensiveShout","champ:BringItOn+1"],"picked":"SKIP","floor":31},{"not_picked":["champ:BringItOn","champ:FightOn","champ:Haymaker+1"],"picked":"SKIP","floor":32},{"not_picked":["champ:MurderStrike","champ:EnchantShield"],"picked":"champ:Improvising","floor":33},{"not_picked":["champ:Haymaker+1","champ:FightOn"],"picked":"champ:ArenaPreparation+1","floor":36},{"not_picked":["champ:EnGarde+1","champ:ShieldSigil+1"],"picked":"champ:RageSigil+1","floor":38},{"not_picked":["champ:DefensiveShout","champ:Backstep","champ:CrookedStrike"],"picked":"SKIP","floor":39},{"not_picked":["champ:Lariat+1","champ:ShieldSigil+1","champ:Encircle+1"],"picked":"SKIP","floor":43},{"not_picked":["champ:FanOfKnives+1","champ:FocusedBerserking","champ:Circumvent+1"],"picked":"SKIP","floor":44},{"not_picked":["champ:SwordSigil+1","champ:BerserkersShout+1","champ:Aggression"],"picked":"SKIP","floor":45},{"not_picked":["champ:Circumvent","champ:RageSigil+1","champ:GutPunch"],"picked":"SKIP","floor":47},{"not_picked":["champ:FanOfKnives","champ:Backstep+1","champ:ShieldWall+1"],"picked":"SKIP","floor":48},{"not_picked":["champ:EnGarde+1","champ:Haymaker+1","champ:FlashCut+1"],"picked":"SKIP","floor":49},{"not_picked":["champ:CrookedStrike","champ:FanOfKnives","champ:FocusedGladiator"],"picked":"SKIP","floor":52}],"player_experience":768138,"relics_obtained":[{"floor":5,"key":"Orichalcum"},{"floor":6,"key":"Replay:Ringing Soul"},{"floor":23,"key":"Mirror"},{"floor":24,"key":"hubris:PeanutButter"},{"floor":27,"key":"Lantern"},{"floor":36,"key":"Calipers"},{"floor":38,"key":"hubris:TenFootPole"},{"floor":41,"key":"StrikeDummy"},{"floor":44,"key":"Grinning Jar"},{"floor":52,"key":"ReplayTheSpireMod:Shallot"}],"event_choices":[{"damage_healed":0,"gold_gain":0,"player_choice":"Copied","damage_taken":0,"max_hp_gain":0,"max_hp_loss":0,"event_name":"Duplicator","floor":46,"gold_loss":0,"cards_obtained":["champ:SteelEdge"]}],"is_beta":false,"boss_relics":[{"not_picked":["Runic Dome","ReplayTheSpireMod:DimensionalGlitch"],"picked":"Ectoplasm"},{"not_picked":["hubris:Backtick","Painkiller Herb"],"picked":"champ:ChampionCrownUpgraded"}],"items_purged_floors":[20],"is_endless":false,"potions_floor_spawned":[5,8,9,12,16,21,23,27,28,31,32,38,44,45],"ascension_level":0}}