{"host":"5u4m3sklrpw6xc20","time":1608264030,"event":{"mods":["2.2 Compatiblity","BaseMod","Better Third Choice","CapriCore","Colored Map","Hermit","Hubris","Infinite Spire","Minty Spire (QoL Compilation)","Permanent Neow","Replay The Spire","Shade Mod","Spicy Shops","StSLib","SuperFastMode","The Cursed","The Gatherer","The Immortal","The Necromancer","The Runesmith"],"gold_per_floor":[10000198,10000198,9999708,9999708,9999708,9999708,9999708,9999708,9999708,9999708,9999708,9999708,9999708,9999708,9999708,9999708,9999708,9999633,9999633,9999558,9999558,9999558],"floor_reached":21,"playtime":663,"items_purged":["Strike_G+1"],"score":304,"play_id":"fcc80d1a-19c3-4507-a531-283d9fdbce3f","local_time":"20201217220030","is_ascension_mode":false,"campfire_choices":[{"floor":6,"key":"RECALL"},{"floor":8,"key":"REST"},{"floor":12,"key":"REST"},{"floor":15,"key":"REST"}],"circlet_count":0,"master_deck":["Strike_G+1","Strike_G+1","Defend_G+1","Defend_G+1","Defend_G+1","Defend_G+1","Defend_G+1","Survivor+1","Neutralize+1","Backflip+1","infinitespire:UltimateForm+1","hubris:SlightOfHand+1","Dodge and Roll+1"],"relics":["Ring of the Serpent","Molten Egg 2","Frozen Egg 2","Toxic Egg 2","Quantum Egg","Ectoplasm","Sozu","Replay:Baseball","Golden Idol","White Beast Statue"],"acts_visited":["Exordium","TheCity"],"potions_floor_usage":[],"damage_taken":[{"damage":0,"enemies":"Cultist","floor":1,"turns":2},{"damage":0,"enemies":"2 Louse","floor":2,"turns":2},{"damage":5,"enemies":"Small Slimes","floor":4,"turns":3},{"damage":0,"enemies":"3 Louse","floor":5,"turns":3},{"damage":8,"enemies":"Large Slime","floor":10,"turns":5},{"damage":0,"enemies":"3 Sentries","floor":11,"turns":1},{"damage":6,"enemies":"Hexaghost","floor":16,"turns":9},{"damage":1,"enemies":"2 Thieves","floor":18,"turns":5},{"damage":10,"enemies":"3 Byrds","floor":21,"turns":8}],"seed_played":"-8533310374996892685","potions_obtained":[],"is_trial":false,"path_per_floor":["M","M","?","M","M","R","?","R","T","M","E","R","?","?","R","B",null,"M","AVR","?","M"],"character_chosen":"THE_SILENT","items_purchased":[],"campfire_rested":3,"item_purchase_floors":[],"current_hp_per_floor":[70,70,70,65,65,65,65,70,70,62,62,70,53,58,75,69,75,74,74,74,64,64],"gold":9999558,"neow_bonus":"HUNDRED_GOLD","is_daily":false,"chose_seed":false,"campfire_upgraded":0,"win_rate":0.0,"timestamp":1608264030,"path_taken":["M","M","?","M","M","R","?","R","T","M","E","R","?","?","R","BOSS","M","AVR","?","M"],"items_purchased_type":[],"build_version":"2020-12-13","purchased_purges":1,"victory":false,"max_hp_per_floor":[70,70,70,70,70,70,70,70,70,70,70,70,70,75,75,75,75,75,75,75,75,75],"card_choices":[{"not_picked":["Dagger Spray+1","All Out Attack+1"],"picked":"Backflip+1","floor":1},{"not_picked":["Flying Knee+1","Quick Slash+1","Slice+1"],"picked":"SKIP","floor":2},{"not_picked":["ReplayTheSpireMod:Black Plague","Replay:Fractal Strike"],"picked":"infinitespire:UltimateForm","floor":3},{"not_picked":["Backflip+1","A Thousand Cuts+1","hubris:TrickCloak+1"],"picked":"SKIP","floor":4},{"not_picked":["Acrobatics+1","Hidden Blade+1"],"picked":"hubris:SlightOfHand+1","floor":5},{"not_picked":["ReplayTheSpireMod:Tripwire+1","ReplayTheSpireMod:Speed Training+1"],"picked":"Dodge and Roll+1","floor":10},{"not_picked":["Sucker Punch+1","Underhanded Strike+1","Skewer+1"],"picked":"SKIP","floor":11},{"not_picked":["Cloak And Dagger+1","Setup+1","Distraction+1"],"picked":"SKIP","floor":18}],"player_experience":258704,"relics_obtained":[{"floor":11,"key":"Replay:Baseball"}],"event_choices":[{"damage_healed":0,"gold_gain":0,"player_choice":"Upgrade","damage_taken":0,"relics_obtained":["Mark of the Bloom"],"max_hp_gain":0,"max_hp_loss":0,"event_name":"MindBloom","floor":0,"gold_loss":0,"cards_upgraded":["Strike_G","Strike_G","Strike_G","Strike_G","Strike_G","Defend_G","Defend_G","Defend_G","Defend_G","Defend_G","Survivor","Neutralize"]},{"cards_removed":["Strike_G"],"damage_healed":0,"gold_gain":0,"player_choice":"Forget","damage_taken":0,"max_hp_gain":0,"max_hp_loss":0,"event_name":"Living Wall","floor":7,"gold_loss":0},{"damage_healed":0,"gold_gain":0,"player_choice":"Take Damage","damage_taken":17,"relics_obtained":["Golden Idol"],"max_hp_gain":0,"max_hp_loss":0,"event_name":"Golden Idol","floor":13,"gold_loss":0},{"damage_healed":0,"gold_gain":0,"player_choice":"Donut","damage_taken":0,"max_hp_gain":5,"max_hp_loss":0,"event_name":"Big Fish","floor":14,"gold_loss":0},{"cards_removed":["Strike_G"],"damage_healed":0,"gold_gain":0,"player_choice":"Gave Gold","damage_taken":0,"max_hp_gain":0,"max_hp_loss":0,"event_name":"Beggar","floor":20,"gold_loss":75}],"is_beta":false,"boss_relics":[{"not_picked":["Philosopher\u0027s Stone","SlaversCollar"],"picked":"Ring of the Serpent"}],"items_purged_floors":[19],"is_endless":false,"potions_floor_spawned":[1,5,21],"killed_by":"3 Byrds","ascension_level":0}}