{"host":"hc8xbdd8p6sd75vx","time":1608286515,"event":{"mods":["AchievementEnabler","AlwaysNeverKeys","BaseMod","Better Altar","Better Match","Better Sensory Stone","Better Skull","Better Third Choice","Colored Map","Hermit","Minty Spire (QoL Compilation)","Quick Restart","Shade Mod","Shop Mod","Spicy Shops","StSLib","The Servant 0.9.4"],"gold_per_floor":[117,117,134,150,150,150,185,195,195,117,137,312,312,323,323,422,422,442,458,30,0,225,225,244,244,267,301,58,58,77,91,91,194,194,206,0,0,18,36,36,52,85,111,131,131,131,143,163,163,163,163,163,73,103,103,103],"floor_reached":55,"playtime":3084,"items_purged":["Doubt"],"score":831,"play_id":"f2629c2a-b2ae-49ad-90f4-317fab0f3949","local_time":"20201218021515","is_ascension_mode":true,"campfire_choices":[{"data":"Shade:Trample","floor":6,"key":"SMITH"},{"data":"Shade:PotionOfRestlessness","floor":15,"key":"SMITH"},{"floor":23,"key":"REST"},{"data":"Shade:AuraOfUnlife","floor":25,"key":"SMITH"},{"floor":29,"key":"REST"},{"floor":32,"key":"REST"},{"floor":40,"key":"REST"},{"floor":49,"key":"REST"},{"data":"Shade:ClawBack","floor":52,"key":"SMITH"}],"circlet_count":0,"master_deck":["Shade:Strike_Shade","Shade:Strike_Shade","Shade:Strike_Shade","Shade:Strike_Shade","Shade:Defend_Shade","Shade:Defend_Shade","Shade:Defend_Shade","Shade:Defend_Shade","Shade:AnimateDead","Shade:CarefulCut","Shade:FleshToFlesh","Shade:FleshToFlesh","Shade:Trample+1","Apotheosis+1","Shade:Trample","Shade:BoneShards","Shade:PotionOfRestlessness+1","Shade:AuraOfUnlife+1","Shade:FreshBones","Shade:OfferingToTheBeyond+1","Shade:FleshToFlesh","Shade:CommandSoldier","Shade:Carnophage+1","Shade:Bonestorm","Shade:AuraOfUnlife+1","Panache+1","Shade:ClawBack+1","Shade:TouchOfTheGrave+1","Shade:SpectralStrikes+1","Shade:OpenGraves+1","Shade:Trample+1","Shade:SensePrey+1","Shade:SensePrey+1","Shade:CoffinDance+1","Shade:StitchTogether+1","Shade:Trample+1","Shade:AuraOfUnlife+1","Shade:CloudOfShrapnel","Shade:DangerousRitual"],"relics":["Shade:YorickPolishedSkull","NeowsBlessing","Nunchaku","Tiny Chest","Frozen Egg 2","Philosopher\u0027s Stone","Membership Card","Mummified Hand","Shuriken","Oddly Smooth Stone","InkBottle","TheAbacus","TungstenRod","Bottled Tornado","Mango","Akabeko","Kunai","Blood Vial","Blue Candle","Bag of Marbles","Vajra","Bird Faced Urn"],"acts_visited":["Exordium","TheCity","TheBeyond","TheEnding"],"potions_floor_usage":[7,7,11,19,24,33,41,44,54,55],"damage_taken":[{"damage":0,"enemies":"Small Slimes","floor":1,"turns":1},{"damage":0,"enemies":"2 Louse","floor":3,"turns":1},{"damage":0,"enemies":"Jaw Worm","floor":4,"turns":1},{"damage":0,"enemies":"Gremlin Nob","floor":7,"turns":3},{"damage":0,"enemies":"Red Slaver","floor":8,"turns":3},{"damage":0,"enemies":"Large Slime","floor":11,"turns":3},{"damage":7,"enemies":"Exordium Wildlife","floor":14,"turns":6},{"damage":21,"enemies":"The Guardian","floor":16,"turns":10},{"damage":14,"enemies":"Chosen","floor":18,"turns":9},{"damage":4,"enemies":"Shell Parasite","floor":19,"turns":5},{"damage":2,"enemies":"Snake Plant","floor":24,"turns":5},{"damage":37,"enemies":"Book of Stabbing","floor":27,"turns":6},{"damage":0,"enemies":"Centurion and Healer","floor":30,"turns":6},{"damage":0,"enemies":"Snecko","floor":31,"turns":5},{"damage":13,"enemies":"Champ","floor":33,"turns":7},{"damage":6,"enemies":"Orb Walker","floor":35,"turns":2},{"damage":8,"enemies":"3 Shapes","floor":38,"turns":4},{"damage":0,"enemies":"Jaw Worm Horde","floor":39,"turns":3},{"damage":0,"enemies":"Maw","floor":41,"turns":5},{"damage":30,"enemies":"Reptomancer","floor":42,"turns":4},{"damage":0,"enemies":"4 Shapes","floor":44,"turns":3},{"damage":17,"enemies":"Writhing Mass","floor":47,"turns":4},{"damage":0,"enemies":"Jaw Worm Horde","floor":48,"turns":2},{"damage":14,"enemies":"Donu and Deca","floor":50,"turns":5},{"damage":59,"enemies":"Shield and Spear","floor":54,"turns":5},{"damage":48,"enemies":"The Heart","floor":55,"turns":2}],"seed_played":"196527953887823641","potions_obtained":[{"floor":3,"key":"PowerPotion"},{"floor":4,"key":"DistilledChaos"},{"floor":7,"key":"LiquidMemories"},{"floor":14,"key":"Strength Potion"},{"floor":18,"key":"Block Potion"},{"floor":19,"key":"DistilledChaos"},{"floor":31,"key":"DistilledChaos"},{"floor":38,"key":"Fire Potion"},{"floor":42,"key":"PowerPotion"},{"floor":47,"key":"Energy Potion"},{"floor":54,"key":"DistilledChaos"}],"is_trial":false,"path_per_floor":["M","?","M","M","?","R","E","M","T","$","M","?","T","M","R","B",null,"M","M","$","?","?","R","M","R","T","E","$","R","M","M","R","B",null,"M","$","T","M","M","R","M","E","T","M","T","?","M","M","R","B",null,"R","$","E","B"],"character_chosen":"SHADE","items_purchased":["Shade:PotionOfRestlessness","Membership Card","Mummified Hand","Shade:Carnophage+1","Shuriken","Panache+1","Shade:ClawBack","Shade:TouchOfTheGrave+1","TheAbacus","TungstenRod","Bottled Tornado","Mango","Shade:AuraOfUnlife+1","Vajra","Shade:CloudOfShrapnel"],"campfire_rested":5,"item_purchase_floors":[10,20,20,20,20,28,28,28,28,36,36,36,53,53,53],"current_hp_per_floor":[65,65,65,65,65,65,65,65,65,65,65,65,65,58,58,37,65,51,47,47,47,33,52,50,50,50,13,13,32,32,32,51,38,65,59,73,73,65,65,79,79,49,49,51,51,51,36,38,61,49,79,79,79,20,0,0],"gold":103,"neow_bonus":"THREE_ENEMY_KILL","is_daily":false,"chose_seed":false,"campfire_upgraded":4,"win_rate":0.0,"timestamp":1608286515,"path_taken":["M","?","M","M","?","R","E","M","T","?","?","?","?","M","R","BOSS","M","M","$","?","?","R","?","R","T","E","$","R","M","M","R","BOSS","M","$","?","M","?","R","?","E","T","?","?","?","?","M","R","BOSS","R","$","E","BOSS"],"items_purchased_type":["Card","Relic","Relic","Card","Relic","Card","Card","Card","Relic","Relic","Relic","Relic","Card","Relic","Card"],"build_version":"2020-12-13","purchased_purges":1,"victory":false,"max_hp_per_floor":[65,65,65,65,65,65,65,65,65,65,65,65,65,65,65,65,65,65,65,65,65,65,65,65,65,65,65,65,65,65,65,65,65,65,65,79,79,79,79,79,79,79,79,79,79,79,79,79,79,79,79,79,79,79,79,79],"card_choices":[{"not_picked":["Shade:PressTheAttack","Shade:FeralStrike"],"picked":"Shade:FleshToFlesh","floor":1},{"not_picked":["Shade:Frenzy","Shade:FuneraryArmor"],"picked":"Shade:FleshToFlesh","floor":3},{"not_picked":["Shade:Frenzy","Shade:ClawBack"],"picked":"Shade:Trample","floor":4},{"not_picked":["Shade:CallWraith","Shade:OfferingToTheBeyond"],"picked":"Shade:Trample","floor":7},{"not_picked":["Shade:AncientSpear","Shade:Asphyxiate"],"picked":"Shade:BoneShards","floor":8},{"not_picked":["Shade:Bonestorm","Shade:DangerousRitual"],"picked":"Shade:AuraOfUnlife","floor":11},{"not_picked":["Shade:GreyBargain","Shade:FingerOfDeath"],"picked":"Shade:FreshBones","floor":14},{"not_picked":["Shade:UnbarTheGrave","Shade:LastGasp"],"picked":"Shade:OfferingToTheBeyond+1","floor":16},{"not_picked":["Shade:FingerOfDeath","Shade:RitualOffering"],"picked":"Shade:FleshToFlesh","floor":18},{"not_picked":["Shade:ExtraLimbs+1","Shade:FleshToFlesh"],"picked":"Shade:CommandSoldier","floor":19},{"not_picked":["Shade:AncientSpear+1","Shade:GraveStillness+1"],"picked":"Shade:Bonestorm","floor":24},{"not_picked":["Shade:CallOfTheGrave+1","Shade:CoffinDance"],"picked":"Shade:AuraOfUnlife+1","floor":27},{"not_picked":["Shade:FuneraryArmor","Shade:Premonition"],"picked":"Shade:SpectralStrikes+1","floor":30},{"not_picked":["Shade:FingerOfDeath+1","Shade:Frenzy"],"picked":"Shade:OpenGraves+1","floor":31},{"not_picked":["Shade:FuneraryArmor","Shade:GraveStillness+1"],"picked":"Shade:Trample+1","floor":35},{"not_picked":["Shade:RitualOffering+1","Shade:FreshBones+1"],"picked":"Shade:SensePrey+1","floor":38},{"not_picked":["Shade:BoneShards+1","Shade:ClawBack+1"],"picked":"Shade:SensePrey+1","floor":39},{"not_picked":["Shade:OminousRitual","Shade:GraveStillness","Shade:Frenzy+1"],"picked":"SKIP","floor":41},{"not_picked":["Shade:FeralStrike+1","Shade:WallOfFlesh","Shade:FuneraryArmor+1"],"picked":"SKIP","floor":42},{"not_picked":["Shade:Brains","Shade:AncientSpear+1"],"picked":"Shade:CoffinDance+1","floor":44},{"not_picked":["Shade:FleshToFlesh+1","Shade:SkeletonHug+1"],"picked":"Shade:StitchTogether+1","floor":47},{"not_picked":["Shade:Tombstone","Shade:FleshOffering"],"picked":"Shade:Trample+1","floor":48},{"not_picked":["Shade:SkeletonHug+1","Shade:ClawBack"],"picked":"Shade:DangerousRitual","floor":54}],"player_experience":221532,"relics_obtained":[{"floor":7,"key":"Nunchaku"},{"floor":9,"key":"Tiny Chest"},{"floor":13,"key":"Frozen Egg 2"},{"floor":26,"key":"Oddly Smooth Stone"},{"floor":27,"key":"InkBottle"},{"floor":37,"key":"Akabeko"},{"floor":42,"key":"Kunai"},{"floor":43,"key":"Blood Vial"},{"floor":45,"key":"Blue Candle"},{"floor":54,"key":"Bird Faced Urn"}],"event_choices":[{"damage_healed":0,"gold_gain":0,"player_choice":"Leave","damage_taken":0,"max_hp_gain":0,"max_hp_loss":0,"event_name":"The Cleric","floor":2,"gold_loss":0},{"damage_healed":65,"gold_gain":0,"player_choice":"Embrace","damage_taken":0,"max_hp_gain":0,"max_hp_loss":65,"event_name":"betterThird:BetterShining","floor":5,"gold_loss":0},{"damage_healed":0,"gold_gain":175,"player_choice":"AGREE","damage_taken":137,"max_hp_gain":0,"max_hp_loss":0,"event_name":"betterThird:BetterSerpent","floor":12,"gold_loss":0},{"damage_healed":0,"gold_gain":0,"player_choice":"Paid Fearfully","damage_taken":0,"max_hp_gain":0,"max_hp_loss":0,"event_name":"Masked Bandits","floor":21,"gold_loss":30},{"damage_healed":0,"gold_gain":225,"player_choice":"GO GO ","damage_taken":16,"relics_obtained":[],"max_hp_gain":0,"max_hp_loss":0,"event_name":"betterSkull:BetterSkull","floor":22,"gold_loss":0,"cards_upgraded":[]},{"damage_healed":0,"gold_gain":0,"player_choice":"Gave Potion","damage_taken":0,"relics_obtained":["Bag of Marbles"],"max_hp_gain":0,"max_hp_loss":0,"event_name":"WeMeetAgain","floor":46,"gold_loss":0}],"is_beta":false,"boss_relics":[{"not_picked":["Pandora\u0027s Box","Runic Dome"],"picked":"Philosopher\u0027s Stone"},{"not_picked":["Empty Cage","SlaversCollar"],"picked":"Shade:YorickPolishedSkull"}],"items_purged_floors":[28],"is_endless":false,"potions_floor_spawned":[3,4,7,14,18,19,31,38,42,47,54],"killed_by":"The Heart","ascension_level":1}}