{"host":"irqpc5dtltfquxh7","time":1608316134,"event":{"mods":["2.2 Compatiblity","AchievementEnabler","Act Like it!","Ascension Reborn","Aspiration","BaseMod","Better Third Choice","CapriCore","Colored Map","Colored Powertips","Conspire","Friendly Minions","Halation","Highlight Path","Hubris","Infinite Spire","Jedi Mod","Minty Spire (QoL Compilation)","MostiFishMod","Permanent Neow","Replay The Spire","Shop Mod","Spicy Shops","Spikes Relics","StSLib","Strawberry Spire","The Necromancer","Unknown Chances","Waifu the Spire","vexMod"],"gold_per_floor":[-1286,-1273,-1273,-1260,-1244,-1213,-1213,-1180,-1180,-1180,-1180,-1080,-1069,-955,-955,-852,-852,11,11,28,40,56,91,91,91,115,115,55,101,213,233,233,334,334,354,403,117,132,132,164,164,164,298,316,395,395,409,9,29,29,29,131,131,133,83,114,101,108,123,123,126,150,150,158,158,150,151,151,222,222,221,211,57,53,44,45,23,27,27,28,35,53,48,198,198,261,261,259,259,259,264,264,264,264,135,135,134,115,103,87,87,87,154,154,157,272,272,272,272,272,284,296,322,339,342,336,325,325,325,399,399,406,406,413,406,399,399,410,387,461,446,432,432,432,435,435,518,530,546,558,570,582,596,608,628,640,652,659,681,664,422,412,412,381,381,381,286,292,404],"floor_reached":160,"playtime":8068,"items_purged":["Strike_W","MostiFishMod:FrostNova","Strike_W","Strike_W","Defend_W+1","Defend_W+1","Negative_Energy_Arrows+1","Bone_Wall+1","MostiFishMod:WinterMarkForm","Siphon_Strength+1","Siphon_Strength+1","Siphon_Strength+1","Siphon_Strength","Bone_Armor+1"],"score":4700,"play_id":"1ea680fb-f7a7-488e-8726-fc764dadb9a7","local_time":"20201219002854","is_ascension_mode":false,"campfire_choices":[{"data":"Regret","floor":7,"key":"SMITH"},{"data":"Siphon_Strength","floor":15,"key":"SMITH"},{"data":"Bone_Bullets","floor":24,"key":"SMITH"},{"data":"Uncharnel","floor":27,"key":"SMITH"},{"data":"Bone_Armor","floor":32,"key":"SMITH"},{"data":"Summon_Undead_Army","floor":51,"key":"SMITH"},{"data":"hubris:NaturalOne","floor":60,"key":"SMITH"},{"data":"Summon_Lich","floor":63,"key":"SMITH"},{"data":"Bone_Bullets","floor":65,"key":"SMITH"},{"floor":68,"key":"DIG"},{"data":"Summon_Undead_Army","floor":85,"key":"SMITH"},{"data":"Summon_Lich","floor":93,"key":"SMITH"},{"data":"Summon_Lich","floor":102,"key":"SMITH"},{"data":"Spectral_Armor","floor":110,"key":"SMITH"},{"data":"Summon_Undead","floor":119,"key":"SMITH"},{"data":"Summon_Undead","floor":127,"key":"SMITH"},{"data":"infinitespire:Gouge","floor":133,"key":"SMITH"},{"floor":136,"key":"DIG"},{"data":"Bone_Armory","floor":144,"key":"SMITH"},{"data":"Bone_Bullets","floor":146,"key":"SMITH"},{"data":"Summon_Undead_Army","floor":153,"key":"SMITH"},{"data":"Bone_Bullets","floor":156,"key":"SMITH"}],"circlet_count":0,"master_deck":["Uncharnel+1","Spectral_Walk","Spectral_Walk+1","Bone_Armor+1","Bone_Armor+1","Bone_Bullets+1","Grasp_Heart+1","Bone_Armory+1","Summon_Lich+1","Bone_Armory+1","Summon_Undead_Army+1","Summon_Death_Knight+1","Summon_Death_Knight+1","Bone_Armor+1","Bone_Bullets+1","Summon_Lich+1","Bones_to_Steel+1","Summon_Undead_Army+1","Bone_Bullets+1","Spectral_Armor+1","Spectral_Walk","Bone_Shift","Summon_Lich+1","Bone_Bullets+1","Skeleton_Dragon+1","Summon_Undead+1","Summon_Undead+1","Skeleton_Dragon+1","Bone_Armory+1","infinitespire:Gouge+1","Bone_Bullets+1","Summon_Vampire_Lady+1","Summon_Lich+1","Summon_Vampire_Lady+1","Summon_Vampire_Lady+1","Summon_Vampire_Lady+1","Summon_Vampire_Lady+1","Summon_Vampire_Lady+1","Summon_Undead_Army+1","Summon_Undead_Army","Skeleton_Dragon+1"],"relics":["Vampire_Amulet","DaveBox","SynthV:MejaisSoulstealer","Question Card","halation:PrussianBluePaint","SpikesRelics:DaevaFist","hubris:Icosahedron","ImportantClient","FeatherPendant","Replay:Rubber Ducky","SnailShell","Smiling Mask","FrostBlade","BionicSphere","MerchantsRug","BrkXgEgg","Pen Nib","Replay:Wax Seal","Mummified Hand","Membership Card","ThornShield","vexMod:Dragonfruit","Replay:Ringing Soul","vexMod:MemoryStick","halation:Prosthetics","infinitespire:EmpoweringShard","RoseTintedShades","JellyFishMachine","ReplayTheSpireMod:Ring of Collecting","hubris:TenFootPole","hubris:CrystalStatue","Gremlin Horn","hubris:Reverence","Pear","jedi:cryingmask","hubris:MysteriousPyramids","ExusiaiGun","jedi:Pinwheel","infinitespire:Lucky Rock","Ring of Peace","Toxic Egg 2","BirthdayGift-Icosahedron","Chameleon Ring","infinitespire:ShieldingShard","Mirror","halation:PromiseList","halation:IllGainedPizza","ShadowXiaoBlade","hubris:GlazedTorus","jedi:heavyjacket","Oddly Smooth Stone"],"acts_visited":["Exordium","TheCity","TheBeyond","Exordium","TheCity","TheBeyond","Exordium","TheCity","TheBeyond","TheEnding"],"potions_floor_usage":[6,13,16,20,33,33,33,38,43,49,49,52,69,69,82,94,98,100,111,117,120],"damage_taken":[{"damage":0,"enemies":"conspire:RoseBush","floor":1,"turns":4},{"damage":0,"enemies":"Jaw Worm","floor":2,"turns":2},{"damage":0,"enemies":"Cultist","floor":4,"turns":2},{"damage":1,"enemies":"Blue Slaver","floor":5,"turns":3},{"damage":1,"enemies":"Gremlin Nob","floor":6,"turns":4},{"damage":6,"enemies":"strawberrySpire:EnergyPylons","floor":8,"turns":4},{"damage":0,"enemies":"conspire:2 RoseBushes","floor":13,"turns":3},{"damage":0,"enemies":"Red Slaver","floor":14,"turns":2},{"damage":16,"enemies":"Slime Boss","floor":16,"turns":5},{"damage":0,"enemies":"2 Thieves","floor":18,"turns":4},{"damage":0,"enemies":"3 Byrds","floor":20,"turns":3},{"damage":0,"enemies":"Snake Plant","floor":21,"turns":3},{"damage":0,"enemies":"3 Cultists","floor":22,"turns":3},{"damage":0,"enemies":"Nightmare","floor":23,"turns":4},{"damage":0,"enemies":"Shelled Parasite and Fungi","floor":30,"turns":2},{"damage":0,"enemies":"Snake Plant","floor":31,"turns":3},{"damage":0,"enemies":"Collector","floor":33,"turns":4},{"damage":10,"enemies":"3 Darklings","floor":35,"turns":3},{"damage":0,"enemies":"2 Orb Walkers","floor":36,"turns":2},{"damage":0,"enemies":"Orb Walker","floor":38,"turns":2},{"damage":0,"enemies":"Reptomancer","floor":40,"turns":3},{"damage":0,"enemies":"Nemesis","floor":43,"turns":3},{"damage":0,"enemies":"3 Darklings","floor":44,"turns":3},{"damage":0,"enemies":"Sphere and 2 Shapes","floor":47,"turns":3},{"damage":0,"enemies":"Spire Growth","floor":49,"turns":2},{"damage":0,"enemies":"hubris:GrandSnecko","floor":52,"turns":3},{"damage":0,"enemies":"2 Louse","floor":54,"turns":1},{"damage":0,"enemies":"Small Slimes","floor":57,"turns":2},{"damage":0,"enemies":"Jaw Worm","floor":58,"turns":1},{"damage":0,"enemies":"Gremlin Nob","floor":59,"turns":2},{"damage":0,"enemies":"Exordium Thugs","floor":61,"turns":2},{"damage":0,"enemies":"2 Fungi Beasts","floor":64,"turns":1},{"damage":0,"enemies":"Large Slime","floor":66,"turns":3},{"damage":0,"enemies":"Exordium Thugs","floor":67,"turns":1},{"damage":0,"enemies":"Hexaghost","floor":69,"turns":2},{"damage":0,"enemies":"Shell Parasite","floor":71,"turns":2},{"damage":0,"enemies":"Chosen","floor":72,"turns":2},{"damage":0,"enemies":"Shelled Parasite and Fungi","floor":74,"turns":2},{"damage":0,"enemies":"Snake Plant","floor":75,"turns":2},{"damage":0,"enemies":"Nightmare","floor":76,"turns":2},{"damage":0,"enemies":"Centurion and Healer","floor":77,"turns":3},{"damage":0,"enemies":"Sentry and Sphere","floor":78,"turns":2},{"damage":0,"enemies":"Slavers","floor":80,"turns":3},{"damage":0,"enemies":"Snecko","floor":81,"turns":3},{"damage":1,"enemies":"Gremlin Leader","floor":82,"turns":3},{"damage":0,"enemies":"Shelled Parasite and Fungi","floor":83,"turns":3},{"damage":0,"enemies":"Automaton","floor":86,"turns":3},{"damage":0,"enemies":"3 Darklings","floor":88,"turns":2},{"damage":0,"enemies":"Orb Walker","floor":91,"turns":1},{"damage":0,"enemies":"Nightmare","floor":94,"turns":4},{"damage":0,"enemies":"Jaw Worm Horde","floor":97,"turns":3},{"damage":0,"enemies":"3 Darklings","floor":98,"turns":4},{"damage":0,"enemies":"Writhing Mass","floor":99,"turns":3},{"damage":0,"enemies":"Sphere and 2 Shapes","floor":100,"turns":2},{"damage":0,"enemies":"Reptomancer","floor":101,"turns":3},{"damage":0,"enemies":"Time Eater","floor":103,"turns":3},{"damage":0,"enemies":"2 Louse","floor":105,"turns":3},{"damage":0,"enemies":"3 Sentries","floor":111,"turns":2},{"damage":0,"enemies":"Jaw Worm","floor":112,"turns":1},{"damage":0,"enemies":"Gremlin Nob","floor":114,"turns":1},{"damage":0,"enemies":"Cultist","floor":115,"turns":2},{"damage":0,"enemies":"2 Fungi Beasts","floor":116,"turns":2},{"damage":0,"enemies":"Nightmare","floor":117,"turns":3},{"damage":0,"enemies":"Slime Boss","floor":120,"turns":4},{"damage":0,"enemies":"Spheric Guardian","floor":122,"turns":2},{"damage":0,"enemies":"Shell Parasite","floor":124,"turns":2},{"damage":0,"enemies":"Sentry and Sphere","floor":125,"turns":2},{"damage":0,"enemies":"Centurion and Healer","floor":126,"turns":2},{"damage":0,"enemies":"Snecko","floor":128,"turns":1},{"damage":65,"enemies":"Nightmare_Alpha","floor":129,"turns":5},{"damage":0,"enemies":"Cultist and Chosen","floor":131,"turns":3},{"damage":0,"enemies":"Snake Plant","floor":132,"turns":3},{"damage":0,"enemies":"3 Cultists","floor":135,"turns":2},{"damage":0,"enemies":"conspire:MysteriousRune","floor":137,"turns":2},{"damage":0,"enemies":"Orb Walker","floor":139,"turns":1},{"damage":0,"enemies":"3 Darklings","floor":143,"turns":1},{"damage":0,"enemies":"Nightmare","floor":145,"turns":2},{"damage":0,"enemies":"Writhing Mass","floor":148,"turns":1},{"damage":0,"enemies":"Reptomancer","floor":149,"turns":1},{"damage":0,"enemies":"Transient","floor":150,"turns":4},{"damage":0,"enemies":"Spire Growth","floor":152,"turns":2},{"damage":0,"enemies":"infinitespire:LordOfFortification","floor":154,"turns":9},{"damage":0,"enemies":"Shield and Spear","floor":158,"turns":2},{"damage":0,"enemies":"The Heart","floor":159,"turns":5}],"seed_played":"7938736027145333050","potions_obtained":[{"floor":1,"key":"SpeedPotion"},{"floor":8,"key":"jedi:StrikingPotion"},{"floor":16,"key":"Venom Potion"},{"floor":20,"key":"Fruit Juice"},{"floor":21,"key":"PowerPotion"},{"floor":30,"key":"FearPotion"},{"floor":33,"key":"BlessingOfTheForge"},{"floor":35,"key":"Explosive Potion"},{"floor":36,"key":"DistilledChaos"},{"floor":43,"key":"Venom Potion"},{"floor":47,"key":"SpeedPotion"},{"floor":52,"key":"AttackPotion"},{"floor":54,"key":"PowerPotion"},{"floor":59,"key":"LiquidMemories"},{"floor":67,"key":"Elixir"},{"floor":69,"key":"AttackPotion"},{"floor":74,"key":"jedi:StrikingPotion"},{"floor":78,"key":"Block Potion"},{"floor":82,"key":"AttackPotion"},{"floor":86,"key":"Block Potion"},{"floor":88,"key":"Dexterity Potion"},{"floor":91,"key":"SpeedPotion"},{"floor":97,"key":"SteroidPotion"},{"floor":99,"key":"Swift Potion"},{"floor":103,"key":"SkillPotion"},{"floor":111,"key":"jedi:wingpotion"},{"floor":112,"key":"ColorlessPotion"},{"floor":117,"key":"AttackPotion"},{"floor":120,"key":"Strength Potion"},{"floor":122,"key":"Adrenaline Potion"},{"floor":124,"key":"Regen Potion"},{"floor":131,"key":"SneckoOil"},{"floor":149,"key":"SkillPotion"},{"floor":152,"key":"Regen Potion"},{"floor":154,"key":"Strength Potion"},{"floor":159,"key":"Adrenaline Potion"}],"is_trial":false,"path_per_floor":["M","M","?","M","M","E","R","E","T","?","$","?","M","M","R","B",null,"M","?","M","M","M","NM","R","?","T","R","$","T","M","M","R","B",null,"M","?","$","M","AVR","E","PTL","PTL","E","M","T","?","M","$","M","?","R","B",null,"M","?","$","M","M","E","R","M","T","R","M","R","M","M","R_BF","B",null,"M","M","$","M","M","NM","M","M","T","E","M","E","M","$","R","B",null,"M","?","?","M","?","R","NM","$","T","M","M","M","M","E","R","B",null,"M","$","?","?","?","R","E","M","T","E","M","M","NM","?","R","B",null,"M","?","M","M","M","R","M","NM","T","M","M","R","?","M","R_BF","B",null,"M","?","?","T","M","R","NM","R","T","M","E","M","$","M","R","B",null,"R","$","E","B",null],"character_chosen":"NECROMANCER","items_purchased":["MerchantsRug","Summon_Lich","BrkXgEgg","Membership Card","Summon_Undead_Army","ThornShield","vexMod:Dragonfruit","Whetstone","Summon_Lich","strawberrySpire:KineticCharger","hubris:TenFootPole","strawberrySpire:BrokenPrinter","strawberrySpire:Treaders","halation:IllGainedPizza","Summon_Undead_Army","hubris:GlazedTorus","jedi:heavyjacket","Summon_Undead_Army"],"campfire_rested":0,"item_purchase_floors":[37,37,37,48,48,48,48,73,73,95,95,151,151,151,151,157,157,157],"current_hp_per_floor":[75,75,75,75,75,75,75,71,71,71,71,71,75,75,75,65,75,75,75,80,80,80,80,80,80,80,80,80,80,80,80,80,80,80,72,76,76,78,78,80,80,80,80,80,80,80,80,85,85,85,85,85,85,85,85,85,85,85,85,85,85,85,85,88,88,88,91,91,91,56,56,56,59,59,62,65,65,68,68,68,71,74,74,74,74,74,74,74,74,74,74,74,74,77,77,77,80,83,86,89,89,89,92,92,92,92,92,84,75,75,94,99,99,101,103,108,108,108,108,111,111,114,114,114,114,114,114,114,54,54,61,75,75,75,81,81,86,123,123,123,123,123,123,123,123,123,123,126,126,126,134,134,134,134,134,134,142,142,145],"gold":404,"neow_bonus":"UPGRADE_CARD","is_daily":false,"chose_seed":false,"campfire_upgraded":20,"win_rate":0.0,"timestamp":1608316134,"path_taken":["M","M","?","M","M","E","R","E","T","?","$","?","M","?","R","BOSS","M","?","?","M","M","NM","R","?","T","R","?","?","M","?","R","BOSS","M","?","$","M","AVR","E","PTL","PTL","E","M","T","?","?","?","M","?","R","BOSS","M","?","?","?","M","E","R","M","T","R","M","R","M","M","R_BF","BOSS","M","M","$","M","M","NM","M","M","T","E","M","E","?","$","R","BOSS","M","?","?","M","?","R","NM","$","T","M","M","?","M","E","R","BOSS","M","$","?","?","?","R","E","M","T","E","?","M","NM","?","R","BOSS","M","?","M","M","?","R","M","NM","T","M","M","R","?","M","R_BF","BOSS","M","?","?","?","M","R","NM","R","T","M","E","?","$","M","R","BOSS","R","$","E","BOSS"],"items_purchased_type":["Relic","Card","Relic","Relic","Card","Relic","Relic","Relic","Card","Relic","Relic","Relic","Relic","Relic","Card","Relic","Relic","Card"],"build_version":"2020-12-13","purchased_purges":14,"victory":true,"max_hp_per_floor":[75,75,75,75,75,75,75,75,75,75,75,75,75,75,75,75,75,75,75,80,80,80,80,80,80,80,80,80,80,80,80,80,80,80,80,80,80,80,80,80,80,80,80,80,80,80,80,85,85,85,85,85,85,85,85,85,85,85,85,85,85,85,85,88,88,88,91,91,91,56,56,56,59,59,62,65,65,68,68,68,71,74,74,74,74,74,74,74,74,74,74,74,74,77,77,77,80,83,86,89,89,89,92,92,92,92,92,92,92,92,105,108,108,108,108,108,108,108,108,111,111,114,114,114,114,114,114,114,117,117,120,120,120,120,120,120,123,123,123,123,123,123,123,123,123,123,123,126,126,126,134,134,134,134,134,134,142,142,145],"card_choices":[{"not_picked":["Vampiric_Strike","Necromantic_Selection","Chill_Blood"],"picked":"SKIP","floor":1},{"not_picked":["Negative_Energy_Mist","Slay_Living","Death_Knell"],"picked":"Siphon_Strength","floor":2},{"not_picked":["Finger_Of_Death","Bone_Bullets","Toxic_Smoke_Screen"],"picked":"Uncharnel","floor":4},{"not_picked":["Shackles_Of_Pain","Shade_Step","Life_Tap","Vampiric_Strike"],"picked":"SKIP","floor":5},{"not_picked":["Blood_Whip","Necrotic_Claws","Life_Drain"],"picked":"Bone_Armor","floor":6},{"not_picked":["Reap_The_Weak","Blood_Curse","Death_March_Dance"],"picked":"Spectral_Walk","floor":8},{"not_picked":["Flesh_Made_Foul","Negative_Energy_Mist","Pandemic","Chill_Blood"],"picked":"SKIP","floor":13},{"not_picked":["Acid_Javelin","Blood_Shield","Negative_Energy_Mist"],"picked":"Siphon_Strength","floor":14},{"not_picked":["Corrupt","Bones_to_Steel","Negative_Energy_Shield"],"picked":"Spectral_Walk+1","floor":18},{"not_picked":["Negative_Energy_Sphere","Consume_Illness+1","Blood_Curse"],"picked":"Bone_Armor","floor":20},{"not_picked":["Shackles_Of_Pain+1","Negative_Energy_Bomb","Death_Coil+1","Bone_Shift+1"],"picked":"SKIP","floor":21},{"not_picked":["Negative_Energy_Mist+1","Finger_Of_Death+1","Blood_Whip"],"picked":"Bone_Armor","floor":22},{"not_picked":["Blood_Whip","Vampiric_Strike","Scare+1"],"picked":"Bone_Bullets","floor":23},{"not_picked":["Scare","Thousand_Bone_Knives","Toxic_Smoke_Screen","Death_March_Dance"],"picked":"SKIP","floor":30},{"not_picked":["Negative_Energy_Sphere","Scare","Shackles_Of_Pain","Whirlwind_of_Bones+1"],"picked":"SKIP","floor":31},{"not_picked":["Skeleton_Dragon","Hellfire","Blood_Magic"],"picked":"Grasp_Heart","floor":33},{"not_picked":["Consume_Illness+1","Violent_Necrosis+1","Negative_Energy_Burst+1"],"picked":"Bone_Armory","floor":35},{"not_picked":["Shade_Step","Strike_from_Beyond","Whirlwind_of_Bones","Toxic_Smoke_Screen+1"],"picked":"SKIP","floor":38},{"not_picked":["Corrupt+1","Toxic_Smoke_Screen","Bone_Shift"],"picked":"Bone_Armory+1","floor":40},{"not_picked":["Necromantic_Selection+1","Negative_Energy_Shield","Death_March_Dance","Strike_from_Beyond"],"picked":"SKIP","floor":43},{"not_picked":["Toxic_Smoke_Screen+1","Negative_Energy_Mist","Exploit","Strike_from_Beyond+1"],"picked":"SKIP","floor":44},{"not_picked":["Toxic_Smoke_Screen+1","Death_Coil","Necrotic_Claws","Vampiric_Strike+1"],"picked":"SKIP","floor":47},{"not_picked":["Negative_Energy_Mist","Summon_Undead","Bones_to_Steel+1"],"picked":"Summon_Death_Knight+1","floor":49},{"not_picked":["Hellfire+1","Cloudkill+1","Detonate_Bones+1"],"picked":"Summon_Death_Knight+1","floor":52},{"not_picked":["Stop_Heart","Shackles_Of_Pain","Negative_Energy_Mist"],"picked":"Bone_Armor","floor":54},{"not_picked":["Chill_Blood","Blood_Whip","Violent_Necrosis","Bone_Spikes"],"picked":"SKIP","floor":57},{"not_picked":["Negative_Energy_Javelin","Blood_Whip","Flesh_Made_Foul","Deaths_Shadow"],"picked":"SKIP","floor":58},{"not_picked":["Stop_Heart","Shackles_Of_Pain","Toxic_Smoke_Screen","Blood_Wake+1"],"picked":"SKIP","floor":59},{"not_picked":["Death_March_Dance","Bone_Spikes","Negative_Energy_Shield","Toxic_Smoke_Screen"],"picked":"SKIP","floor":61},{"not_picked":["Bone_Shift","Chill_Blood","Pandemic"],"picked":"Bone_Bullets","floor":64},{"not_picked":["Stop_Heart","Plague_Bolt","Blood_for_Blood","Death_Coil"],"picked":"SKIP","floor":66},{"not_picked":["Shackles_Of_Pain","Death_March_Dance","Negative_Energy_Javelin"],"picked":"Bone_Shift","floor":67},{"not_picked":["Corrupt","Negative_Energy_Shield","Blood_Shield","Scare"],"picked":"SKIP","floor":71},{"not_picked":["Chill_Blood","Blood_for_Blood","Death_March_Dance+1","Blood_Whip+1"],"picked":"SKIP","floor":72},{"not_picked":["Stop_Heart+1","Shackles_Of_Pain","Negative_Energy_Javelin","Violent_Necrosis"],"picked":"SKIP","floor":74},{"not_picked":["Corrupt","Scare","Negative_Energy_Javelin"],"picked":"Bones_to_Steel+1","floor":75},{"not_picked":["Blood_Curse","Pandemic","Consume_Illness"],"picked":"Siphon_Strength","floor":76},{"not_picked":["Scare","Vampiric_Strike","Negative_Energy_Burst+1","Epidemic"],"picked":"SKIP","floor":77},{"not_picked":["Bone_Spikes","Finger_Of_Death+1","Negative_Energy_Javelin"],"picked":"Siphon_Strength","floor":78},{"not_picked":["Strike_from_Beyond","Deaths_Shadow","Negative_Energy_Burst","Shackles_Of_Pain"],"picked":"SKIP","floor":80},{"not_picked":["Scare+1","Blood_Whip","Negative_Energy_Shield"],"picked":"Summon_Undead_Army","floor":81},{"not_picked":["Negative_Energy_Bomb+1","Negative_Energy_Mist+1","Flesh_Made_Foul+1"],"picked":"Bone_Bullets","floor":82},{"not_picked":["Death_Coil","Violent_Necrosis","Blood_Curse+1","Blood_Is_Power"],"picked":"SKIP","floor":83},{"not_picked":["Death_Coil","Corrupt+1","Exploit","Bone_Armor"],"picked":"SKIP","floor":88},{"not_picked":["Corrupt+1","Exploit+1","Negative_Energy_Sphere","Necromantic_Selection"],"picked":"SKIP","floor":91},{"not_picked":["Acid_Javelin","Bone_Bullets+1","Negative_Energy_Mist"],"picked":"Spectral_Armor","floor":94},{"not_picked":["Death_Coil+1","Negative_Energy_Mist","Shackles_Of_Pain"],"picked":"Spectral_Walk","floor":97},{"not_picked":["Negative_Energy_Bomb+1","Bone_Bullets+1","Shade_Step"],"picked":"Bone_Shift","floor":98},{"not_picked":["Bones_to_Steel","Violent_Necrosis+1","Negative_Energy_Sphere"],"picked":"Summon_Lich","floor":99},{"not_picked":["Siphon_Strength","Scare+1","Bone_Spikes+1"],"picked":"Bone_Bullets","floor":100},{"not_picked":["Grasp_Heart+1","Blood_Curse+1","Bone_Armor","Chill_Blood"],"picked":"SKIP","floor":101},{"not_picked":["Reap_The_Weak+1","Hellfire+1","Requiem+1"],"picked":"Skeleton_Dragon+1","floor":103},{"not_picked":["Vampiric_Strike","Negative_Energy_Sphere","Bone_Armor","Death_Coil"],"picked":"SKIP","floor":105},{"not_picked":["Acid_Javelin","Necromantic_Selection","Bone_Prison"],"picked":"Summon_Undead","floor":111},{"not_picked":["Scare","Consume_Illness","Negative_Energy_Shield"],"picked":"Summon_Undead","floor":112},{"not_picked":["Shackles_Of_Pain","Finger_Of_Death","Siphon_Strength","Blood_Wake+1"],"picked":"SKIP","floor":114},{"not_picked":["Stop_Heart","Finger_Of_Death","Negative_Energy_Sphere","Death_Coil"],"picked":"SKIP","floor":115},{"not_picked":["Negative_Energy_Javelin","Negative_Energy_Sphere","Bone_Spikes","Stop_Heart"],"picked":"SKIP","floor":116},{"not_picked":["Exploit","Negative_Energy_Shield","Death_March_Dance","Life_Drain"],"picked":"SKIP","floor":117},{"not_picked":["Reap_The_Weak+1","Cloudkill+1","Hellfire+1"],"picked":"Skeleton_Dragon+1","floor":120},{"not_picked":["Negative_Energy_Javelin","Bone_Spikes","Bone_Armor"],"picked":"Bone_Armory+1","floor":122},{"not_picked":["Chill_Blood","Bone_Armor","Bone_Spikes","Scare"],"picked":"SKIP","floor":124},{"not_picked":["Chill_Blood+1","Whirlwind_of_Bones","Scare","Violent_Necrosis+1"],"picked":"SKIP","floor":125},{"not_picked":["Consume_Illness+1","Bones_to_Steel","Negative_Energy_Sphere","Negative_Energy_Mist+1"],"picked":"SKIP","floor":126},{"not_picked":["Toxic_Smoke_Screen","Life_Tap","Bones_to_Steel","Grasp_Heart+1"],"picked":"SKIP","floor":128},{"not_picked":["infinitespire:TheBestDefense","hubris:InfiniteBlow+2"],"picked":"infinitespire:Gouge","floor":129},{"not_picked":["Finger_Of_Death","Scare","Epidemic","Negative_Energy_Mist"],"picked":"SKIP","floor":129},{"not_picked":["Exploit","Death_March_Dance","Flesh_Made_Foul"],"picked":"Bone_Bullets","floor":131},{"not_picked":["Blood_Curse+1","Bones_to_Steel+1","Blood_Whip+1","Consume_Illness+1"],"picked":"SKIP","floor":132},{"not_picked":["Finger_Of_Death","Toxic_Smoke_Screen+1","Bone_Spikes","Bone_Bullets"],"picked":"SKIP","floor":135},{"not_picked":["Grasp_Heart+1","Reap_The_Weak+1","Skeleton_Dragon+1"],"picked":"Summon_Vampire_Lady+1","floor":137},{"not_picked":["Strike_from_Beyond+1","Deaths_Shadow","Acid_Javelin","Death_Knell"],"picked":"SKIP","floor":139},{"not_picked":["Bone_Armor+1","Negative_Energy_Shield+1","Vampiric_Strike","Blood_Whip"],"picked":"SKIP","floor":143},{"not_picked":["Thousand_Bone_Knives+1","Deaths_Shadow+1","Reap_The_Weak+1","Negative_Energy_Sphere+1"],"picked":"SKIP","floor":145},{"not_picked":["Negative_Energy_Sphere+1","Blood_Curse+1","Bone_Spikes+1"],"picked":"Summon_Lich+1","floor":148},{"not_picked":["Chill_Blood+1","Death_Knell","Bone_Shift+1","Deaths_Shadow+1"],"picked":"SKIP","floor":149},{"not_picked":["Consume_Illness+1","Negative_Energy_Shield+1","Uncharnel+1","Shackles_Of_Pain+1"],"picked":"SKIP","floor":150},{"not_picked":["Violent_Necrosis+1","Finger_Of_Death","Pandemic+1","Bone_Armor+1"],"picked":"SKIP","floor":152},{"not_picked":["Scare+1","Blood_Is_Power+1","Bone_Shift+1","Strike_from_Beyond+1"],"picked":"SKIP","floor":158},{"not_picked":["Detonate_Bones+1","Requiem+1","Blood_Magic+1"],"picked":"Skeleton_Dragon+1","floor":159}],"player_experience":447412,"relics_obtained":[{"floor":1,"key":"Question Card"},{"floor":6,"key":"SpikesRelics:DaevaFist"},{"floor":8,"key":"hubris:Metronome"},{"floor":16,"key":"ImportantClient"},{"floor":23,"key":"Replay:Rubber Ducky"},{"floor":26,"key":"SnailShell"},{"floor":29,"key":"Smiling Mask"},{"floor":36,"key":"BionicSphere"},{"floor":40,"key":"Pen Nib"},{"floor":43,"key":"Replay:Wax Seal"},{"floor":45,"key":"Mummified Hand"},{"floor":59,"key":"Replay:Ringing Soul"},{"floor":62,"key":"vexMod:MemoryStick"},{"floor":68,"key":"Simple Rune"},{"floor":76,"key":"infinitespire:EmpoweringShard"},{"floor":79,"key":"RoseTintedShades"},{"floor":80,"key":"aspiration:ChemicalBlood"},{"floor":82,"key":"strawberrySpire:TinySteamboat"},{"floor":89,"key":"ReplayTheSpireMod:Ring of Collecting"},{"floor":94,"key":"Replay:Bottled Flurry"},{"floor":96,"key":"hubris:CrystalStatue"},{"floor":101,"key":"Gremlin Horn"},{"floor":111,"key":"Pear"},{"floor":113,"key":"jedi:cryingmask"},{"floor":114,"key":"hubris:MysteriousPyramids"},{"floor":129,"key":"infinitespire:Lucky Rock"},{"floor":130,"key":"Ring of Peace"},{"floor":130,"key":"Toxic Egg 2"},{"floor":136,"key":"MawBank"},{"floor":142,"key":"Chameleon Ring"},{"floor":145,"key":"infinitespire:ShieldingShard"},{"floor":147,"key":"Mirror"},{"floor":149,"key":"halation:PromiseList"},{"floor":158,"key":"Oddly Smooth Stone"}],"event_choices":[{"damage_healed":0,"gold_gain":0,"player_choice":"Box","damage_taken":0,"relics_obtained":["halation:PrussianBluePaint"],"max_hp_gain":0,"max_hp_loss":0,"event_name":"Big Fish","floor":3,"gold_loss":0,"cards_obtained":["Regret"]},{"damage_healed":0,"gold_gain":100,"player_choice":"Pray","damage_taken":0,"max_hp_gain":0,"max_hp_loss":0,"event_name":"Golden Shrine","floor":12,"gold_loss":0},{"damage_healed":0,"gold_gain":0,"player_choice":"Upgraded","damage_taken":0,"max_hp_gain":0,"max_hp_loss":0,"event_name":"Upgrade Shrine","floor":19,"gold_loss":0,"cards_upgraded":["Siphon_Strength"]},{"damage_healed":0,"gold_gain":0,"player_choice":"Fight","damage_taken":0,"max_hp_gain":0,"max_hp_loss":0,"event_name":"Mysterious Sphere","floor":36,"gold_loss":0},{"damage_healed":0,"gold_gain":0,"player_choice":"Ignored","damage_taken":0,"max_hp_gain":0,"max_hp_loss":0,"event_name":"NoteForYourself","floor":46,"gold_loss":0},{"damage_healed":0,"gold_gain":0,"player_choice":"Ignored","damage_taken":0,"max_hp_gain":0,"max_hp_loss":0,"event_name":"betterThird:BetterPortal","floor":50,"gold_loss":0},{"cards_removed":["Defend_W"],"damage_healed":0,"gold_gain":0,"player_choice":"Card Removal","damage_taken":0,"max_hp_gain":0,"max_hp_loss":0,"event_name":"The Cleric","floor":55,"gold_loss":50},{"damage_healed":0,"gold_gain":0,"player_choice":"Leave","damage_taken":0,"max_hp_gain":0,"max_hp_loss":0,"event_name":"conspire:Investor","floor":92,"gold_loss":0},{"damage_healed":0,"gold_gain":0,"player_choice":"Disagree","damage_taken":0,"max_hp_gain":0,"max_hp_loss":0,"event_name":"conspire:LoneGhost","floor":107,"gold_loss":0},{"damage_healed":0,"gold_gain":0,"player_choice":"Relic ","damage_taken":18,"max_hp_gain":0,"max_hp_loss":0,"event_name":"betterThird:BetterScrap","floor":108,"gold_loss":0,"cards_obtained":["Replay:Vibes"]},{"damage_healed":84,"gold_gain":0,"player_choice":"Upgrade","damage_taken":18,"max_hp_gain":0,"max_hp_loss":92,"event_name":"betterThird:BetterShining","floor":109,"gold_loss":0,"cards_upgraded":["Bone_Armor","Siphon_Strength"]},{"damage_healed":0,"gold_gain":0,"player_choice":"Gave Potion","damage_taken":0,"relics_obtained":["jedi:Pinwheel"],"max_hp_gain":0,"max_hp_loss":0,"event_name":"WeMeetAgain","floor":123,"gold_loss":0}],"is_beta":false,"boss_relics":[{"not_picked":["hubris:HollowSoul","halation:Yufonium"],"picked":"FeatherPendant"},{"not_picked":["Busted Crown","ExusiaiGun"],"picked":"FrostBlade"},{"not_picked":["Philosopher\u0027s Stone","jedi:paperlyon"],"picked":"Empty Cage"},{"not_picked":["halation:PlatinumPhoenix","Abe\u0027s Treasure"],"picked":"halation:Prosthetics"},{"not_picked":["hubris:TerracottaHorce","hubris:Stopwatch"],"picked":"JellyFishMachine"},{"not_picked":["Busted Crown","FixedStarFall"],"picked":"hubris:HollowSoul"},{"not_picked":["Painkiller Herb","vexMod:ImprovementManual"],"picked":"ExusiaiGun"},{"not_picked":["GreenFoldingFan","MostiFishMod:Hod"],"picked":"BirthdayGift-Icosahedron"},{"not_picked":["aspiration:DefectSkillbook","NightmareShop"],"picked":"ShadowXiaoBlade"}],"items_purged_floors":[28,37,39,48,73,73,95,95,106,151,151,157,157,157],"is_endless":true,"potions_floor_spawned":[1,8,16,20,21,30,33,35,36,43,47,52,54,59,61,67,69,74,78,80,82,86,88,91,97,99,103,111,112,117,120,122,124,131,143,149,152,154,159],"ascension_level":0}}