{"host":"126yiuos2nq86se7","time":1608269502,"event":{"mods":["AchievementEnabler","Act Like it!","BaseMod","Colored Map","Colored Powertips","Friendly Minions","Highlight Path","Minty Spire (QoL Compilation)","StSLib","SuperFastMode"],"gold_per_floor":[116,116,130,130,150,183,183,183,183,153,153,153,40,40,40,40,40],"floor_reached":16,"playtime":555,"items_purged":["Strike_G"],"score":96,"play_id":"21062e5f-2fb8-49a7-b8b4-59bd9beddb23","local_time":"20201218163142","is_ascension_mode":false,"campfire_choices":[{"data":"Well Laid Plans","floor":7,"key":"SMITH"},{"data":"Calculated Gamble","floor":8,"key":"SMITH"},{"data":"Neutralize","floor":12,"key":"SMITH"},{"floor":15,"key":"REST"}],"circlet_count":0,"master_deck":["Strike_G+1","Strike_G","Defend_G","Defend_G","Defend_G","Defend_G+1","Defend_G","Survivor+1","Neutralize+1","Well Laid Plans+1","Leg Sweep","Calculated Gamble+1","Outmaneuver","Escape Plan"],"relics":["Ring of the Snake","WingedGreaves","Question Card"],"acts_visited":["Exordium"],"potions_floor_usage":[6],"damage_taken":[{"damage":6,"enemies":"Cultist","floor":1,"turns":4},{"damage":0,"enemies":"Small Slimes","floor":3,"turns":4},{"damage":0,"enemies":"Jaw Worm","floor":5,"turns":6},{"damage":4,"enemies":"3 Sentries","floor":6,"turns":12},{"damage":0,"enemies":"Looter","floor":10,"turns":4},{"damage":69,"enemies":"Slime Boss","floor":16,"turns":17}],"seed_played":"6710939989413969412","potions_obtained":[{"floor":1,"key":"Strength Potion"},{"floor":3,"key":"SmokeBomb"}],"is_trial":false,"path_per_floor":["M","?","M","?","M","E","R","R","T","M","?","R","$","?","R","B"],"character_chosen":"THE_SILENT","items_purchased":["Escape Plan"],"campfire_rested":1,"item_purchase_floors":[13],"current_hp_per_floor":[64,64,64,57,57,53,53,53,53,53,53,53,53,39,60,0,0],"gold":40,"neow_bonus":"UPGRADE_CARD","is_daily":false,"chose_seed":false,"campfire_upgraded":3,"win_rate":0.0,"timestamp":1608269502,"path_taken":["M","?","M","?","M","E","R","R","T","M","?","R","$","?","R","BOSS"],"items_purchased_type":["Card"],"build_version":"2020-12-13","purchased_purges":1,"victory":false,"max_hp_per_floor":[70,70,70,70,70,70,70,70,70,70,70,70,70,70,70,70,70],"card_choices":[{"not_picked":["Cloak And Dagger","Distraction"],"picked":"Well Laid Plans","floor":1},{"not_picked":["Dagger Spray","Underhanded Strike"],"picked":"Leg Sweep","floor":3},{"not_picked":["Deflect","Expertise"],"picked":"Calculated Gamble","floor":5},{"not_picked":["Eviscerate","Dagger Throw"],"picked":"Outmaneuver","floor":6},{"not_picked":["Distraction","Dagger Spray","Underhanded Strike","Predator"],"picked":"SKIP","floor":10}],"player_experience":1438085,"relics_obtained":[{"floor":6,"key":"WingedGreaves"},{"floor":9,"key":"Question Card"}],"event_choices":[{"cards_removed":["Strike_G"],"damage_healed":0,"gold_gain":0,"player_choice":"Forget","damage_taken":0,"max_hp_gain":0,"max_hp_loss":0,"event_name":"Living Wall","floor":2,"gold_loss":0},{"cards_removed":["Strike_G"],"damage_healed":0,"gold_gain":0,"player_choice":"Card Removal","damage_taken":7,"max_hp_gain":0,"max_hp_loss":0,"event_name":"Golden Wing","floor":4,"gold_loss":0},{"damage_healed":0,"gold_gain":0,"player_choice":"Ignored","damage_taken":0,"max_hp_gain":0,"max_hp_loss":0,"event_name":"Liars Game","floor":11,"gold_loss":0},{"damage_healed":0,"gold_gain":0,"player_choice":"Entered Light","damage_taken":14,"max_hp_gain":0,"max_hp_loss":0,"event_name":"Shining Light","floor":14,"gold_loss":0,"cards_upgraded":["Defend_G","Strike_G"]}],"is_beta":false,"boss_relics":[],"items_purged_floors":[13],"is_endless":false,"potions_floor_spawned":[1,3],"killed_by":"Slime Boss","ascension_level":0}}