{"host":"Dean","time":1608326338,"event":{"mods":["2.2 Compatiblity","AchievementEnabler","BaseMod","Block Reminder","Colored Map","Colored Powertips","Minty Spire (QoL Compilation)","Permanent Neow","Quick Restart","Relic Stats","Replay The Spire","StSLib"],"gold_per_floor":[110,233,247,262,157,190,201,201,201,218,244,244,254,265,265,363,363,377,391,411,326,364,416,416,49,72,72,118,118,146,206,206,316,316,353,353,353,61,91,139,139,199,199,242,312,312,370,405,405,443,443,443,176,238,256],"floor_reached":56,"playtime":3002,"items_purged":["Defend_R","Defend_R","Defend_R","Reckless Charge+1"],"score":1944,"play_id":"55edce9c-c0d5-438b-a5d4-23ff62ed1cc5","local_time":"20201218161858","is_ascension_mode":true,"campfire_choices":[{"data":"Bash","floor":8,"key":"SMITH"},{"data":"Shrug It Off","floor":12,"key":"SMITH"},{"data":"Fire Breathing","floor":15,"key":"SMITH"},{"floor":24,"key":"RECALL"},{"data":"Burning Pact","floor":29,"key":"SMITH"},{"floor":32,"key":"DIG"},{"data":"Defend_R","floor":41,"key":"PURGE"},{"floor":46,"key":"REST"},{"data":"Intimidate","floor":49,"key":"SMITH"},{"floor":52,"key":"REST"}],"circlet_count":0,"master_deck":["Bash+1","Shrug It Off+1","ReplayTheSpireMod:Stacked+1","ReplayTheSpireMod:Stacked+1","Discovery+1","Evolve+1","Double Tap+1","Headbutt+1","Sword Boomerang+1","Demon Form+1","Seeing Red+1","Entrench+1","Infernal Blade+1","Wild Strike+1","Replay:Undeath\u0027s Touch+1","Corruption+1","Shrug It Off+1","Dark Embrace+1","Shrug It Off+1","Dropkick+1","Burning Pact+1","Limit Break+1","Feel No Pain+1","Fiend Fire+1","Inflame+1","Evolve+1","Thinking Ahead+1","True Grit+1","Offering+1","Headbutt+1","ReplayTheSpireMod:Muscle Training+1","Bloodletting+1","Dual Wield+1","Uppercut+1","Immolate+1","Battle Trance+1","Whirlwind+1","Intimidate+1","Demonic Infusion+1","Power Through+1","Sentinel+1","ReplayTheSpireMod:Stacked"],"relics":["Golden Egg","Ooze Armor","Burning Blood","Counterbalance","HornCleat","Ornamental Fan","Molten Egg 2","Onion Ring","PreservedInsect","Astrolabe","Membership Card","Replay:Bandana","Replay:Bottled Eggs","Prayer Wheel","Bronze Scales","Pondfish Scales","Kunai","Peace Pipe","Lantern","Centennial Puzzle","Medical Kit","Sozu","Orrery","Blue Doll","Meat on the Bone","ReplayFunnel","Incense Burner","Oddly Smooth Stone","Vajra","Membership Card","ReplayTheSpireMod:TigerMarble"],"acts_visited":["Exordium","TheCity","TheBeyond","TheEnding"],"potions_floor_usage":[11],"damage_taken":[{"damage":0,"enemies":"Small Slimes","floor":1,"turns":2},{"damage":0,"enemies":"Cultist","floor":3,"turns":2},{"damage":4,"enemies":"Jaw Worm","floor":4,"turns":4},{"damage":7,"enemies":"Lagavulin","floor":6,"turns":5},{"damage":0,"enemies":"Large Slime","floor":7,"turns":2},{"damage":0,"enemies":"Exordium Wildlife","floor":10,"turns":3},{"damage":0,"enemies":"Gremlin Nob","floor":11,"turns":2},{"damage":0,"enemies":"Blue Slaver","floor":13,"turns":1},{"damage":0,"enemies":"2 Fungi Beasts","floor":14,"turns":2},{"damage":0,"enemies":"Slime Boss","floor":16,"turns":5},{"damage":0,"enemies":"Chosen","floor":18,"turns":2},{"damage":0,"enemies":"Spheric Guardian","floor":19,"turns":3},{"damage":7,"enemies":"Centurion and Healer","floor":20,"turns":3},{"damage":0,"enemies":"Sentry and Sphere","floor":22,"turns":3},{"damage":10,"enemies":"Book of Stabbing","floor":23,"turns":3},{"damage":24,"enemies":"Slavers","floor":28,"turns":5},{"damage":7,"enemies":"Snake Plant","floor":30,"turns":3},{"damage":0,"enemies":"Gremlin Leader","floor":31,"turns":3},{"damage":0,"enemies":"Collector","floor":33,"turns":6},{"damage":0,"enemies":"Orb Walker","floor":35,"turns":2},{"damage":0,"enemies":"3 Shapes","floor":39,"turns":4},{"damage":0,"enemies":"Nemesis","floor":40,"turns":3},{"damage":4,"enemies":"R_Hoarder","floor":42,"turns":3},{"damage":54,"enemies":"Nemesis","floor":44,"turns":5},{"damage":6,"enemies":"Mind Bloom Boss Battle","floor":45,"turns":4},{"damage":6,"enemies":"R_Hoarder","floor":47,"turns":3},{"damage":0,"enemies":"3 Darklings","floor":48,"turns":2},{"damage":19,"enemies":"Awakened One","floor":50,"turns":6},{"damage":0,"enemies":"Shield and Spear","floor":54,"turns":1},{"damage":66,"enemies":"The Heart","floor":55,"turns":6}],"seed_played":"-8066699966320270009","potions_obtained":[{"floor":4,"key":"Fire Potion"},{"floor":6,"key":"Strength Potion"},{"floor":14,"key":"Explosive Potion"},{"floor":19,"key":"Death Potion"},{"floor":23,"key":"GamblersBrew"}],"is_trial":false,"path_per_floor":["M","?","M","M","$","E","M","R","T","M","E","R","M","M","R","B",null,"M","M","M","?","M","E","R","$","T","?","E","R","M","E","R_BF","B",null,"M","?","?","$","M","E","R","E","T","E","?","R","E","M","R","B",null,"R","$","E","B",null],"character_chosen":"IRONCLAD","items_purchased":["HornCleat","Ornamental Fan","ReplayTheSpireMod:Stacked","Discovery","Evolve","Prayer Wheel","Dark Embrace","Shrug It Off","Dropkick+1","Bronze Scales","Lantern","Centennial Puzzle","Orrery","Vajra","Membership Card","Power Through","Sentinel"],"campfire_rested":2,"item_purchase_floors":[5,5,5,5,5,25,25,25,25,25,38,38,38,53,53,53,53],"current_hp_per_floor":[80,80,80,80,80,79,80,80,80,80,80,80,80,80,80,80,80,80,80,79,79,80,76,76,76,76,61,43,43,42,48,48,54,77,83,83,83,83,85,85,85,85,85,49,49,74,74,80,80,67,81,85,85,85,37],"gold":256,"neow_bonus":"BOSS_RELIC","is_daily":false,"chose_seed":false,"campfire_upgraded":5,"win_rate":0.0,"timestamp":1608326338,"path_taken":["M","?","?","M","$","E","M","R","T","?","E","R","M","M","R","BOSS","M","M","M","?","M","E","R","$","T","?","E","R","M","E","R_BF","BOSS","M","?","?","?","M","E","R","E","T","E","?","R","E","?","R","BOSS","R","$","E","BOSS"],"items_purchased_type":["Relic","Relic","Card","Card","Card","Relic","Card","Card","Card","Relic","Relic","Relic","Relic","Relic","Relic","Card","Card"],"build_version":"2020-12-17","purchased_purges":4,"victory":true,"max_hp_per_floor":[80,80,80,80,80,80,80,80,80,80,80,80,80,80,80,80,80,80,80,80,80,80,80,80,80,80,85,85,85,85,85,85,85,85,85,85,85,85,85,85,85,85,85,85,85,85,85,85,85,85,85,85,85,85,85],"relic_stats":{"counters":[30,98],"Astrolabe":["Seeing Red","Entrench","Infernal Blade"],"PreservedInsect":442,"Medical Kit":[7],"Burning Blood":96,"Peace Pipe":2,"Sozu":3,"Centennial Puzzle":[18],"Ornamental Fan":[108],"Bronze Scales":[182],"Prayer Wheel":4,"Kunai":[15],"obtain_stats":[{"ReplayFunnel":44,"Golden Egg":0,"Lantern":38,"Vajra":53,"Blue Doll":42,"Incense Burner":45,"Burning Blood":0,"Sozu":38,"Replay:Bandana":21,"Centennial Puzzle":38,"HornCleat":5,"Honey Jar":34,"Prayer Wheel":25,"Kunai":31,"Replay:Bottled Eggs":23,"Counterbalance":2,"Astrolabe":17,"Oddly Smooth Stone":47,"PreservedInsect":11,"Medical Kit":38,"Peace Pipe":32,"Pondfish Scales":28,"Ooze Armor":0,"Ornamental Fan":5,"Bronze Scales":25,"Orrery":38,"Molten Egg 2":6,"Onion Ring":9,"ReplayTheSpireMod:TigerMarble":54,"Membership Card":17,"Meat on the Bone":43},{"ReplayFunnel":24,"Golden Egg":0,"Lantern":20,"Vajra":28,"Blue Doll":23,"Incense Burner":25,"Burning Blood":0,"Sozu":20,"Replay:Bandana":13,"Centennial Puzzle":20,"HornCleat":3,"Honey Jar":19,"Prayer Wheel":15,"Kunai":18,"Replay:Bottled Eggs":15,"Counterbalance":1,"Astrolabe":10,"Oddly Smooth Stone":26,"PreservedInsect":7,"Medical Kit":20,"Peace Pipe":18,"Pondfish Scales":16,"Ooze Armor":0,"Ornamental Fan":3,"Bronze Scales":15,"Orrery":20,"Molten Egg 2":4,"Onion Ring":5,"ReplayTheSpireMod:TigerMarble":29,"Membership Card":10,"Meat on the Bone":23},{"ReplayFunnel":76,"Golden Egg":0,"Lantern":61,"Vajra":91,"Blue Doll":71,"Incense Burner":80,"Burning Blood":0,"Sozu":61,"Replay:Bandana":36,"Centennial Puzzle":61,"HornCleat":8,"Honey Jar":59,"Prayer Wheel":42,"Kunai":53,"Replay:Bottled Eggs":42,"Counterbalance":2,"Astrolabe":28,"Oddly Smooth Stone":83,"PreservedInsect":20,"Medical Kit":61,"Peace Pipe":53,"Pondfish Scales":47,"Ooze Armor":0,"Ornamental Fan":8,"Bronze Scales":42,"Orrery":61,"Molten Egg 2":13,"Onion Ring":15,"ReplayTheSpireMod:TigerMarble":92,"Membership Card":28,"Meat on the Bone":71}],"Meat on the Bone":24},"card_choices":[{"not_picked":["Anger","Abandon","Havoc"],"picked":"SKIP","floor":1},{"not_picked":["ReplayTheSpireMod:Strike From Hell","Replay:Undeath\u0027s Touch","Thunderclap"],"picked":"SKIP","floor":3},{"not_picked":["Abandon","Armaments"],"picked":"Shrug It Off","floor":4},{"not_picked":["Dark Embrace","Fire Breathing"],"picked":"Double Tap","floor":6},{"not_picked":["Warcry","Cleave+1"],"picked":"Headbutt+1","floor":7},{"not_picked":["Cleave+1","Rage"],"picked":"Sword Boomerang+1","floor":10},{"not_picked":["Armaments","True Grit"],"picked":"Reckless Charge+1","floor":11},{"not_picked":["Massacre+1","Headbutt+1"],"picked":"Fire Breathing","floor":13},{"not_picked":["ReplayTheSpireMod:Strike From Hell+1","Armaments","Iron Wave+1"],"picked":"SKIP","floor":14},{"not_picked":["Demonic Infusion","Bludgeon+1"],"picked":"Demon Form","floor":16},{"not_picked":["ReplayTheSpireMod:Strike From Hell+1","Cleave+1","Clothesline+1"],"picked":"SKIP","floor":18},{"not_picked":["Sword Boomerang+1","Twin Strike+1"],"picked":"Wild Strike+1","floor":19},{"not_picked":["ReplayTheSpireMod:Stacked","Iron Wave+1"],"picked":"Replay:Undeath\u0027s Touch+1","floor":20},{"not_picked":["ReplayTheSpireMod:Strike From Hell+1","Defy Death"],"picked":"Corruption","floor":22},{"not_picked":["Havoc","Clash+1"],"picked":"Shrug It Off+1","floor":23},{"not_picked":["Thunderclap+1","Shrug It Off"],"picked":"Burning Pact","floor":28},{"not_picked":["ReplayTheSpireMod:Stacked","Pommel Strike+1"],"picked":"Limit Break","floor":30},{"not_picked":["Cleave+1","Hemokinesis+1","Defy Death"],"picked":"SKIP","floor":30},{"not_picked":["True Grit+1","Rupture+1"],"picked":"Feel No Pain+1","floor":31},{"not_picked":["Berserk","Bludgeon+1"],"picked":"Fiend Fire+1","floor":33},{"not_picked":["Anger+1","Replay:Undeath\u0027s Touch+1","Infernal Blade+1"],"picked":"Inflame+1","floor":35},{"not_picked":["Heavy Blade+1","Hemokinesis+1","Metallicize"],"picked":"Evolve+1","floor":35},{"not_picked":["Finesse","Panacea","Impatience"],"picked":"Thinking Ahead","floor":37},{"not_picked":["Pommel Strike+1","Uppercut+1"],"picked":"True Grit+1","floor":38},{"not_picked":["Perfected Strike+1","Pommel Strike+1"],"picked":"Offering","floor":38},{"not_picked":["Body Slam+1","Massacre+1"],"picked":"Headbutt+1","floor":38},{"not_picked":["Twin Strike+1","Cleave+1"],"picked":"ReplayTheSpireMod:Muscle Training+1","floor":38},{"not_picked":["Demon Form","Perfected Strike+1"],"picked":"Bloodletting","floor":38},{"not_picked":["Twin Strike+1","Battle Trance"],"picked":"Dual Wield+1","floor":39},{"not_picked":["Armaments+1","Havoc+1"],"picked":"Uppercut+1","floor":39},{"not_picked":["Evolve","Body Slam+1"],"picked":"Immolate+1","floor":40},{"not_picked":["Iron Wave+1","Massacre+1","Twin Strike+1"],"picked":"SKIP","floor":42},{"not_picked":["Armaments","Replay:Undeath\u0027s Touch+1"],"picked":"Battle Trance+1","floor":44},{"not_picked":["ReplayTheSpireMod:Corrosion Curse","Warcry"],"picked":"Whirlwind+1","floor":45},{"not_picked":["Dual Wield","Combust"],"picked":"Intimidate","floor":47},{"not_picked":["True Grit","Thunderclap+1"],"picked":"Demonic Infusion","floor":48},{"not_picked":["Clash+1","ReplayTheSpireMod:Strike From Hell+1","Twin Strike+1"],"picked":"SKIP","floor":48},{"not_picked":["Flex+1","Pommel Strike+1"],"picked":"ReplayTheSpireMod:Stacked","floor":54}],"player_experience":744476,"relics_obtained":[{"floor":6,"key":"Molten Egg 2"},{"floor":9,"key":"Onion Ring"},{"floor":11,"key":"PreservedInsect"},{"floor":23,"key":"Replay:Bottled Eggs"},{"floor":28,"key":"Pondfish Scales"},{"floor":31,"key":"Kunai"},{"floor":32,"key":"Peace Pipe"},{"floor":42,"key":"Blue Doll"},{"floor":43,"key":"Meat on the Bone"},{"floor":44,"key":"ReplayFunnel"},{"floor":45,"key":"Incense Burner"},{"floor":47,"key":"Oddly Smooth Stone"},{"floor":54,"key":"ReplayTheSpireMod:TigerMarble"}],"event_choices":[{"damage_healed":0,"gold_gain":0,"player_choice":"Paid Gold","damage_taken":0,"relics_obtained":["Counterbalance"],"max_hp_gain":0,"max_hp_loss":0,"event_name":"WeMeetAgain","floor":2,"gold_loss":77},{"damage_healed":0,"gold_gain":0,"player_choice":"Obtained Relic","damage_taken":0,"relics_obtained":["Replay:Bandana"],"max_hp_gain":0,"max_hp_loss":0,"event_name":"Addict","floor":21,"gold_loss":85},{"damage_healed":0,"gold_gain":0,"player_choice":"Shed Blood","damage_taken":20,"max_hp_gain":5,"max_hp_loss":0,"event_name":"Forgotten Altar","floor":27,"gold_loss":0},{"cards_removed":["Fire Breathing"],"damage_healed":0,"gold_gain":0,"player_choice":"Removed Power","damage_taken":0,"max_hp_gain":0,"max_hp_loss":0,"event_name":"Falling","floor":36,"gold_loss":0},{"damage_healed":0,"gold_gain":0,"player_choice":"Memory 1","damage_taken":0,"max_hp_gain":0,"max_hp_loss":0,"event_name":"SensoryStone","floor":37,"gold_loss":0},{"damage_healed":0,"gold_gain":0,"player_choice":"Fight","damage_taken":0,"max_hp_gain":0,"max_hp_loss":0,"event_name":"MindBloom","floor":45,"gold_loss":0}],"is_beta":true,"boss_relics":[{"not_picked":["Pandora\u0027s Box","Replay:Ancient Bell"],"picked":"Astrolabe"},{"not_picked":["ChewingGum","Painkiller Herb"],"picked":"Honey Jar"}],"items_purged_floors":[5,25,38,53],"is_endless":false,"potions_floor_spawned":[4,6,14,19,23,28,30,33,40,44,48],"ascension_level":5}}