{"host":"hfvpa4llnnjpeawn","time":1608331295,"event":{"mods":["2.2 Compatiblity","AchievementEnabler","Act Like it!","Aspiration","Bard","BaseMod","Beaked The Cultist","Better Skull","Better Third Choice","BetterRewards","CapriCore","Conspire","Downfall","Elementarium","Energized Spire","Hermit","Hubris","Jorbs\u0027s Wanderer Trilogy","Koishi","Lobotomy","Minty Spire (QoL Compilation)","Replay The Spire","Shade Mod","Spicy Shops","StSLib","The Bladedancer","The Factory","The Gatherer","The Jungle","Waifu the Spire","Wandering Minibosses"],"gold_per_floor":[117,117,133,149,164,190,190,190,190,220,220,2,2,2,2,107,107,117,458,475,475,144,161,161,176,176,179,132,132],"floor_reached":28,"playtime":1908,"items_purged":[],"score":246,"play_id":"219ebc6d-2610-4090-a73c-37cd58fdcf00","local_time":"20201218174135","is_ascension_mode":false,"campfire_choices":[{"floor":7,"key":"REST"},{"floor":11,"key":"REST"},{"data":"Eruption","floor":13,"key":"SMITH"},{"data":"BattleHymn","floor":15,"key":"SMITH"},{"data":"Worship","floor":24,"key":"SMITH"}],"circlet_count":0,"master_deck":["Strike_P","Strike_P","Strike_P","Defend_P","Defend_P","Defend_P","Defend_P","Eruption+1","Vigilance","FollowUp","BattleHymn+1","GreedKing","ShyLook","Swivel","Murderer","ReachHeaven","UniverseFragment","DevaForm+1","Evaluate","VoidDream","Wallop+1","Freischutz","Brilliance+1","CrushJoints","HappyTeddy","Replay:SS_forest_2+1","Mayhem+1","Madness+1","expansioncontent:YouAreMine+1","Worship+1","Crescendo","RedShoes","CENSORED"],"relics":["PureWater","CogitoBucket","Golden Egg","Frozen Egg 2","Pear","Darkstone Periapt","conspire:TreasureMap","Runic Pyramid","TreeSap","Blue Doll","ReplayTheSpireMod:ShopPack","Replay:PocketPolymizer"],"acts_visited":["Exordium","Exordium"],"potions_floor_usage":[5,25,25,25,25,27,28],"damage_taken":[{"damage":1,"enemies":"Jaw Worm","floor":1,"turns":3},{"damage":4,"enemies":"Cultist","floor":3,"turns":3},{"damage":9,"enemies":"Small Slimes","floor":4,"turns":3},{"damage":0,"enemies":"2 Fungi Beasts","floor":5,"turns":2},{"damage":32,"enemies":"3 Sentries","floor":6,"turns":5},{"damage":20,"enemies":"Gremlin Nob","floor":10,"turns":4},{"damage":32,"enemies":"Slime Boss","floor":16,"turns":5},{"damage":12,"enemies":"Elementarium:MUD_AND_TAR_GOLEMS","floor":18,"turns":4},{"damage":0,"enemies":"Elementarium:2_ELEMENTALS","floor":20,"turns":3},{"damage":13,"enemies":"Elementarium:Hydrostalker","floor":23,"turns":4},{"damage":9,"enemies":"Elementarium:3_ELEMENTALS","floor":25,"turns":3},{"damage":18,"enemies":"Elementarium:ElementalPortal","floor":27,"turns":6},{"damage":90,"enemies":"Elementarium:STONE_GOLEMS","floor":28,"turns":4}],"seed_played":"1716523660745600407","potions_obtained":[{"floor":3,"key":"FearPotion"},{"floor":4,"key":"GamblersBrew"},{"floor":23,"key":"EntropicBrew"},{"floor":25,"key":"Fire Potion"},{"floor":27,"key":"SpeedPotion"}],"is_trial":false,"path_per_floor":["M","?","M","M","M","E","R","?","T","E","R","$","R","$","R","B",null,"M","?","M","?","$","M","R","M","T","E","M"],"character_chosen":"WATCHER","items_purchased":["conspire:TreasureMap","Wallop","Replay:SS_forest_2+1","Blue Doll","ReplayTheSpireMod:ShopPack"],"campfire_rested":2,"item_purchase_floors":[12,12,22,22,22],"current_hp_per_floor":[71,72,68,59,59,27,48,48,58,38,62,62,62,62,62,30,82,70,45,45,64,64,51,51,40,40,22,0,0],"gold":132,"neow_bonus":"","is_daily":false,"chose_seed":false,"campfire_upgraded":3,"win_rate":0.0,"timestamp":1608331295,"path_taken":["M","?","M","M","?","E","R","?","T","E","R","$","R","$","R","BOSS","M","?","?","?","$","M","R","M","T","E","M"],"items_purchased_type":["Relic","Card","Card","Relic","Relic"],"build_version":"2020-12-13","purchased_purges":0,"victory":false,"max_hp_per_floor":[72,72,72,72,72,72,72,72,82,82,82,82,82,82,82,82,82,82,82,82,82,82,82,82,82,82,82,82,82],"card_choices":[{"not_picked":["GalaxyChild","OldLady"],"picked":"Scorched","floor":1},{"not_picked":["EmptyFist","Crescendo"],"picked":"FollowUp","floor":1},{"not_picked":["FlyingSleeves","Sanctity"],"picked":"BattleHymn","floor":3},{"not_picked":["FairyFestival","HeroicMonk"],"picked":"GreedKing","floor":3},{"not_picked":["Funeral","OSAHOGD"],"picked":"ShyLook","floor":4},{"not_picked":["CutThroughFate","FlyingSleeves"],"picked":"Swivel","floor":4},{"not_picked":["CherryBlossoms","QueenBee"],"picked":"Murderer","floor":5},{"not_picked":["Replay:BluntJabs","Replay:AtTheReady"],"picked":"ReachHeaven","floor":5},{"not_picked":["DespairKnight","SpiderBud"],"picked":"UniverseFragment","floor":6},{"not_picked":["PathToVictory","Prostrate"],"picked":"DevaForm","floor":6},{"not_picked":["Replay:BluntJabs","Sanctity"],"picked":"Evaluate","floor":10},{"not_picked":["Porccubus","Yin"],"picked":"VoidDream","floor":10},{"not_picked":["MHz","BigBadWolf"],"picked":"Freischutz","floor":16},{"not_picked":["Judgement","Scrawl"],"picked":"Brilliance","floor":16},{"not_picked":["Weave","Wallop"],"picked":"CrushJoints","floor":18},{"not_picked":["Scorched","NakedNest"],"picked":"HappyTeddy","floor":18},{"not_picked":["WallGazer","RedShoes"],"picked":"Yin","floor":20},{"not_picked":["PathToVictory","WindmillStrike","CutThroughFate"],"picked":"SKIP","floor":20},{"not_picked":["Midas Touch","Panache"],"picked":"Mayhem","floor":22},{"not_picked":["Replay:SS_forest_6","Replay:SS_forest_2"],"picked":"Madness","floor":22},{"not_picked":["ReplayTheSpireMod:Uncanny Aura","Dark Shackles"],"picked":"expansioncontent:YouAreMine","floor":22},{"not_picked":["FlurryOfBlows+1","Halt"],"picked":"Worship","floor":23},{"not_picked":["LikeWater+1","Halt"],"picked":"Crescendo","floor":25},{"not_picked":["Scarecrow","Scorched"],"picked":"RedShoes","floor":25},{"not_picked":["MeltingLove","BlackSwan"],"picked":"CENSORED","floor":27},{"not_picked":["FlyingSleeves","FearNoEvil","Scrawl"],"picked":"SKIP","floor":27}],"player_experience":266679,"relics_obtained":[{"floor":6,"key":"Golden Egg"},{"floor":9,"key":"Pear"},{"floor":10,"key":"Darkstone Periapt"},{"floor":27,"key":"Replay:PocketPolymizer"}],"event_choices":[{"cards_removed":["Scorched"],"damage_healed":5,"gold_gain":0,"player_choice":"Offered Common","damage_taken":0,"max_hp_gain":0,"max_hp_loss":0,"event_name":"Bonfire Elementals","floor":2,"gold_loss":0},{"cards_removed":["Scorched"],"damage_healed":5,"gold_gain":0,"player_choice":"Offered Special","damage_taken":0,"max_hp_gain":0,"max_hp_loss":0,"event_name":"Bonfire Elementals","floor":2,"gold_loss":0},{"damage_healed":0,"gold_gain":0,"player_choice":"Gave Potion","damage_taken":0,"relics_obtained":["Frozen Egg 2"],"max_hp_gain":0,"max_hp_loss":0,"event_name":"WeMeetAgain","floor":8,"gold_loss":0},{"damage_healed":0,"gold_gain":341,"player_choice":"GO GO GO ","damage_taken":28,"relics_obtained":[],"max_hp_gain":0,"max_hp_loss":0,"event_name":"betterSkull:BetterSkull","floor":19,"gold_loss":0,"cards_upgraded":[]},{"damage_healed":19,"gold_gain":0,"player_choice":"Rest","damage_taken":0,"max_hp_gain":0,"max_hp_loss":0,"event_name":"Elementarium:HeartOfTheVoid","floor":21,"gold_loss":0}],"is_beta":false,"boss_relics":[{"not_picked":["energizedSpire:EnergizedDie","Honey Jar"],"picked":"Runic Pyramid"}],"items_purged_floors":[],"is_endless":false,"potions_floor_spawned":[3,4,23,25,27],"killed_by":"Elementarium:STONE_GOLEMS","ascension_level":0}}