{"host":"126yiuos2nq86se7","time":1608271286,"event":{"mods":["AchievementEnabler","Act Like it!","BaseMod","Colored Map","Colored Powertips","Friendly Minions","Highlight Path","Minty Spire (QoL Compilation)","StSLib","SuperFastMode"],"gold_per_floor":[113,133,133,83,5,5,34,44,44,44,44,62,62,85,85,209,209,209,209,63,63,63,63,63,63,63,63,63,63,63,63,63,63,63,63,63,63,63,63,63,63,63,63,63,63,63,63,63,63,63],"floor_reached":51,"playtime":1751,"items_purged":["Strike_G"],"score":721,"play_id":"a46838dc-0dc7-42ae-9f65-908a84925df6","local_time":"20201218170126","is_ascension_mode":false,"campfire_choices":[{"data":"Accuracy","floor":6,"key":"SMITH"},{"floor":10,"key":"REST"},{"floor":15,"key":"REST"},{"floor":24,"key":"REST"},{"floor":28,"key":"REST"},{"floor":30,"key":"REST"},{"floor":32,"key":"REST"},{"floor":40,"key":"REST"},{"floor":46,"key":"REST"},{"floor":49,"key":"RECALL"}],"circlet_count":0,"master_deck":["Strike_G","Defend_G","Defend_G","Defend_G","Defend_G","Defend_G","Survivor","Neutralize","Riddle With Holes","Accuracy+1","PiercingWail","Deflect","Bane","Blur","Blade Dance","Well Laid Plans+1","Glass Knife","Dagger Spray","Noxious Fumes","Footwork","Blur","After Image","PiercingWail","Glass Knife","Terror+1","Leg Sweep+1","Accuracy"],"relics":["Ring of the Snake","Singing Bowl","Bronze Scales","Letter Opener","Golden Idol","Ectoplasm","Bottled Flame","Ninja Scroll","Fusion Hammer","Darkstone Periapt","CeramicFish","Lizard Tail","Kunai"],"acts_visited":["Exordium","TheCity","TheBeyond"],"potions_floor_usage":[16,16,23,23,33,33,50,50],"damage_taken":[{"damage":2,"enemies":"Cultist","floor":1,"turns":5},{"damage":0,"enemies":"Jaw Worm","floor":2,"turns":4},{"damage":53,"enemies":"Gremlin Nob","floor":7,"turns":7},{"damage":0,"enemies":"2 Louse","floor":8,"turns":5},{"damage":2,"enemies":"Large Slime","floor":12,"turns":10},{"damage":0,"enemies":"Exordium Wildlife","floor":14,"turns":4},{"damage":0,"enemies":"Slime Boss","floor":16,"turns":8},{"damage":8,"enemies":"Chosen","floor":18,"turns":5},{"damage":8,"enemies":"Shell Parasite","floor":21,"turns":4},{"damage":19,"enemies":"Snake Plant","floor":22,"turns":5},{"damage":27,"enemies":"Slavers","floor":23,"turns":5},{"damage":21,"enemies":"Cultist and Chosen","floor":25,"turns":7},{"damage":0,"enemies":"Centurion and Healer","floor":27,"turns":7},{"damage":0,"enemies":"Shelled Parasite and Fungi","floor":29,"turns":5},{"damage":0,"enemies":"Snecko","floor":31,"turns":5},{"damage":61,"enemies":"Collector","floor":33,"turns":15},{"damage":0,"enemies":"3 Shapes","floor":35,"turns":5},{"damage":0,"enemies":"Orb Walker","floor":37,"turns":4},{"damage":11,"enemies":"Sphere and 2 Shapes","floor":38,"turns":6},{"damage":4,"enemies":"Spire Growth","floor":41,"turns":6},{"damage":6,"enemies":"Maw","floor":42,"turns":7},{"damage":10,"enemies":"Transient","floor":44,"turns":5},{"damage":0,"enemies":"Mind Bloom Boss Battle","floor":47,"turns":4},{"damage":54,"enemies":"Awakened One","floor":50,"turns":20}],"seed_played":"-7316279657398808354","potions_obtained":[{"floor":1,"key":"FairyPotion"},{"floor":7,"key":"Explosive Potion"},{"floor":14,"key":"GhostInAJar"},{"floor":18,"key":"SpeedPotion"},{"floor":21,"key":"ColorlessPotion"},{"floor":29,"key":"Dexterity Potion"},{"floor":31,"key":"ColorlessPotion"},{"floor":37,"key":"SneckoOil"},{"floor":42,"key":"DuplicationPotion"},{"floor":47,"key":"SpeedPotion"}],"is_trial":false,"path_per_floor":["M","M","?","?","$","R","E","M","T","R","?","M","?","M","R","B",null,"M","?","$","M","M","E","R","M","T","M","R","M","R","M","R","B",null,"M","?","M","M","$","R","M","M","T","M","T","R","?","T","R","B",null],"character_chosen":"THE_SILENT","items_purchased":["PiercingWail","Deflect","Footwork"],"campfire_rested":8,"item_purchase_floors":[5,5,20],"current_hp_per_floor":[61,61,54,54,54,54,1,1,1,19,19,17,2,2,20,20,63,55,55,55,49,30,5,25,6,6,6,26,26,46,48,69,8,71,71,71,71,60,60,71,69,65,65,57,57,77,79,79,79,25],"gold":63,"neow_bonus":"REMOVE_TWO","is_daily":false,"chose_seed":false,"campfire_upgraded":1,"win_rate":0.0,"timestamp":1608271286,"path_taken":["M","?","?","?","$","R","E","M","T","R","?","M","?","M","R","BOSS","M","?","$","M","M","E","R","M","T","M","R","M","R","M","R","BOSS","M","?","M","?","$","R","M","M","T","M","?","R","?","?","R","BOSS"],"items_purchased_type":["Card","Card","Card"],"build_version":"2020-12-13","purchased_purges":1,"victory":true,"max_hp_per_floor":[63,63,63,63,63,63,63,63,63,63,63,63,63,63,63,63,63,63,63,63,65,65,67,67,69,69,69,69,69,69,71,71,71,71,71,71,71,71,71,71,73,75,75,77,77,77,79,79,79,79],"card_choices":[{"not_picked":["Dodge and Roll","Deflect"],"picked":"Riddle With Holes","floor":1},{"not_picked":["Calculated Gamble","Endless Agony"],"picked":"Accuracy","floor":2},{"not_picked":["Grand Finale","Heel Hook"],"picked":"Bane","floor":7},{"not_picked":["Cloak And Dagger","Poisoned Stab"],"picked":"Blur","floor":8},{"not_picked":["Bane","Quick Slash"],"picked":"Blade Dance","floor":12},{"not_picked":["Choke","Concentrate"],"picked":"Well Laid Plans","floor":14},{"not_picked":["Die Die Die","Bullet Time"],"picked":"Glass Knife","floor":16},{"not_picked":["Blade Dance","Dagger Throw+1"],"picked":"Dagger Spray","floor":18},{"not_picked":["Riddle With Holes","Underhanded Strike","Deadly Poison"],"picked":"Singing Bowl","floor":21},{"not_picked":["Acrobatics","Masterful Stab"],"picked":"Blur","floor":22},{"not_picked":["Sucker Punch","Dagger Throw+1","Riddle With Holes"],"picked":"Singing Bowl","floor":23},{"not_picked":["Backstab+1","Dagger Spray","Masterful Stab"],"picked":"Singing Bowl","floor":25},{"not_picked":["Prepared","Flechettes+1"],"picked":"After Image","floor":27},{"not_picked":["Acrobatics","Sucker Punch"],"picked":"PiercingWail","floor":29},{"not_picked":["Prepared","Sucker Punch","Dagger Throw+1"],"picked":"Singing Bowl","floor":31},{"not_picked":["Storm of Steel","Corpse Explosion"],"picked":"Glass Knife","floor":33},{"not_picked":["Crippling Poison+1","Infinite Blades"],"picked":"Terror+1","floor":35},{"not_picked":["Bane","Footwork"],"picked":"Leg Sweep+1","floor":37},{"not_picked":["Slice","Quick Slash+1"],"picked":"Accuracy","floor":38},{"not_picked":["Blade Dance+1","Infinite Blades+1","Blur"],"picked":"Singing Bowl","floor":41},{"not_picked":["Infinite Blades+1","Flying Knee","Blade Dance+1"],"picked":"Singing Bowl","floor":42},{"not_picked":["Flying Knee+1","Dodge and Roll+1","Poisoned Stab"],"picked":"Singing Bowl","floor":44},{"not_picked":["Quick Slash","Dagger Spray+1","Night Terror"],"picked":"Singing Bowl","floor":47}],"player_experience":1438640,"relics_obtained":[{"floor":7,"key":"Bronze Scales"},{"floor":9,"key":"Letter Opener"},{"floor":23,"key":"Bottled Flame"},{"floor":26,"key":"Ninja Scroll"},{"floor":43,"key":"Darkstone Periapt"},{"floor":45,"key":"CeramicFish"},{"floor":47,"key":"Lizard Tail"},{"floor":48,"key":"Kunai"}],"event_choices":[{"damage_healed":0,"gold_gain":0,"player_choice":"Success","damage_taken":7,"relics_obtained":["Singing Bowl"],"max_hp_gain":0,"max_hp_loss":0,"event_name":"Scrap Ooze","floor":3,"gold_loss":0},{"cards_removed":["Strike_G"],"damage_healed":0,"gold_gain":0,"player_choice":"Card Removal","damage_taken":0,"max_hp_gain":0,"max_hp_loss":0,"event_name":"The Cleric","floor":4,"gold_loss":50},{"damage_healed":0,"gold_gain":0,"player_choice":"Ignored","damage_taken":0,"max_hp_gain":0,"max_hp_loss":0,"event_name":"Liars Game","floor":11,"gold_loss":0},{"damage_healed":0,"gold_gain":0,"player_choice":"Take Damage","damage_taken":15,"relics_obtained":["Golden Idol"],"max_hp_gain":0,"max_hp_loss":0,"event_name":"Golden Idol","floor":13,"gold_loss":0},{"damage_healed":0,"gold_gain":0,"player_choice":"Read","damage_taken":0,"max_hp_gain":0,"max_hp_loss":0,"event_name":"The Library","floor":19,"gold_loss":0,"cards_obtained":["Noxious Fumes"]},{"damage_healed":0,"gold_gain":0,"player_choice":"Upgraded","damage_taken":0,"max_hp_gain":0,"max_hp_loss":0,"event_name":"Upgrade Shrine","floor":36,"gold_loss":0,"cards_upgraded":["Well Laid Plans"]},{"damage_healed":0,"gold_gain":0,"player_choice":"Fight","damage_taken":0,"max_hp_gain":0,"max_hp_loss":0,"event_name":"MindBloom","floor":47,"gold_loss":0}],"is_beta":false,"boss_relics":[{"not_picked":["Black Star","WristBlade"],"picked":"Ectoplasm"},{"not_picked":["SacredBark","HoveringKite"],"picked":"Fusion Hammer"}],"items_purged_floors":[20],"is_endless":false,"potions_floor_spawned":[1,7,14,18,21,29,31,37,42,47],"ascension_level":0}}