{"host":"18wi9kpcl4eah7pe","time":1608334158,"event":{"mods":["BaseMod","Colored Powertips","Downfall","Minty Spire (QoL Compilation)","StSLib","The Cursed"],"gold_per_floor":[99,99,99,2,2,2,25,39,39,64,84,96,3,16,33,132,132,57,57,57,69,114,134,134,59,59,59],"floor_reached":26,"playtime":1321,"items_purged":[],"score":229,"play_id":"57c15b95-20a1-48cf-a23d-5bc80674c787","local_time":"20201218172918","is_ascension_mode":false,"campfire_choices":[{"floor":1,"key":"RECALL"},{"data":"Slimebound:LeadByExample","floor":9,"key":"SMITH"},{"data":"Slimebound:AcidTongue","floor":18,"key":"SMITH"},{"floor":25,"key":"REST"}],"circlet_count":0,"master_deck":["Slimebound:Strike_Slimebound","Slimebound:Strike_Slimebound","Slimebound:Strike_Slimebound","Slimebound:Tackle","Slimebound:Defend_Slimebound","Slimebound:Defend_Slimebound","Slimebound:Defend_Slimebound","Slimebound:Split","Slimebound:CorrosiveSpit","Regret","Slimebound:LeadByExample+1","Slimebound:SplitAcid","Slimebound:AcidTongue+1","Slimebound:LeechEnergy","Slimebound:SlimeBrawl","Slimebound:SpikyOuterGoop","Slimebound:RejuvenatingLick","Slimebound:LeechEnergy","Slimebound:Equalize","Slimebound:FirmFortitude","Slimebound:ViciousTackle","Slimebound:LevelUp","Slimebound:GrowthPunch","Slimebound:Repurpose","Slimebound:SelfFormingGoo","Slimebound:RollThrough","Slimebound:DisruptingSlam"],"relics":["Slimebound:AbsorbEndCombat","downfall:HeartsMalice","Meat on the Bone","Centennial Puzzle","Black Star","downfall:HeartBlessingBlue","Orichalcum","Bottled Tornado","downfall:HeartBlessingRed"],"acts_visited":["Exordium","TheCity"],"potions_floor_usage":[13,16,16,16,21,26],"damage_taken":[{"damage":0,"enemies":"2 Louse","floor":3,"turns":1},{"damage":0,"enemies":"downfall:FleeingMerchant","floor":4,"turns":1},{"damage":0,"enemies":"Cultist","floor":6,"turns":1},{"damage":12,"enemies":"Small Slimes","floor":8,"turns":3},{"damage":39,"enemies":"Gremlin Nob","floor":10,"turns":4},{"damage":23,"enemies":"3 Louse","floor":11,"turns":4},{"damage":20,"enemies":"Blue Slaver","floor":12,"turns":4},{"damage":23,"enemies":"downfall:FleeingMerchant","floor":13,"turns":4},{"damage":25,"enemies":"2 Fungi Beasts","floor":14,"turns":3},{"damage":26,"enemies":"Exordium Wildlife","floor":15,"turns":4},{"damage":56,"enemies":"downfall:Ironclad","floor":16,"turns":8},{"damage":28,"enemies":"Chosen","floor":21,"turns":5},{"damage":36,"enemies":"3 Byrds","floor":23,"turns":4},{"damage":76,"enemies":"Slavers","floor":26,"turns":4}],"seed_played":"5407647659551854772","potions_obtained":[{"floor":10,"key":"Strength Potion"},{"floor":11,"key":"PowerPotion"},{"floor":14,"key":"Regen Potion"},{"floor":15,"key":"hexamod:EctoCoolerPotion"},{"floor":16,"key":"ColorlessPotion"},{"floor":23,"key":"Energy Potion"}],"is_trial":false,"path_per_floor":["R","?","M","$","?","M","T","M","R","E","M","M","$","M","M","B",null,"R","?","?","M","T","M","T","R","E"],"character_chosen":"SLIMEBOUND","items_purchased":["Slimebound:AcidTongue","Slimebound:LeechEnergy","Slimebound:LevelUp"],"campfire_rested":1,"item_purchase_floors":[4,4,13],"current_hp_per_floor":[60,60,60,60,60,60,60,58,58,41,40,46,41,40,40,37,60,70,70,57,47,47,39,39,61,0,0],"gold":59,"neow_bonus":"THREE_ENEMY_KILL","is_daily":false,"chose_seed":false,"campfire_upgraded":2,"win_rate":0.0,"timestamp":1608334158,"path_taken":["R","?","M","$","?","M","T","?","R","E","M","M","$","M","M","BOSS","R","?","?","M","?","M","T","R","E"],"items_purchased_type":["Card","Card","Card"],"build_version":"2020-12-13","purchased_purges":0,"victory":false,"max_hp_per_floor":[60,60,60,60,60,60,60,60,60,60,60,60,60,60,60,60,60,70,70,75,75,75,75,75,75,75,75],"card_choices":[{"not_picked":["Slimebound:Dissolve","Slimebound:RollThrough"],"picked":"Slimebound:LeadByExample","floor":3},{"not_picked":["Slimebound:RollThrough","Slimebound:Nibble"],"picked":"Slimebound:SplitAcid","floor":4},{"not_picked":["Slimebound:ComboTackle","Slimebound:ViciousTackle"],"picked":"Slimebound:SpikyOuterGoop","floor":6},{"not_picked":["Slimebound:Grow","Slimebound:Chomp"],"picked":"Slimebound:RejuvenatingLick","floor":8},{"not_picked":["Slimebound:SplitAcid","Slimebound:LeadByExample"],"picked":"Slimebound:LeechEnergy","floor":10},{"not_picked":["Slimebound:LevelUp","Slimebound:ComboTackle"],"picked":"Slimebound:Equalize","floor":11},{"not_picked":["Slimebound:SplitLeeching","Slimebound:HauntingLick"],"picked":"Slimebound:FirmFortitude","floor":12},{"not_picked":["Slimebound:SplitLeeching","Slimebound:MinionMaster"],"picked":"Slimebound:ViciousTackle","floor":13},{"not_picked":["Slimebound:ViciousTackle","Slimebound:GoopTackle"],"picked":"Slimebound:GrowthPunch","floor":14},{"not_picked":["Slimebound:FinishingTackle","Slimebound:SlimeBarrage"],"picked":"Slimebound:Repurpose","floor":15},{"not_picked":["Slimebound:OozeBath","Slimebound:MinionMaster"],"picked":"Slimebound:SelfFormingGoo","floor":16},{"not_picked":["Slimebound:ForwardTackle","Slimebound:LeechingTouch"],"picked":"Slimebound:RollThrough","floor":21},{"not_picked":["Slimebound:SlimeBarrage","Slimebound:ComboTackle"],"picked":"Slimebound:DisruptingSlam","floor":23}],"player_experience":812171,"relics_obtained":[{"floor":10,"key":"Centennial Puzzle"},{"floor":22,"key":"Orichalcum"},{"floor":24,"key":"Bottled Tornado"}],"event_choices":[{"damage_healed":0,"gold_gain":0,"player_choice":"Box","damage_taken":0,"relics_obtained":["Meat on the Bone"],"max_hp_gain":0,"max_hp_loss":0,"event_name":"Big Fish","floor":2,"gold_loss":0,"cards_obtained":["Regret"]},{"damage_healed":0,"gold_gain":0,"cards_transformed":["Slimebound:Defend_Slimebound"],"player_choice":"Transformed","damage_taken":0,"max_hp_gain":0,"max_hp_loss":0,"event_name":"Transmorgrifier","floor":5,"gold_loss":0,"cards_obtained":["Slimebound:SlimeBrawl"]},{"damage_healed":0,"gold_gain":0,"player_choice":"Ignored","damage_taken":0,"max_hp_gain":0,"max_hp_loss":0,"event_name":"Vampires","floor":19,"gold_loss":0}],"is_beta":false,"boss_relics":[{"not_picked":["Busted Crown","Runic Pyramid"],"picked":"Black Star"}],"items_purged_floors":[],"is_endless":false,"potions_floor_spawned":[10,11,14,15,16,23],"killed_by":"Slavers","ascension_level":0}}