{"host":"izkte3iaxw6lzeie","time":1608269996,"event":{"mods":["BaseMod","Bestiary","Curses Come First","Minty Spire (QoL Compilation)","StSLib","egg"],"gold_per_floor":[114,132,144,144,144,144,175,175,198,229,243,253,328,328,328],"floor_reached":14,"playtime":462,"items_purged":[],"score":231,"play_id":"f2d3ad9d-f596-4515-ab67-8057b4aaccb7","local_time":"20201218003956","is_ascension_mode":true,"campfire_choices":[{"data":"Eruption","floor":6,"key":"SMITH"},{"data":"ForeignInfluence","floor":8,"key":"SMITH"}],"circlet_count":0,"master_deck":["AscendersBane","Strike_P","Strike_P","Strike_P","Strike_P","Defend_P","Defend_P","Defend_P","Defend_P","Eruption+1","Vigilance","Finesse","BattleHymn","ForeignInfluence+1","EmptyFist","Establishment","Vengeance","InnerPeace","TalkToTheHand"],"relics":["PureWater","Bronze Scales","Ancient Tea Set","Nunchaku"],"acts_visited":["Exordium"],"potions_floor_usage":[10,14],"damage_taken":[{"damage":0,"enemies":"2 Louse","floor":1,"turns":3},{"damage":9,"enemies":"Small Slimes","floor":2,"turns":3},{"damage":7,"enemies":"Jaw Worm","floor":3,"turns":3},{"damage":0,"enemies":"Lagavulin","floor":7,"turns":4},{"damage":12,"enemies":"3 Sentries","floor":10,"turns":3},{"damage":6,"enemies":"Looter","floor":11,"turns":2},{"damage":18,"enemies":"Lots of Slimes","floor":12,"turns":3},{"damage":4,"enemies":"Gremlin Nob","floor":14,"turns":2}],"seed_played":"278215348268790438","potions_obtained":[{"floor":2,"key":"SpeedPotion"},{"floor":7,"key":"ColorlessPotion"},{"floor":12,"key":"Block Potion"}],"is_trial":false,"path_per_floor":["M","M","M","?","?","R","E","R","T","E","M","M","?","E"],"character_chosen":"WATCHER","items_purchased":[],"campfire_rested":0,"item_purchase_floors":[],"current_hp_per_floor":[61,52,45,50,50,50,50,50,50,38,32,14,3,0,0],"gold":328,"neow_bonus":"RANDOM_COLORLESS","is_daily":false,"chose_seed":false,"campfire_upgraded":2,"win_rate":0.0,"timestamp":1608269996,"path_taken":["M","M","M","?","?","R","E","R","T","E","M","M","?","E"],"items_purchased_type":[],"build_version":"2020-12-13","purchased_purges":0,"victory":false,"max_hp_per_floor":[68,68,68,73,73,73,73,73,73,73,73,73,73,73,73],"card_choices":[{"not_picked":["PanicButton","Mind Blast"],"picked":"Finesse","floor":0},{"not_picked":["Prostrate","LikeWater"],"picked":"BattleHymn","floor":1},{"not_picked":["FlyingSleeves","Indignation"],"picked":"ForeignInfluence","floor":2},{"not_picked":["Crescendo","CarveReality"],"picked":"EmptyFist","floor":3},{"not_picked":["EmptyBody","WreathOfFlame"],"picked":"Establishment","floor":7},{"not_picked":["SignatureMove","Brilliance"],"picked":"Vengeance","floor":10},{"not_picked":["WindmillStrike","ThirdEye"],"picked":"InnerPeace","floor":11},{"not_picked":["CutThroughFate","SashWhip"],"picked":"TalkToTheHand","floor":12}],"player_experience":1664986,"relics_obtained":[{"floor":7,"key":"Bronze Scales"},{"floor":9,"key":"Ancient Tea Set"},{"floor":10,"key":"Nunchaku"}],"event_choices":[{"damage_healed":0,"gold_gain":0,"player_choice":"Donut","damage_taken":0,"max_hp_gain":5,"max_hp_loss":0,"event_name":"Big Fish","floor":4,"gold_loss":0},{"damage_healed":0,"gold_gain":0,"player_choice":"Ignored","damage_taken":0,"max_hp_gain":0,"max_hp_loss":0,"event_name":"Liars Game","floor":5,"gold_loss":0},{"damage_healed":0,"gold_gain":75,"player_choice":"Gather Gold","damage_taken":11,"max_hp_gain":0,"max_hp_loss":0,"event_name":"World of Goop","floor":13,"gold_loss":0}],"is_beta":false,"boss_relics":[],"items_purged_floors":[],"is_endless":false,"potions_floor_spawned":[2,7,12],"killed_by":"Gremlin Nob","ascension_level":17}}