{"host":"j0a1jfichhxu8b8p","time":1608280987,"event":{"mods":["BaseMod","Colored Map","DeckTracker","Keyboard Shortcuts","Minty Spire (QoL Compilation)","Permanent Neow","StSLib","everything is the same but u backflip on backflip"],"gold_per_floor":[13,24,24,39,53,53,78,78,150,169,185,185,51,62,62,137,137,151,170,184,197,214,214,264,179,254,270,270,103,103,119,119,198,198,198,218,218,238,252,278,278,303,303,303,321,321,45,59,59,59,59],"floor_reached":50,"playtime":1708,"items_purged":["Body Slam"],"score":1085,"play_id":"5be35ee1-b08a-498e-afd5-645884f5d079","local_time":"20201218174307","is_ascension_mode":true,"campfire_choices":[{"data":"Perfected Strike","floor":6.0,"key":"SMITH"},{"data":"Perfected Strike","floor":8.0,"key":"SMITH"},{"data":"Perfected Strike","floor":12.0,"key":"SMITH"},{"data":"Shockwave","floor":15.0,"key":"SMITH"},{"data":"Perfected Strike","floor":23.0,"key":"SMITH"},{"data":"Armaments","floor":28.0,"key":"SMITH"},{"data":"Perfected Strike","floor":32.0,"key":"SMITH"},{"data":"Perfected Strike","floor":44,"key":"SMITH"},{"data":"Madness","floor":46,"key":"SMITH"},{"data":"Mayhem","floor":49,"key":"SMITH"}],"circlet_count":0,"master_deck":["AscendersBane","Strike_R","Strike_R","Strike_R","Strike_R","Defend_R","Defend_R","Defend_R","Defend_R","Bash","Twin Strike","Perfected Strike+1","True Grit","Twin Strike","Inflame","Perfected Strike+1","Shrug It Off","Battle Trance","Perfected Strike+1","Shockwave+1","Thunderclap","Shrug It Off","Shrug It Off","Power Through","Double Tap","Pommel Strike","Perfected Strike+1","Armaments+1","Shockwave+1","Perfected Strike+1","Twin Strike+1","Battle Trance","Battle Trance+1","Armaments+1","Uppercut+1","Second Wind","Perfected Strike+1","Burning Pact","Madness+1","Madness","Second Wind","Wild Strike","Thunderclap+1","Twin Strike","Shrug It Off+1","Infernal Blade+1","Evolve","Mayhem+1","Power Through+1"],"relics":["Burning Blood","Prayer Wheel","Calipers","Sundial","Mark of Pain","Omamori","Mercury Hourglass","Pen Nib","Runic Pyramid","Toxic Egg 2","Peace Pipe","Mummified Hand"],"acts_visited":["Exordium","TheCity","TheBeyond"],"potions_floor_usage":[50,50],"damage_taken":[{"damage":12.0,"enemies":"2 Louse","floor":1.0,"turns":3.0},{"damage":9.0,"enemies":"Jaw Worm","floor":2.0,"turns":4.0},{"damage":10.0,"enemies":"Small Slimes","floor":4.0,"turns":3.0},{"damage":9.0,"enemies":"3 Louse","floor":5.0,"turns":3.0},{"damage":20.0,"enemies":"Gremlin Nob","floor":7.0,"turns":4.0},{"damage":0.0,"enemies":"Exordium Wildlife","floor":10.0,"turns":2.0},{"damage":11.0,"enemies":"Looter","floor":11.0,"turns":2.0},{"damage":8.0,"enemies":"Exordium Thugs","floor":14.0,"turns":3.0},{"damage":12.0,"enemies":"Slime Boss","floor":16.0,"turns":5.0},{"damage":13.0,"enemies":"Shell Parasite","floor":18.0,"turns":2.0},{"damage":0.0,"enemies":"Spheric Guardian","floor":19.0,"turns":3.0},{"damage":31.0,"enemies":"Shelled Parasite and Fungi","floor":20.0,"turns":5.0},{"damage":5.0,"enemies":"Cultist and Chosen","floor":21.0,"turns":4.0},{"damage":1.0,"enemies":"Centurion and Healer","floor":22.0,"turns":4.0},{"damage":8.0,"enemies":"Snake Plant","floor":27.0,"turns":3.0},{"damage":7.0,"enemies":"Cultist and Chosen","floor":31.0,"turns":4.0},{"damage":18.0,"enemies":"Automaton","floor":33.0,"turns":4.0},{"damage":8.0,"enemies":"Orb Walker","floor":35.0,"turns":3.0},{"damage":0.0,"enemies":"3 Shapes","floor":36.0,"turns":2.0},{"damage":44.0,"enemies":"Writhing Mass","floor":38.0,"turns":4.0},{"damage":3.0,"enemies":"Maw","floor":39.0,"turns":4.0},{"damage":21.0,"enemies":"Nemesis","floor":40.0,"turns":3.0},{"damage":0,"enemies":"Mind Bloom Boss Battle","floor":42,"turns":5},{"damage":0,"enemies":"Sphere and 2 Shapes","floor":45,"turns":3},{"damage":4,"enemies":"Jaw Worm Horde","floor":48,"turns":3},{"damage":48,"enemies":"Awakened One","floor":50,"turns":6}],"seed_played":"2597616358134159012","potions_obtained":[{"floor":5.0,"key":"Weak Potion"},{"floor":7.0,"key":"Explosive Potion"},{"floor":11.0,"key":"DistilledChaos"},{"floor":16.0,"key":"Dexterity Potion"},{"floor":19.0,"key":"Fire Potion"},{"floor":20.0,"key":"SneckoOil"},{"floor":22.0,"key":"EssenceOfSteel"},{"floor":36.0,"key":"BloodPotion"},{"floor":42,"key":"PowerPotion"},{"floor":48,"key":"EssenceOfSteel"}],"is_trial":false,"path_per_floor":["M","M","?","M","M","R","E","R","T","M","M","R","$","M","R","B",null,"M","M","M","M","M","R","?","?","T","M","R","$","?","M","R","B",null,"M","M","?","M","M","E","?","?","T","R","M","R","$","M","R","B"],"character_chosen":"IRONCLAD","items_purchased":["Shrug It Off","Pen Nib","Evolve","Mayhem"],"campfire_rested":0,"item_purchase_floors":[13,29,47,47],"current_hp_per_floor":[62,59,59,55,52,52,38,38,38,44,39,39,39,37,37,31,64,57,63,38,39,44,44,44,44,44,42,42,42,42,41,41,29,64,62,68,54,31,34,19,19,25,25,25,31,31,31,33,33,0,0],"gold":59,"neow_bonus":"ONE_RARE_RELIC","is_daily":false,"chose_seed":false,"campfire_upgraded":10,"win_rate":0.0,"timestamp":1608280987,"path_taken":["M","M","?","M","M","R","E","R","T","M","M","R","$","M","R","BOSS","M","M","M","M","M","R","?","?","T","M","R","$","?","M","R","BOSS","M","M","?","M","M","E","?","?","T","R","?","R","$","M","R","BOSS"],"items_purchased_type":["Card","Relic","Card","Card"],"build_version":"2020-12-13","purchased_purges":1,"victory":false,"max_hp_per_floor":[75,75,75,75,75,75,75,75,75,75,75,75,75,75,75,75,75,75,75,75,75,75,75,75,75,75,75,75,75,75,75,75,75,75,75,75,75,75,75,75,75,75,75,75,75,75,75,75,75,75,75],"card_choices":[{"not_picked":["Clash","Wild Strike"],"picked":"Twin Strike","floor":1.0},{"not_picked":["Anger","Flex"],"picked":"Perfected Strike","floor":1.0},{"not_picked":["Cleave","Heavy Blade"],"picked":"Body Slam","floor":2.0},{"not_picked":["Dual Wield","Heavy Blade"],"picked":"True Grit","floor":2.0},{"not_picked":["Sword Boomerang","Flex"],"picked":"Inflame","floor":4.0},{"not_picked":["Dark Embrace","Power Through"],"picked":"Perfected Strike","floor":4.0},{"not_picked":["Combust","Armaments"],"picked":"Shrug It Off","floor":5.0},{"not_picked":["Demon Form","Inflame","Rage"],"picked":"SKIP","floor":5.0},{"not_picked":["Flex","Carnage","Spot Weakness"],"picked":"SKIP","floor":7.0},{"not_picked":["Fire Breathing","Headbutt"],"picked":"Battle Trance","floor":10.0},{"not_picked":["Reckless Charge","Entrench"],"picked":"Perfected Strike","floor":10.0},{"not_picked":["Body Slam","Heavy Blade"],"picked":"Shockwave","floor":11.0},{"not_picked":["Dual Wield","Headbutt"],"picked":"Thunderclap","floor":11.0},{"not_picked":["Twin Strike","Power Through"],"picked":"Shrug It Off","floor":14.0},{"not_picked":["True Grit","Warcry"],"picked":"Power Through","floor":14.0},{"not_picked":["Impervious","Berserk"],"picked":"Double Tap","floor":16.0},{"not_picked":["Clothesline","Body Slam+1"],"picked":"Pommel Strike","floor":18.0},{"not_picked":["Cleave","Headbutt"],"picked":"Perfected Strike","floor":18.0},{"not_picked":["Headbutt","Rampage+1"],"picked":"Armaments","floor":19.0},{"not_picked":["Body Slam","Sword Boomerang"],"picked":"Shockwave+1","floor":19.0},{"not_picked":["Inflame","Reckless Charge","Armaments"],"picked":"SKIP","floor":20.0},{"not_picked":["Heavy Blade","Rampage","Entrench"],"picked":"SKIP","floor":20.0},{"not_picked":["Dropkick","Sword Boomerang"],"picked":"Perfected Strike","floor":21.0},{"not_picked":["Shockwave","Cleave"],"picked":"Twin Strike+1","floor":21.0},{"not_picked":["Rampage","Berserk"],"picked":"Battle Trance","floor":22.0},{"not_picked":["Rage","Rampage"],"picked":"Battle Trance+1","floor":22.0},{"not_picked":["Twin Strike","Iron Wave"],"picked":"Armaments+1","floor":27.0},{"not_picked":["Intimidate","Dropkick","Carnage"],"picked":"SKIP","floor":27.0},{"not_picked":["True Grit","Twin Strike"],"picked":"Uppercut+1","floor":31.0},{"not_picked":["Havoc","Heavy Blade","Clash"],"picked":"SKIP","floor":31.0},{"not_picked":["Iron Wave","Havoc+1"],"picked":"Second Wind","floor":35.0},{"not_picked":["Anger+1","Body Slam","Sever Soul"],"picked":"SKIP","floor":35.0},{"not_picked":["Blood for Blood+1","Uppercut"],"picked":"Perfected Strike","floor":36.0},{"not_picked":["Immolate","Whirlwind+1"],"picked":"Burning Pact","floor":36.0},{"not_picked":["Sword Boomerang","Wild Strike"],"picked":"Second Wind","floor":38.0},{"not_picked":["Body Slam+1","Cleave"],"picked":"Wild Strike","floor":38.0},{"not_picked":["Anger","Iron Wave"],"picked":"Thunderclap+1","floor":39.0},{"not_picked":["Sever Soul","Bloodletting"],"picked":"Twin Strike","floor":39.0},{"not_picked":["Sentinel+1","True Grit+1"],"picked":"Shrug It Off+1","floor":40.0},{"not_picked":["Clothesline+1","Inflame"],"picked":"Infernal Blade+1","floor":42},{"not_picked":["Cleave","Clash","Bludgeon"],"picked":"SKIP","floor":45},{"not_picked":["Sever Soul","Headbutt","Flex+1"],"picked":"SKIP","floor":45},{"not_picked":["Headbutt","Anger"],"picked":"Power Through+1","floor":48},{"not_picked":["Immolate","Pummel","Clothesline"],"picked":"SKIP","floor":48}],"player_experience":325962,"relics_obtained":[{"floor":7.0,"key":"Calipers"},{"floor":9.0,"key":"Sundial"},{"floor":26.0,"key":"Mercury Hourglass"},{"floor":40.0,"key":"Toxic Egg 2"},{"floor":42,"key":"Peace Pipe"},{"floor":43,"key":"Mummified Hand"}],"event_choices":[{"damage_healed":0.0,"max_hp_gain":0.0,"max_hp_loss":0.0,"gold_gain":0.0,"cards_transformed":["Strike_R"],"event_name":"Living Wall","player_choice":"Change","floor":3.0,"gold_loss":0.0,"damage_taken":0.0,"cards_obtained":["Twin Strike"]},{"damage_healed":0.0,"max_hp_gain":0.0,"max_hp_loss":0.0,"gold_gain":50.0,"event_name":"Nest","player_choice":"Stole From Cult","floor":24.0,"gold_loss":0.0,"damage_taken":0.0},{"damage_healed":0.0,"max_hp_gain":0.0,"max_hp_loss":0.0,"gold_gain":0.0,"event_name":"Addict","player_choice":"Obtained Relic","floor":25.0,"gold_loss":85.0,"damage_taken":0.0,"relics_obtained":["Omamori"]},{"damage_healed":0.0,"max_hp_gain":0.0,"max_hp_loss":0.0,"gold_gain":0.0,"event_name":"Vampires","player_choice":"Ignored","floor":30.0,"gold_loss":0.0,"damage_taken":0.0},{"damage_healed":0.0,"max_hp_gain":0.0,"max_hp_loss":0.0,"gold_gain":0.0,"event_name":"Winding Halls","player_choice":"Embrace Madness","floor":37.0,"gold_loss":0.0,"damage_taken":14.0,"cards_obtained":["Madness","Madness"]},{"damage_healed":0,"gold_gain":0,"player_choice":"Ignored","damage_taken":0,"max_hp_gain":0,"max_hp_loss":0,"event_name":"Mysterious Sphere","floor":41,"gold_loss":0},{"damage_healed":0,"gold_gain":0,"player_choice":"Fight","damage_taken":0,"max_hp_gain":0,"max_hp_loss":0,"event_name":"MindBloom","floor":42,"gold_loss":0}],"is_beta":false,"boss_relics":[{"not_picked":["SlaversCollar","Fusion Hammer"],"picked":"Mark of Pain"},{"not_picked":["Coffee Dripper","Black Star"],"picked":"Runic Pyramid"}],"items_purged_floors":[13],"is_endless":false,"potions_floor_spawned":[5,7,11,16,19,20,21,22,36,42,48],"killed_by":"Awakened One","ascension_level":19}}