{"host":"9tzam4717zt8ei1o","time":1608309445,"event":{"mods":["BaseMod","Colored Map","Keyboard Shortcuts","Minty Spire (QoL Compilation)","Quick Restart","StSLib","SuperFastMode"],"gold_per_floor":[114,39,39,55,73,73,141,191,191,259,293,303,303,364,364,437,437,448,498,511,571,571,571],"floor_reached":22,"playtime":387,"items_purged":[],"score":371,"play_id":"fba88320-b1b0-4d8f-8197-0a2093141c0f","local_time":"20201219013725","is_ascension_mode":true,"campfire_choices":[{"data":"Deadly Poison","floor":6.0,"key":"SMITH"},{"data":"A Thousand Cuts","floor":13.0,"key":"SMITH"},{"floor":15.0,"key":"REST"}],"circlet_count":0,"master_deck":["AscendersBane","Strike_G","Strike_G","Strike_G","Strike_G","Defend_G","Defend_G","Defend_G","Defend_G","Survivor","Neutralize","Dagger Spray","Deadly Poison+1","Acrobatics","Noxious Fumes+1","A Thousand Cuts+1","PiercingWail","Adrenaline","Eviscerate","Predator+1"],"relics":["Ring of the Snake","NeowsBlessing","SsserpentHead","HornCleat","Shuriken","Runic Dome"],"acts_visited":["Exordium","TheCity"],"potions_floor_usage":[21,21,22],"damage_taken":[{"damage":0.0,"enemies":"Small Slimes","floor":1.0,"turns":1.0},{"damage":0.0,"enemies":"Cultist","floor":4.0,"turns":1.0},{"damage":0.0,"enemies":"Jaw Worm","floor":5.0,"turns":1.0},{"damage":27.0,"enemies":"Gremlin Gang","floor":7.0,"turns":5.0},{"damage":13.0,"enemies":"Blue Slaver","floor":10.0,"turns":4.0},{"damage":11.0,"enemies":"Lagavulin","floor":11.0,"turns":6.0},{"damage":0.0,"enemies":"Lots of Slimes","floor":12.0,"turns":2.0},{"damage":0.0,"enemies":"Exordium Wildlife","floor":14.0,"turns":2.0},{"damage":22.0,"enemies":"Hexaghost","floor":16.0,"turns":9.0},{"damage":12.0,"enemies":"2 Thieves","floor":18.0,"turns":4.0},{"damage":5,"enemies":"Chosen","floor":20,"turns":4},{"damage":30,"enemies":"Shelled Parasite and Fungi","floor":21,"turns":5},{"damage":7,"enemies":"Centurion and Healer","floor":22,"turns":2}],"seed_played":"-5778491902092589286","potions_obtained":[{"floor":5.0,"key":"Dexterity Potion"},{"floor":10.0,"key":"GamblersBrew"},{"floor":14.0,"key":"SkillPotion"},{"floor":16.0,"key":"Energy Potion"},{"floor":21,"key":"EntropicBrew"}],"is_trial":false,"path_per_floor":["M","?","?","M","M","R","M","?","T","M","E","M","R","M","R","B",null,"M","?","M","M","M"],"character_chosen":"THE_SILENT","items_purchased":[],"campfire_rested":1,"item_purchase_floors":[],"current_hp_per_floor":[59,59,59,59,59,59,32,32,32,19,8,8,8,8,27,5,51,39,39,34,4,0,0],"gold":571,"neow_bonus":"THREE_ENEMY_KILL","is_daily":false,"chose_seed":false,"campfire_upgraded":2,"win_rate":0.0,"timestamp":1608309445,"path_taken":["M","?","?","M","M","R","?","?","T","?","E","M","R","?","R","BOSS","M","?","M","?","M"],"items_purchased_type":[],"build_version":"2020-12-13","purchased_purges":0,"victory":false,"max_hp_per_floor":[66,66,66,66,66,66,66,66,66,66,66,66,66,66,66,66,66,66,66,66,66,66,66],"card_choices":[{"not_picked":["PiercingWail","Acrobatics"],"picked":"Dagger Spray","floor":1.0},{"not_picked":["Escape Plan","Concentrate"],"picked":"Deadly Poison","floor":4.0},{"not_picked":["Infinite Blades","PiercingWail"],"picked":"Acrobatics","floor":5.0},{"not_picked":["Skewer","Predator"],"picked":"Noxious Fumes","floor":7.0},{"not_picked":["Deflect","Cloak And Dagger","Terror"],"picked":"SKIP","floor":10.0},{"not_picked":["Tactician","Flying Knee"],"picked":"A Thousand Cuts","floor":11.0},{"not_picked":["Deflect","Dagger Throw","Dash"],"picked":"SKIP","floor":12.0},{"not_picked":["Quick Slash","Poisoned Stab"],"picked":"PiercingWail","floor":14.0},{"not_picked":["Envenom","Malaise"],"picked":"Adrenaline","floor":16.0},{"not_picked":["Acrobatics","Concentrate","Dagger Spray"],"picked":"SKIP","floor":18.0},{"not_picked":["Slice","Grand Finale"],"picked":"Eviscerate","floor":20},{"not_picked":["Sucker Punch","Skewer"],"picked":"Predator+1","floor":21}],"player_experience":86058,"relics_obtained":[{"floor":9.0,"key":"HornCleat"},{"floor":11.0,"key":"Shuriken"}],"event_choices":[{"cards_removed":["Defend_G"],"damage_healed":0.0,"max_hp_gain":0.0,"max_hp_loss":0.0,"gold_gain":0.0,"event_name":"The Cleric","player_choice":"Card Removal","floor":2.0,"gold_loss":75.0,"damage_taken":0.0},{"damage_healed":0.0,"max_hp_gain":0.0,"max_hp_loss":0.0,"gold_gain":0.0,"event_name":"FaceTrader","player_choice":"Trade","floor":3.0,"gold_loss":0.0,"damage_taken":0.0,"relics_obtained":["SsserpentHead"]},{"damage_healed":0.0,"max_hp_gain":0.0,"max_hp_loss":0.0,"gold_gain":0.0,"event_name":"Accursed Blacksmith","player_choice":"Forge","floor":8.0,"gold_loss":0.0,"damage_taken":0.0,"cards_upgraded":["Noxious Fumes"]},{"cards_removed":["Strike_G"],"damage_healed":0.0,"max_hp_gain":0.0,"max_hp_loss":0.0,"gold_gain":0.0,"event_name":"Purifier","player_choice":"Purged","floor":19.0,"gold_loss":0.0,"damage_taken":0.0}],"is_beta":false,"boss_relics":[{"not_picked":["Tiny House","Ring of the Serpent"],"picked":"Runic Dome"}],"items_purged_floors":[],"is_endless":false,"potions_floor_spawned":[5,10,14,16,21],"killed_by":"Centurion and Healer","ascension_level":19}}