{"host":"yhemb00fn7g5zwp1","time":1608298682,"event":{"mods":["AchievementEnabler","Act Like it!","BaseMod","CapriCore","Gensokyo","Highlight Path","KinomotoSakuraMod(Ä¾Ö®±¾Ó£)","Koishi","KomeijiMod","Marisa£¨ìFÓê¡¡Ä§ÀíÉ³£©","Minty Spire (QoL Compilation)","MostiFishMod","Pale of the Ancients","Prisma Mod","Reimu£¨²©ÀöÁéÃÎ£©","Remilia£¨ÀÙÃ×ÀòÑÇ£©","StSLib","Td1madao Mod","The Hayseed","The Servant 0.9.4","Youmu£¨»êÆÇÑýÃÎ£©","Yuyuko","¡¾¶«·½¶þ´Î´´×÷¡¿°ËÔÆ×Ïmod","¡¾ÒÅÎï¿¨ÅÆ¡¿REMEMod"],"gold_per_floor":[19,36,36,53,64,64,44,44,44,98,120,148,148,192,192,284,284,302,323,337,361,170,203,230,252,278,278,300,300,300,300,300,380,380,409,409,423,435,486,513,513,528,528,538,230,107,127,160,160,169,205],"floor_reached":52,"playtime":1755,"items_purged":["Strike_R"],"score":2201,"play_id":"a8d3c5fd-0525-4996-9a0e-3d9426b08a03","local_time":"20201218213802","is_ascension_mode":true,"campfire_choices":[{"data":"DemonKingCradle","floor":6.0,"key":"SMITH"},{"data":"Armaments","floor":8.0,"key":"SMITH"},{"data":"Heavy Blade","floor":15.0,"key":"SMITH"},{"data":"MostiFishMod:Mania","floor":27.0,"key":"SMITH"},{"data":"Feed","floor":29.0,"key":"SMITH"},{"floor":32.0,"key":"REST"},{"data":"Searing Blow","floor":41.0,"key":"SMITH"},{"data":"Heavy Blade","floor":49.0,"key":"SMITH"}],"circlet_count":0,"master_deck":["Strike_R+1","Defend_R+1","Defend_R+1","Defend_R+1","Bash+1","Pummel+1","Shrug It Off+1","DemonKingCradle+1","Heavy Blade+1","Thunderclap+1","Iron Wave+1","Armaments+1","Warcry+1","Thunderclap+1","Inflame+1","Feed+1","Pommel Strike+1","Sword Boomerang+1","MostiFishMod:#F4004+1","Iron Wave+1","REME_Cut+1","Warcry+1","MostiFishMod:Mania+1","Flex+1","Rage+1","MostiFishMod:CullingBlade+1","Pommel Strike+1","Sword Boomerang+1","Armaments","Searing Blow+1","Heavy Blade+1","Cleave","Pommel Strike","REME_Scribble+1"],"relics":["Burning Blood","REME_ComplimentaryCards","DaveBox","ShadowXiaoBlade","Question Card","REME_ArchaeologicalTools","Bottled Lightning","ImportantClient","JellyFishMachine","Happy Flower","War Paint","Bag of Marbles","MutagenicStrength","SlaversCollar","CatCart","Shuriken","Toxic Egg 2","BionicSphere","GoodDreamPillow","Lantern"],"acts_visited":["Exordium","TheCity","TheBeyond"],"potions_floor_usage":[51],"damage_taken":[{"damage":5.0,"enemies":"2 Louse","floor":1.0,"turns":2.0},{"damage":0.0,"enemies":"Cultist","floor":2.0,"turns":2.0},{"damage":7.0,"enemies":"Jaw Worm","floor":4.0,"turns":2.0},{"damage":10.0,"enemies":"Lots of Slimes","floor":5.0,"turns":3.0},{"damage":6.0,"enemies":"Gremlin Gang","floor":10.0,"turns":3.0},{"damage":0.0,"enemies":"Looter","floor":11.0,"turns":1.0},{"damage":0.0,"enemies":"Lots of Slimes","floor":12.0,"turns":3.0},{"damage":0.0,"enemies":"Lagavulin","floor":14.0,"turns":3.0},{"damage":50.0,"enemies":"The Guardian","floor":16.0,"turns":5.0},{"damage":16.0,"enemies":"3 Byrds","floor":18.0,"turns":3.0},{"damage":6.0,"enemies":"2 Thieves","floor":19.0,"turns":2.0},{"damage":0.0,"enemies":"Snake Plant","floor":20.0,"turns":2.0},{"damage":0.0,"enemies":"Cultist and Chosen","floor":21.0,"turns":3.0},{"damage":37.0,"enemies":"REME_1_Revenger","floor":23.0,"turns":4.0},{"damage":11.0,"enemies":"Centurion and Healer","floor":24.0,"turns":3.0},{"damage":0.0,"enemies":"Snake Plant","floor":25.0,"turns":2.0},{"damage":37.0,"enemies":"Shelled Parasite and Fungi","floor":28.0,"turns":3.0},{"damage":33.0,"enemies":"Collector","floor":33.0,"turns":4.0},{"damage":0.0,"enemies":"3 Shapes","floor":35.0,"turns":4.0},{"damage":0.0,"enemies":"Orb Walker","floor":37.0,"turns":2.0},{"damage":2.0,"enemies":"Orb Walker","floor":38.0,"turns":5.0},{"damage":4.0,"enemies":"Orin","floor":39.0,"turns":5.0},{"damage":0.0,"enemies":"Giant Head","floor":40.0,"turns":3.0},{"damage":0.0,"enemies":"Maw","floor":42.0,"turns":3.0},{"damage":5.0,"enemies":"Sphere and 2 Shapes","floor":44.0,"turns":2.0},{"damage":0.0,"enemies":"Spire Growth","floor":47.0,"turns":1.0},{"damage":0.0,"enemies":"Reptomancer","floor":48.0,"turns":2.0},{"damage":0,"enemies":"Awakened One","floor":50,"turns":4},{"damage":81,"enemies":"Donu and Deca","floor":51,"turns":10}],"seed_played":"2985470828582962458","potions_obtained":[{"floor":2.0,"key":"ElixirPotion"},{"floor":4.0,"key":"FearPotion"},{"floor":7.0,"key":"BloodPotion"},{"floor":14.0,"key":"Fire Potion"},{"floor":23.0,"key":"Regen Potion"},{"floor":33.0,"key":"SteroidPotion"},{"floor":35.0,"key":"Fire Potion"},{"floor":44.0,"key":"Ancient Potion"}],"is_trial":false,"path_per_floor":["M","M","?","M","M","R","?","R","T","M","M","M","?","E","R","B",null,"M","M","M","M","$","E","M","M","T","R","M","R","?","?","R","B",null,"M","?","M","?","?","E","R","M","T","M","$","?","M","E","R","B","B",null],"character_chosen":"IRONCLAD","items_purchased":["Happy Flower","BionicSphere","Pommel Strike"],"campfire_rested":1,"item_purchase_floors":[22,45,45],"current_hp_per_floor":[69,75,75,74,70,70,70,70,70,70,75,75,75,75,75,31,64,57,61,70,76,76,45,40,49,49,49,22,22,22,22,49,38,82,92,92,98,100,100,100,100,100,100,100,100,100,104,104,104,104,36],"gold":205,"neow_bonus":"TRANSFORM_TWO_CARDS","is_daily":false,"chose_seed":false,"campfire_upgraded":7,"win_rate":0.0,"timestamp":1608298682,"path_taken":["M","M","?","M","?","R","?","R","T","?","?","M","?","E","R","BOSS","M","?","M","M","$","E","M","M","T","R","?","R","?","?","R","BOSS","M","?","M","?","?","E","R","M","T","?","?","?","M","E","R","BOSS","BOSS"],"items_purchased_type":["Relic","Relic","Card"],"build_version":"2020-12-13","purchased_purges":1,"victory":true,"max_hp_per_floor":[75,75,75,75,75,75,75,75,75,75,75,75,75,75,75,75,75,78,82,85,85,85,85,85,88,88,88,92,92,92,92,92,96,96,100,100,100,100,100,100,100,100,100,100,100,100,104,104,104,104,111],"card_choices":[{"not_picked":["Havoc","Clash"],"picked":"Heavy Blade","floor":1.0},{"not_picked":["Blood for Blood","Intimidate","Body Slam"],"picked":"Thunderclap","floor":2.0},{"not_picked":["Battle Trance","True Grit","Anger"],"picked":"Iron Wave","floor":4.0},{"not_picked":["Wild Strike","Shockwave","Headbutt"],"picked":"Armaments","floor":5.0},{"not_picked":["Feel No Pain","Battle Trance","Fire Breathing","Flame Barrier"],"picked":"SKIP","floor":10.0},{"not_picked":["Blood for Blood","Combust","Anger"],"picked":"Warcry","floor":11.0},{"not_picked":["Shrug It Off","Fiend Fire","REME_FearOfPain"],"picked":"Thunderclap","floor":12.0},{"not_picked":["Shrug It Off","Clash","Pommel Strike"],"picked":"Inflame","floor":14.0},{"not_picked":["MostiFishMod:UltimateDefense","MostiFishMod:FireWorks","Exhume"],"picked":"Feed","floor":16.0},{"not_picked":["Warcry","Ghostly Armor","Shrug It Off"],"picked":"Pommel Strike","floor":18.0},{"not_picked":["Wild Strike","Headbutt+1","Anger"],"picked":"Sword Boomerang","floor":19.0},{"not_picked":["REME_FearOfPain","Wild Strike","Pommel Strike"],"picked":"MostiFishMod:#F4004","floor":20.0},{"not_picked":["Whirlwind","Fire Breathing","Armaments"],"picked":"Iron Wave","floor":21.0},{"not_picked":["Body Slam+1","Ghostly Armor","Evolve"],"picked":"REME_Cut+1","floor":23.0},{"not_picked":["Perfected Strike","Feel No Pain","Evolve"],"picked":"Warcry","floor":24.0},{"not_picked":["Thunderclap","REME_SingleHolding","Searing Blow"],"picked":"MostiFishMod:Mania","floor":25.0},{"not_picked":["Body Slam","Anger","Thunderclap"],"picked":"Flex","floor":28.0},{"not_picked":["MostiFishMod:Mania","MostiFishMod:NeverNightCountry","Offering"],"picked":"MostiFishMod:CullingBlade","floor":33.0},{"not_picked":["Power Through","Bloodletting+1","Flame Barrier+1"],"picked":"Pommel Strike","floor":35.0},{"not_picked":["Metallicize","Heavy Blade+1","Clash"],"picked":"Sword Boomerang","floor":37.0},{"not_picked":["Clothesline","Iron Wave","Warcry"],"picked":"Armaments","floor":38.0},{"not_picked":["Power Through+1","Spot Weakness","Thunderclap"],"picked":"Searing Blow","floor":40.0},{"not_picked":["Sword Boomerang+1","Hemokinesis","Entrench"],"picked":"Heavy Blade","floor":42.0},{"not_picked":["Intimidate+1","Seeing Red+1","Entrench+1"],"picked":"Cleave","floor":44.0},{"not_picked":["Searing Blow","Carnage","Bludgeon","Whirlwind"],"picked":"SKIP","floor":47.0},{"not_picked":["True Grit+1","Uppercut","Havoc+1"],"picked":"REME_Scribble+1","floor":48.0}],"player_experience":437885,"relics_obtained":[{"floor":1.0,"key":"Question Card"},{"floor":9.0,"key":"REME_ArchaeologicalTools"},{"floor":14.0,"key":"Bottled Lightning"},{"floor":16.0,"key":"ImportantClient"},{"floor":23.0,"key":"War Paint"},{"floor":26.0,"key":"Bag of Marbles"},{"floor":39.0,"key":"CatCart"},{"floor":40.0,"key":"Shuriken"},{"floor":43.0,"key":"Toxic Egg 2"},{"floor":48.0,"key":"Lantern"}],"event_choices":[{"cards_removed":["Strike_R"],"damage_healed":0.0,"max_hp_gain":0.0,"max_hp_loss":0.0,"gold_gain":0.0,"event_name":"Bonfire Elementals","player_choice":"Offered Basic","floor":3.0,"gold_loss":0.0,"damage_taken":0.0},{"damage_healed":0.0,"max_hp_gain":0.0,"max_hp_loss":0.0,"gold_gain":0.0,"event_name":"The Woman in Blue","player_choice":"Bought 1 Potion","floor":7.0,"gold_loss":0.0,"damage_taken":0.0},{"cards_removed":["Strike_R"],"damage_healed":0.0,"max_hp_gain":0.0,"max_hp_loss":0.0,"gold_gain":0.0,"event_name":"Purifier","player_choice":"Purged","floor":13.0,"gold_loss":0.0,"damage_taken":0.0},{"damage_healed":0.0,"max_hp_gain":0.0,"max_hp_loss":0.0,"gold_gain":0.0,"event_name":"The Library","player_choice":"Read","floor":30.0,"gold_loss":0.0,"damage_taken":0.0,"cards_obtained":["Rage"]},{"damage_healed":0.0,"max_hp_gain":0.0,"max_hp_loss":0.0,"gold_gain":0.0,"event_name":"Drug Dealer","player_choice":"Inject Mutagens","floor":31.0,"gold_loss":0.0,"damage_taken":0.0,"relics_obtained":["MutagenicStrength"]},{"damage_healed":0.0,"max_hp_gain":0.0,"max_hp_loss":0.0,"gold_gain":0.0,"event_name":"Tomb of Lord Red Mask","player_choice":"Ignored","floor":36.0,"gold_loss":0.0,"damage_taken":0.0},{"damage_healed":0.0,"max_hp_gain":0.0,"max_hp_loss":0.0,"gold_gain":0.0,"event_name":"OrinTheCat","player_choice":"Fight","floor":39.0,"gold_loss":0.0,"damage_taken":0.0}],"is_beta":false,"boss_relics":[{"not_picked":["Snecko Eye","Runic Cube"],"picked":"JellyFishMachine"},{"not_picked":["Calling Bell","Pandora\u0027s Box"],"picked":"SlaversCollar"}],"items_purged_floors":[22],"is_endless":false,"potions_floor_spawned":[2,4,10,14,16,21,23,33,35,40,42,44],"ascension_level":20}}