{"host":"svwqvw2il1zfkkg0","time":1608263864,"event":{"mods":["AchievementEnabler","BaseMod","BetterRewards","Colored Map","Colored Powertips","Custom Start","Downfall","GifTheSpireLib","Highlight Path","Hubris","Infinite Spire","Minty Spire (QoL Compilation)","Quick Restart","Replay The Spire","Shop Mod","StSLib","SuperFastMode"],"gold_per_floor":[13,33,33,208,226,237,237,263,263,294,306,318,353,388,400,531,543,541,52,65,65,86,86,110,131,157,198,212,236,261,32,32,32,32],"floor_reached":33,"playtime":1722,"items_purged":[],"score":308,"play_id":"8bb6a150-5566-4ddb-8786-7f7bc962c775","local_time":"20201217195744","is_ascension_mode":false,"campfire_choices":[{"floor":7,"key":"REST"},{"floor":12,"key":"REST"},{"floor":15,"key":"REST"},{"floor":23,"key":"REST"},{"floor":32,"key":"REST"}],"circlet_count":0,"master_deck":["Strike_G","Strike_G","Strike_G","Strike_G","Strike_G","Defend_G","Defend_G","Defend_G","Defend_G","Defend_G","Survivor","Neutralize","Sucker Punch","Prepared","Cloak And Dagger","Doubt","Dash","Blade Dance","Flechettes","Injury","Blade Dance","Cloak And Dagger","Replay:Bag of Tricks+1","Cloak And Dagger+1","Accuracy","Dash","PiercingWail","All Out Attack","Pot Of Greed","Pot Of Greed","Pot Of Greed","Prepared","Glass Knife","Cloak And Dagger+1"],"relics":["Ring of the Snake","hubris:TenFootPole","ReplayTheSpireMod:Lightbulb","MawBank","Golden Idol","Busted Crown","Happy Flower","infinitespire:Beetle Shell","Tiny Chest","Grinning Jar"],"acts_visited":["Exordium","TheCity"],"potions_floor_usage":[6,8,10,14,16,24,27,28,30,33,33],"damage_taken":[{"damage":0,"enemies":"2 Louse","floor":1,"turns":3},{"damage":0,"enemies":"Small Slimes","floor":2,"turns":3},{"damage":1,"enemies":"Cultist","floor":5,"turns":4},{"damage":28,"enemies":"Exordium Thugs","floor":6,"turns":8},{"damage":19,"enemies":"3 Sentries","floor":8,"turns":11},{"damage":41,"enemies":"Lagavulin","floor":10,"turns":9},{"damage":8,"enemies":"Looter","floor":13,"turns":3},{"damage":0,"enemies":"2 Fungi Beasts","floor":14,"turns":3},{"damage":49,"enemies":"Fading Forest","floor":16,"turns":11},{"damage":4,"enemies":"2 Thieves","floor":18,"turns":4},{"damage":0,"enemies":"3 Byrds","floor":20,"turns":5},{"damage":24,"enemies":"Centurion and Healer","floor":22,"turns":6},{"damage":0,"enemies":"3 Cultists","floor":24,"turns":5},{"damage":22,"enemies":"Shelled Parasite and Fungi","floor":25,"turns":4},{"damage":26,"enemies":"Gremlin Leader","floor":27,"turns":7},{"damage":4,"enemies":"Centurion and Healer","floor":28,"turns":3},{"damage":16,"enemies":"Cultist and Chosen","floor":29,"turns":7},{"damage":2,"enemies":"3 Cultists","floor":30,"turns":5},{"damage":56,"enemies":"Champ","floor":33,"turns":12}],"seed_played":"-583852628846353854","potions_obtained":[{"floor":1,"key":"Dexterity Potion"},{"floor":2,"key":"Energy Potion"},{"floor":5,"key":"Ancient Potion"},{"floor":10,"key":"Block Potion"},{"floor":14,"key":"Block Potion"},{"floor":24,"key":"BlessingOfTheForge"},{"floor":27,"key":"Strength Potion"},{"floor":29,"key":"Fire Potion"},{"floor":30,"key":"Energy Potion"}],"is_trial":false,"path_per_floor":["M","M","?","?","M","M","R","E","T","E","?","R","M","M","R","B",null,"M","$","M","?","M","R","M","M","T","E","M","M","M","$","R","B"],"character_chosen":"THE_SILENT","items_purchased":["Accuracy","Dash","Happy Flower","infinitespire:Beetle Shell","Block Potion","Glass Knife","Cloak And Dagger+1","Energy Potion"],"campfire_rested":5,"item_purchase_floors":[19,19,19,19,19,31,31,31],"current_hp_per_floor":[84,84,84,84,83,55,80,61,61,20,20,45,37,37,62,33,84,80,80,80,80,56,81,81,59,59,33,29,13,11,11,36,0,0],"gold":32,"neow_bonus":"TWENTY_PERCENT_HP_BONUS","is_daily":false,"chose_seed":false,"campfire_upgraded":0,"win_rate":0.0,"timestamp":1608263864,"path_taken":["M","M","?","?","M","M","R","E","T","E","?","R","M","M","R","BOSS","M","$","M","?","M","R","M","M","T","E","?","M","M","?","R","BOSS"],"items_purchased_type":["Card","Card","Relic","Relic","Potion","Card","Card","Potion"],"build_version":"2020-12-13","purchased_purges":0,"victory":false,"max_hp_per_floor":[84,84,84,84,84,84,84,84,84,84,84,84,84,84,84,84,84,84,84,84,84,84,84,84,84,84,84,84,84,84,84,84,84,84],"card_choices":[{"not_picked":["Outmaneuver","ReplayTheSpireMod:Scrap Shanks"],"picked":"Sucker Punch","floor":1},{"not_picked":["PiercingWail","Predator"],"picked":"Prepared","floor":2},{"not_picked":["Bane","Eviscerate"],"picked":"Dash","floor":5},{"not_picked":["Deadly Poison","Eviscerate"],"picked":"Blade Dance","floor":6},{"not_picked":["Blur","Grand Finale","Fluid Movement"],"picked":"SKIP","floor":8},{"not_picked":["Blur","Flechettes","hubris:TrickCloak"],"picked":"SKIP","floor":10},{"not_picked":["Blur","hubris:TrickCloak"],"picked":"Flechettes","floor":10},{"not_picked":["Quick Slash","Escape Plan"],"picked":"Blade Dance","floor":13},{"not_picked":["Sneak Up","Flying Knee"],"picked":"Cloak And Dagger","floor":14},{"not_picked":["infinitespire:Neurotoxin","Tools of the Trade"],"picked":"Replay:Bag of Tricks","floor":16},{"not_picked":[],"picked":"Cloak And Dagger+1","floor":18},{"not_picked":[],"picked":"PiercingWail","floor":20},{"not_picked":["Catalyst"],"picked":"SKIP","floor":22},{"not_picked":[],"picked":"All Out Attack","floor":24},{"not_picked":["Deadly Poison"],"picked":"SKIP","floor":25},{"not_picked":[],"picked":"Prepared","floor":27},{"not_picked":["ReplayTheSpireMod:Speed Training+1"],"picked":"SKIP","floor":28},{"not_picked":["Expertise+1"],"picked":"SKIP","floor":29},{"not_picked":["Slice"],"picked":"SKIP","floor":30}],"player_experience":390767,"relics_obtained":[{"floor":8,"key":"hubris:TenFootPole"},{"floor":9,"key":"ReplayTheSpireMod:Lightbulb"},{"floor":10,"key":"MawBank"},{"floor":26,"key":"Tiny Chest"},{"floor":27,"key":"Grinning Jar"}],"event_choices":[{"damage_healed":0,"gold_gain":175,"player_choice":"AGREE","damage_taken":0,"max_hp_gain":0,"max_hp_loss":0,"event_name":"Liars Game","floor":4,"gold_loss":0,"cards_obtained":["Doubt"]},{"damage_healed":0,"gold_gain":0,"player_choice":"Take Wound","damage_taken":0,"relics_obtained":["Golden Idol"],"max_hp_gain":0,"max_hp_loss":0,"event_name":"Golden Idol","floor":11,"gold_loss":0,"cards_obtained":["Injury"]},{"damage_healed":0,"gold_gain":0,"player_choice":"Upgraded","damage_taken":0,"max_hp_gain":0,"max_hp_loss":0,"event_name":"Upgrade Shrine","floor":21,"gold_loss":0,"cards_upgraded":["Replay:Bag of Tricks"]}],"is_beta":false,"boss_relics":[{"not_picked":["Snecko Scales","Snecko Eye"],"picked":"Busted Crown"}],"items_purged_floors":[],"is_endless":false,"potions_floor_spawned":[1,2,5,10,14,24,27,29,30],"killed_by":"Champ","ascension_level":0}}