{"host":"9tzam4717zt8ei1o","time":1608292191,"event":{"mods":["BaseMod","Colored Map","Keyboard Shortcuts","Minty Spire (QoL Compilation)","Quick Restart","StSLib","SuperFastMode"],"gold_per_floor":[119,135,151,301,321,321,321,332,332,344,24,24,37,48,48,48,48],"floor_reached":16,"playtime":357,"items_purged":["Strike_G"],"score":173,"play_id":"e626a17a-e6d7-413f-9b77-7cf9f54d1323","local_time":"20201218204951","is_ascension_mode":true,"campfire_choices":[{"data":"Crippling Poison","floor":6,"key":"SMITH"},{"floor":12,"key":"REST"},{"data":"A Thousand Cuts","floor":15,"key":"SMITH"}],"circlet_count":0,"master_deck":["AscendersBane","Strike_G","Strike_G","Strike_G","Strike_G","Defend_G","Defend_G","Defend_G","Defend_G","Defend_G","Survivor+1","Neutralize+1","Poisoned Stab","Crippling Poison+1","Dagger Spray","Leg Sweep+1","Accuracy","A Thousand Cuts+1"],"relics":["Ring of the Snake","Shuriken","War Paint"],"acts_visited":["Exordium"],"potions_floor_usage":[5,16,16],"damage_taken":[{"damage":0,"enemies":"Cultist","floor":1,"turns":4},{"damage":3,"enemies":"Small Slimes","floor":2,"turns":4},{"damage":5,"enemies":"2 Louse","floor":3,"turns":3},{"damage":26,"enemies":"Large Slime","floor":5,"turns":8},{"damage":9,"enemies":"Exordium Thugs","floor":8,"turns":5},{"damage":6,"enemies":"Gremlin Gang","floor":10,"turns":2},{"damage":1,"enemies":"Blue Slaver","floor":13,"turns":5},{"damage":9,"enemies":"Red Slaver","floor":14,"turns":5},{"damage":20,"enemies":"Slime Boss","floor":16,"turns":10}],"seed_played":"-5383331320717959712","potions_obtained":[{"floor":1,"key":"SpeedPotion"},{"floor":3,"key":"CunningPotion"},{"floor":10,"key":"ColorlessPotion"},{"floor":13,"key":"SpeedPotion"}],"is_trial":false,"path_per_floor":["M","M","M","?","M","R","?","M","T","M","$","R","M","M","R","B"],"character_chosen":"THE_SILENT","items_purchased":["War Paint","Accuracy"],"campfire_rested":1,"item_purchase_floors":[11,11],"current_hp_per_floor":[59,56,51,51,25,25,25,16,16,10,10,29,28,19,19,0,0],"gold":48,"neow_bonus":"UPGRADE_CARD","is_daily":false,"chose_seed":false,"campfire_upgraded":2,"win_rate":0.0,"timestamp":1608292191,"path_taken":["M","M","?","?","M","R","?","M","T","M","$","R","M","M","R","BOSS"],"items_purchased_type":["Relic","Card"],"build_version":"2020-12-13","purchased_purges":1,"victory":false,"max_hp_per_floor":[66,66,66,66,66,66,66,66,66,66,66,66,66,66,66,66,66],"card_choices":[{"not_picked":["Caltrops","Blur"],"picked":"Poisoned Stab","floor":1},{"not_picked":["Infinite Blades","All Out Attack"],"picked":"Crippling Poison","floor":2},{"not_picked":["Flying Knee","Bane"],"picked":"Dagger Spray","floor":3},{"not_picked":["Tactician","Slice","Poisoned Stab"],"picked":"SKIP","floor":5},{"not_picked":["Dagger Spray","All Out Attack"],"picked":"Leg Sweep","floor":8},{"not_picked":["Acrobatics","Dodge and Roll","Quick Slash"],"picked":"SKIP","floor":10},{"not_picked":["Dodge and Roll","Riddle With Holes","Dagger Spray"],"picked":"SKIP","floor":13},{"not_picked":["Poisoned Stab","Dagger Spray"],"picked":"A Thousand Cuts","floor":14}],"player_experience":77655,"relics_obtained":[{"floor":9,"key":"Shuriken"}],"event_choices":[{"damage_healed":0,"gold_gain":150,"player_choice":"AGREE","damage_taken":0,"max_hp_gain":0,"max_hp_loss":0,"event_name":"Liars Game","floor":4,"gold_loss":0,"cards_obtained":["Doubt"]},{"cards_removed":["Doubt"],"damage_healed":0,"gold_gain":0,"player_choice":"Forget","damage_taken":0,"max_hp_gain":0,"max_hp_loss":0,"event_name":"Living Wall","floor":7,"gold_loss":0}],"is_beta":false,"boss_relics":[],"items_purged_floors":[11],"is_endless":false,"potions_floor_spawned":[1,3,10,13],"killed_by":"Slime Boss","ascension_level":16}}