{"host":"6azrrw3tf7wb0f4b","time":1608261121,"event":{"mods":["BaseMod","DeckTracker","Minty Spire (QoL Compilation)","SuperFastMode"],"gold_per_floor":[110,35,45,45,70,70,109,109,109,125,143,143,176,201,201,325,325,345,260,284,284,299,299,299],"floor_reached":23,"playtime":575,"items_purged":["Strike_B"],"score":274,"play_id":"3e1d3f0a-cc44-4dee-a685-ab4a0d2d9645","local_time":"20201218121201","is_ascension_mode":true,"campfire_choices":[{"data":"Darkness","floor":6,"key":"SMITH"},{"data":"Hologram","floor":8,"key":"SMITH"},{"data":"Glacier","floor":12,"key":"SMITH"},{"floor":15,"key":"REST"}],"circlet_count":0,"master_deck":["Zap","Dualcast","Doom and Gloom","Darkness+1","Conserve Battery","Hologram+1","Glacier+1","Aggregate","Rebound","Machine Learning","Hyperbeam","Amplify","Thunder Strike","Capacitor","Hologram","Multi-Cast","Seek","Hologram+1","Cold Snap+1"],"relics":["Cracked Core","Golden Idol","Dead Branch","White Beast Statue","InkBottle","Pandora\u0027s Box","DataDisk"],"acts_visited":["Exordium","TheCity"],"potions_floor_usage":[7,20,22],"damage_taken":[{"damage":0,"enemies":"Cultist","floor":1,"turns":4},{"damage":0,"enemies":"Small Slimes","floor":3,"turns":2},{"damage":7,"enemies":"Jaw Worm","floor":5,"turns":3},{"damage":13,"enemies":"3 Sentries","floor":7,"turns":3},{"damage":2,"enemies":"Blue Slaver","floor":10,"turns":4},{"damage":11,"enemies":"Exordium Wildlife","floor":11,"turns":5},{"damage":9,"enemies":"Lagavulin","floor":13,"turns":6},{"damage":9,"enemies":"Red Slaver","floor":14,"turns":3},{"damage":8,"enemies":"Hexaghost","floor":16,"turns":9},{"damage":0,"enemies":"Chosen","floor":18,"turns":4},{"damage":11,"enemies":"Spheric Guardian","floor":20,"turns":5},{"damage":25,"enemies":"Cultist and Chosen","floor":22,"turns":4},{"damage":47,"enemies":"Slavers","floor":23,"turns":3}],"seed_played":"4496212667738171241","potions_obtained":[{"floor":1,"key":"LiquidMemories"},{"floor":10,"key":"PotionOfCapacity"},{"floor":11,"key":"GamblersBrew"},{"floor":13,"key":"Regen Potion"},{"floor":20,"key":"BlessingOfTheForge"},{"floor":22,"key":"SteroidPotion"}],"is_trial":false,"path_per_floor":["M","$","M","?","M","R","E","R","T","M","M","R","E","M","R","B",null,"M","?","M","?","M","E"],"character_chosen":"DEFECT","items_purchased":[],"campfire_rested":1,"item_purchase_floors":[],"current_hp_per_floor":[68,68,68,68,61,61,48,48,48,46,35,35,26,17,37,29,59,59,59,48,48,35,0,0],"gold":299,"neow_bonus":"THREE_CARDS","is_daily":false,"chose_seed":false,"campfire_upgraded":3,"win_rate":0.0,"timestamp":1608261121,"path_taken":["M","?","M","?","M","R","E","R","T","M","M","R","E","M","R","BOSS","M","?","M","?","M","E"],"items_purchased_type":[],"build_version":"2020-12-13","purchased_purges":1,"victory":false,"max_hp_per_floor":[75,75,75,69,69,69,69,69,69,69,69,69,69,69,69,69,69,69,69,69,69,69,69,69],"card_choices":[{"not_picked":["Beam Cell","Redo"],"picked":"Doom and Gloom","floor":0},{"not_picked":["Streamline","Barrage"],"picked":"Darkness","floor":1},{"not_picked":["Turbo","Double Energy"],"picked":"Conserve Battery","floor":3},{"not_picked":["Steam","Scrape","Stack"],"picked":"SKIP","floor":5},{"not_picked":["Turbo","Recycle"],"picked":"Hologram","floor":7},{"not_picked":["Sweeping Beam","Go for the Eyes"],"picked":"Glacier","floor":10},{"not_picked":["Recycle","Ball Lightning"],"picked":"Aggregate","floor":11},{"not_picked":["Blizzard","Stack","Static Discharge"],"picked":"SKIP","floor":13},{"not_picked":["Rip and Tear","Genetic Algorithm"],"picked":"Rebound","floor":14},{"not_picked":["Rainbow","Creative AI"],"picked":"Machine Learning","floor":16},{"not_picked":["Go for the Eyes","Fusion+1"],"picked":"Hologram+1","floor":18},{"not_picked":["Cold Snap","Beam Cell","Barrage"],"picked":"SKIP","floor":20},{"not_picked":["Go for the Eyes","Genetic Algorithm"],"picked":"Cold Snap+1","floor":22}],"player_experience":600972,"relics_obtained":[{"floor":7,"key":"Dead Branch"},{"floor":9,"key":"White Beast Statue"},{"floor":13,"key":"InkBottle"}],"event_choices":[{"damage_healed":0,"gold_gain":0,"player_choice":"Lose Max HP","damage_taken":0,"relics_obtained":["Golden Idol"],"max_hp_gain":0,"max_hp_loss":6,"event_name":"Golden Idol","floor":4,"gold_loss":0},{"damage_healed":0,"gold_gain":0,"player_choice":"Obtained Relic","damage_taken":0,"relics_obtained":["DataDisk"],"max_hp_gain":0,"max_hp_loss":0,"event_name":"Addict","floor":19,"gold_loss":85},{"damage_healed":0,"gold_gain":0,"player_choice":"Ignored","damage_taken":0,"max_hp_gain":0,"max_hp_loss":0,"event_name":"Cursed Tome","floor":21,"gold_loss":0}],"is_beta":false,"boss_relics":[{"not_picked":["Nuclear Battery","Inserter"],"picked":"Pandora\u0027s Box"}],"items_purged_floors":[2],"is_endless":false,"potions_floor_spawned":[1,10,11,13,14,16,18,20,22],"killed_by":"Slavers","ascension_level":7}}