{"host":"a8v0czv88scrgx5i","time":1608276675,"event":{"mods":["2.2 Compatiblity","Act Like it!","Aspiration","Astrologer","Bard","BaseMod","Beaked The Cultist","Better Third Choice","BetterRewards","Colored Map","Colored Powertips","Curses Come First","Dota2Spire","Downfall","Friendly Minions","GifTheSpireLib","GungeonMod","Hermit","Hubris","Infinite Spire","Luminous","Marisa????????","Minty Spire (QoL Compilation)","READ ME - Guardian Mod","Rare Cards Sparkle","Relic Sorter","Replay The Spire","Shade Mod","Shop Mod","StSLib","The Animator","The Blackbeard","The Bug Knight","The Construct","The Cursed","The Disciple","The Elementalist","The Hierophant","The Jungle","The Mystic","The Necromancer","The Runesmith","The Servant 0.9.4","The Spell Scribe","vexMod"],"gold_per_floor":[99,129,129,129,139,124,148,162,12,43,28,42,52,62,74,169,169,94,111,126,142,162,162,185,211,211,245,291,331,392,439,457,590,590,590,590,433,476,493,534,614,628,687,719,719,761,790,836,847,877,877,937,864,864,864,864],"floor_reached":55,"playtime":3029,"items_purged":["champ:EnGarde+1"],"score":1037,"play_id":"c8834b7c-8ba4-4f49-98b4-b1207bf1ed92","local_time":"20201218023115","is_ascension_mode":false,"campfire_choices":[{"data":"champ:Execute","floor":1,"key":"SMITH"},{"floor":4,"key":"RECALL"},{"data":"champ:Taunt","floor":9,"key":"SMITH"},{"data":"champ:GladiatorStyle","floor":18,"key":"SMITH"},{"data":"champ:Haymaker","floor":23,"key":"SMITH"},{"data":"champ:IgnorePain","floor":26,"key":"SMITH"},{"data":"champ:BladeFlurry","floor":35,"key":"SMITH"},{"data":"theScribe:AmplifyingSpellstone","floor":54,"key":"SMITH"}],"circlet_count":0,"master_deck":["champ:Strike","champ:Strike","champ:Defend","champ:Defend","champ:Defend","champ:Execute+1","champ:Taunt+1","champ:BladeFlurry+1","champ:IgnorePain+1","champ:BladeFlurry+1","champ:RecklessLeap","champ:GladiatorStyle+1","champ:LastStand","champ:Haymaker+1","champ:BladeFlurry","champ:PreciseThrust+1","champ:ViciousMockery+1","champ:HoldFirm","champ:BladeFlurry","champ:GladiatorsShout","hubris:DuctTapeCard","champ:GladiatorStyle+1","theScribe:FalseLife","theScribe:AmplifyingSpellstone+1","champ:GladiatorStyle+1"],"relics":["Empty Cage","hubris:CrackedHourglass","Dota2Spire:BladeMail","vexMod:InvisibilityCloak","downfall:HeartBlessingRed","downfall:HeartBlessingBlue","Akabeko","beaked:MawFillet","downfall:HeartBlessingGreen","Replay:Wax Seal","Boot","Dota2Spire:HandOfMidas","Replay:Rubber Ducky","Vajra","Membership Card","MerchantsRug","Sundial","hubris:TinFlute","hubris:DuctTape","Bag of Preparation","aspiration:ScribeSkillbook","aspiration:EmptySkull","aspiration:AnachronicSnailShell","DollysMirror"],"acts_visited":["Exordium","TheCity","TheBeyond","TheEnding"],"potions_floor_usage":[33,44,55,55],"damage_taken":[{"damage":79,"enemies":"HollowMod:MossKnight","floor":2,"turns":14},{"damage":10,"enemies":"Small Slimes","floor":5,"turns":3},{"damage":5,"enemies":"downfall:FleeingMerchant","floor":6,"turns":4},{"damage":5,"enemies":"infinitespire:Voidling","floor":8,"turns":4},{"damage":28,"enemies":"Lagavulin","floor":10,"turns":7},{"damage":15,"enemies":"downfall:FleeingMerchant","floor":11,"turns":4},{"damage":0,"enemies":"Cultist","floor":12,"turns":1},{"damage":3,"enemies":"2 Fungi Beasts","floor":13,"turns":3},{"damage":18,"enemies":"Lots of Slimes","floor":14,"turns":5},{"damage":5,"enemies":"Exordium Wildlife","floor":15,"turns":3},{"damage":26,"enemies":"downfall:Watcher","floor":16,"turns":9},{"damage":17,"enemies":"Chosen","floor":19,"turns":2},{"damage":4,"enemies":"Shelled Parasite and Fungi","floor":20,"turns":4},{"damage":15,"enemies":"Snake Plant","floor":21,"turns":3},{"damage":8,"enemies":"Snecko","floor":22,"turns":3},{"damage":39,"enemies":"HollowMod:Nosk","floor":25,"turns":6},{"damage":26,"enemies":"Gremlin Leader","floor":27,"turns":4},{"damage":21,"enemies":"3 Cultists","floor":28,"turns":5},{"damage":5,"enemies":"Shelled Parasite and Fungi","floor":29,"turns":2},{"damage":25,"enemies":"HollowMod:Nosk","floor":30,"turns":11},{"damage":35,"enemies":"Centurion and Healer","floor":31,"turns":11},{"damage":23,"enemies":"Snake Plant","floor":32,"turns":3},{"damage":10,"enemies":"downfall:Ironclad","floor":33,"turns":6},{"damage":18,"enemies":"downfall:FleeingMerchant","floor":37,"turns":4},{"damage":10,"enemies":"3 Darklings","floor":38,"turns":4},{"damage":5,"enemies":"Orb Walker","floor":39,"turns":2},{"damage":3,"enemies":"Transient","floor":40,"turns":5},{"damage":0,"enemies":"Sphere and 2 Shapes","floor":42,"turns":2},{"damage":0,"enemies":"Nemesis","floor":43,"turns":5},{"damage":0,"enemies":"Reptomancer","floor":44,"turns":2},{"damage":0,"enemies":"3 Darklings","floor":46,"turns":3},{"damage":0,"enemies":"beaked:SuperParasite","floor":47,"turns":3},{"damage":0,"enemies":"Writhing Mass","floor":48,"turns":2},{"damage":0,"enemies":"4 Shapes","floor":49,"turns":3},{"damage":5,"enemies":"downfall:Defect","floor":50,"turns":4},{"damage":31,"enemies":"downfall:CharBossMerchant","floor":52,"turns":5},{"damage":27,"enemies":"downfall:NeowBoss","floor":55,"turns":8}],"seed_played":"-2822768400545404045","potions_obtained":[{"floor":2,"key":"Slimebound:ThreeZeroPotion"},{"floor":8,"key":"DemoMod:BlankPotion"},{"floor":12,"key":"LiquidBronze"},{"floor":13,"key":"Milkshake"},{"floor":14,"key":"Dota2Spire:HealingSalve"},{"floor":33,"key":"Fire Potion"},{"floor":47,"key":"Guardian:BlockOnCardUsePotion"}],"is_trial":false,"path_per_floor":["R","E","?","R","M","$","T","M","R","E","$","M","M","M","M","B",null,"R","M","M","M","M","R","T","E","R","E","M","M","E","M","M","B",null,"R","?","$","M","M","M","T","M","E","E","AVR","M","E","M","M","B",null,"E","$","R","B"],"character_chosen":"THE_CHAMP","items_purchased":["Vajra","Membership Card","MerchantsRug","Sundial","DollysMirror"],"campfire_rested":0,"item_purchase_floors":[37,37,37,37,53],"current_hp_per_floor":[90,49,49,49,49,49,49,49,59,46,46,46,43,40,35,9,100,100,98,94,94,86,86,86,70,70,70,70,68,58,58,35,25,105,105,105,105,95,90,87,87,87,87,87,87,87,87,87,87,87,105,77,77,77,0,0],"gold":864,"neow_bonus":"BOSS_RELIC","is_daily":false,"chose_seed":false,"campfire_upgraded":7,"win_rate":0.0,"timestamp":1608276675,"path_taken":["R","E","?","R","M","$","T","M","R","E","$","M","M","M","M","BOSS","R","M","M","M","M","R","T","E","R","E","?","?","E","M","M","BOSS","R","?","?","M","?","M","T","M","E","E","AVR","M","E","M","M","BOSS","E","$","R","BOSS"],"items_purchased_type":["Relic","Relic","Relic","Relic","Relic"],"build_version":"2020-12-13","purchased_purges":1,"victory":false,"max_hp_per_floor":[90,90,90,90,90,90,90,90,100,100,100,100,100,100,100,100,100,100,100,100,100,100,100,100,100,100,100,100,100,100,105,105,105,105,105,105,105,105,105,105,105,105,105,105,105,105,105,105,105,105,105,105,105,105,105,105],"card_choices":[{"not_picked":["champ:RapidStrikes","champ:AdrenalArmor"],"picked":"champ:BladeFlurry","floor":2},{"not_picked":["champ:AdrenalArmor","champ:CrookedStrike","champ:BringItOn"],"picked":"SKIP","floor":5},{"not_picked":["champ:AdrenalArmor","champ:TornadoPunch"],"picked":"champ:IgnorePain","floor":6},{"not_picked":["champ:Aggression","champ:Encircle"],"picked":"champ:BladeFlurry","floor":8},{"not_picked":["champ:AdrenalArmor","champ:PerfectedStrike","champ:BerserkersShout"],"picked":"SKIP","floor":10},{"not_picked":["champ:AdrenalArmor","champ:Balance","champ:Control"],"picked":"SKIP","floor":11},{"not_picked":["champ:IronFortress","champ:ShieldWall","champ:CalledShot"],"picked":"SKIP","floor":12},{"not_picked":["champ:BerserkersShout","champ:GutPunch"],"picked":"champ:RecklessLeap","floor":13},{"not_picked":["champ:FocusedBerserking","champ:Circumvent","champ:FanOfKnives"],"picked":"SKIP","floor":14},{"not_picked":["champ:Lariat","champ:Backstep"],"picked":"champ:GladiatorStyle","floor":15},{"not_picked":["champ:CrownThrow","champ:ShieldThrow"],"picked":"champ:LastStand","floor":16},{"not_picked":["champ:ArenaPreparation","champ:BringItOn","champ:Circumvent"],"picked":"SKIP","floor":19},{"not_picked":["champ:GladiatorsShout+1","champ:RapidStrikes","champ:BerserkerStyle"],"picked":"SKIP","floor":20},{"not_picked":["champ:Encircle","champ:FanOfKnives"],"picked":"champ:Haymaker","floor":21},{"not_picked":["champ:TornadoPunch+1","champ:Haymaker"],"picked":"champ:FanOfKnives","floor":22},{"not_picked":["champ:FightOn","champ:Aggression+1"],"picked":"champ:GladiatorsShout","floor":25},{"not_picked":["champ:BerserkersShout","champ:TornadoPunch"],"picked":"champ:FightOn","floor":27},{"not_picked":["champ:DefensiveStyle+1","champ:RecklessLeap"],"picked":"champ:BladeFlurry","floor":28},{"not_picked":["champ:Aggression+1","champ:Duel"],"picked":"champ:PreciseThrust+1","floor":29},{"not_picked":["champ:AdrenalArmor+1","champ:Devastate","champ:Encircle+1"],"picked":"SKIP","floor":30},{"not_picked":["champ:Control","champ:EndlessRage","champ:PerfectedStrike"],"picked":"SKIP","floor":31},{"not_picked":["champ:Haymaker+1","champ:GladiatorsShout"],"picked":"champ:ViciousMockery+1","floor":32},{"not_picked":["champ:Improvising","champ:LastStand"],"picked":"champ:HoldFirm","floor":33},{"not_picked":["champ:BringItOn","champ:GladiatorsShout+1"],"picked":"champ:BladeFlurry","floor":37},{"not_picked":["champ:FaceSlap","champ:SkillfulDodge"],"picked":"champ:GladiatorsShout","floor":38},{"not_picked":["champ:Encircle+1","champ:BladeFlurry+1"],"picked":"champ:EnGarde+1","floor":39},{"not_picked":["champ:CrownThrow","champ:FocusedDefense","champ:GladiatorsShout"],"picked":"SKIP","floor":40},{"not_picked":["champ:Duel","champ:Encircle+1","champ:DefensiveShout"],"picked":"SKIP","floor":42},{"not_picked":["champ:FanOfKnives","champ:DeathBlow+1","champ:BladeFlurry+1"],"picked":"SKIP","floor":43},{"not_picked":["champ:FanOfKnives","champ:DeathBlow+1","champ:BladeFlurry+1"],"picked":"SKIP","floor":43},{"not_picked":["champ:Backstep+1","champ:FaceSlap+1","champ:GutPunch+1"],"picked":"SKIP","floor":44},{"not_picked":["champ:FaceSlap+1","theScribe:BarrierOfLight+1","champ:FalseCounter","theScribe:PiercingBolts+1"],"picked":"SKIP","floor":46},{"not_picked":["champ:CalledShot+1","champ:ArenaPreparation","champ:FocusedDefense+1"],"picked":"champ:GladiatorStyle+1","floor":47},{"not_picked":["champ:Shatter+1","champ:BladeFlurry","champ:ShieldWall","theScribe:GatherComponents+1"],"picked":"SKIP","floor":48},{"not_picked":["theScribe:Overcharge","champ:TornadoPunch+1","champ:Backstep"],"picked":"theScribe:FalseLife","floor":49},{"not_picked":["theScribe:Frost+1","theScribe:WordsOfPower","theScribe:ThrownScroll"],"picked":"theScribe:AmplifyingSpellstone","floor":52}],"player_experience":941928,"relics_obtained":[{"floor":2,"key":"vexMod:InvisibilityCloak"},{"floor":10,"key":"Akabeko"},{"floor":24,"key":"Replay:Wax Seal"},{"floor":25,"key":"Boot"},{"floor":27,"key":"Dota2Spire:HandOfMidas"},{"floor":30,"key":"Replay:Rubber Ducky"},{"floor":41,"key":"hubris:TinFlute"},{"floor":43,"key":"Dota2Spire:BladeMail"},{"floor":44,"key":"hubris:DuctTape"},{"floor":47,"key":"aspiration:EmptySkull"},{"floor":52,"key":"aspiration:AnachronicSnailShell"}],"event_choices":[{"cards_removed":["champ:Defend"],"damage_healed":0,"gold_gain":0,"player_choice":"Purged","damage_taken":0,"max_hp_gain":0,"max_hp_loss":0,"event_name":"Purifier","floor":3,"gold_loss":0},{"damage_healed":0,"gold_gain":0,"player_choice":"Upgraded","damage_taken":0,"max_hp_gain":0,"max_hp_loss":0,"event_name":"Upgrade Shrine","floor":36,"gold_loss":0,"cards_upgraded":["champ:BladeFlurry"]}],"is_beta":false,"boss_relics":[{"not_picked":["Fusion Hammer","Kintsugi"],"picked":"beaked:MawFillet"},{"not_picked":["ReplayTheSpireMod:DimensionalGlitch","Astrolabe"],"picked":"hubris:CrackedHourglass"}],"items_purged_floors":[45],"is_endless":false,"potions_floor_spawned":[2,8,12,13,14,16,21,22,28,31,33,39,40,42,44,47,49],"killed_by":"downfall:NeowBoss","ascension_level":0}}