{"host":"q87smtchbkq9l0at","time":1608285601,"event":{"mods":["Ascension Reborn","BaseMod","Colored Map","Colored Powertips","Minty Spire (QoL Compilation)","Quick Restart","StSLib","SuperFastMode","noobMod"],"gold_per_floor":[110,120,120,120,70,113,126,126,126,151,167,167,167],"floor_reached":12,"playtime":406,"items_purged":[],"score":80,"play_id":"59757a28-0be2-4301-9c00-173618d2020b","local_time":"20201218180001","is_ascension_mode":true,"campfire_choices":[{"data":"Thunderclap","floor":8.0,"key":"SMITH"}],"circlet_count":0,"master_deck":["Strike_R","Strike_R","Strike_R","Defend_R","Defend_R","Defend_R","Defend_R+1","Bash+1","Battle Trance","Burning Pact","Thunderclap+1","Pommel Strike"],"relics":["Burning Blood","ice","Golden Idol","Mango","Torii"],"acts_visited":["Exordium"],"potions_floor_usage":[],"damage_taken":[{"damage":3.0,"enemies":"2 Louse","floor":1.0,"turns":4.0},{"damage":3.0,"enemies":"Jaw Worm","floor":2.0,"turns":6.0},{"damage":35.0,"enemies":"Lagavulin","floor":6.0,"turns":8.0},{"damage":0.0,"enemies":"Small Slimes","floor":7.0,"turns":3.0},{"damage":17,"enemies":"Exordium Thugs","floor":10,"turns":8},{"damage":2,"enemies":"Lots of Slimes","floor":11,"turns":3},{"damage":0,"enemies":"3 Sentries","floor":12,"turns":1}],"seed_played":"1406868368370457423","potions_obtained":[{"floor":1.0,"key":"Ancient Potion"},{"floor":11,"key":"BlessingOfTheForge"}],"is_trial":false,"path_per_floor":["M","M","?","?","?","E","M","R","T","M","M","E"],"character_chosen":"IRONCLAD","items_purchased":[],"campfire_rested":0,"item_purchase_floors":[],"current_hp_per_floor":[80,80,64,44,44,29,35,35,35,24,28,28,28],"gold":167,"neow_bonus":"REMOVE_CARD","is_daily":false,"chose_seed":false,"campfire_upgraded":1,"win_rate":0.0,"timestamp":1608285601,"path_taken":["M","M","?","?","?","E","M","R","T","M","M","E"],"items_purchased_type":[],"build_version":"2020-12-13","purchased_purges":0,"victory":false,"max_hp_per_floor":[80,80,80,80,80,94,94,94,94,94,94,94,94],"card_choices":[{"not_picked":["Havoc","Shrug It Off"],"picked":"Battle Trance","floor":1.0},{"not_picked":["Flex","Rampage","Dropkick"],"picked":"SKIP","floor":2.0},{"not_picked":["Twin Strike","Feed"],"picked":"Burning Pact","floor":6.0},{"not_picked":["Dark Embrace","Uppercut"],"picked":"Thunderclap","floor":7.0},{"not_picked":["Whirlwind","Uppercut"],"picked":"Pommel Strike","floor":10},{"not_picked":["True Grit","Sword Boomerang","Pommel Strike"],"picked":"SKIP","floor":11}],"player_experience":34783,"relics_obtained":[{"floor":6.0,"key":"Mango"},{"floor":9.0,"key":"Torii"}],"event_choices":[{"damage_healed":0.0,"max_hp_gain":0.0,"max_hp_loss":0.0,"gold_gain":0.0,"event_name":"Shining Light","player_choice":"Entered Light","floor":3.0,"gold_loss":0.0,"damage_taken":16.0,"cards_upgraded":["Defend_R","Bash"]},{"damage_healed":0.0,"max_hp_gain":0.0,"max_hp_loss":0.0,"gold_gain":0.0,"event_name":"Golden Idol","player_choice":"Take Damage","floor":4.0,"gold_loss":0.0,"damage_taken":20.0,"relics_obtained":["Golden Idol"]},{"cards_removed":["Strike_R"],"damage_healed":0.0,"max_hp_gain":0.0,"max_hp_loss":0.0,"gold_gain":0.0,"event_name":"The Cleric","player_choice":"Card Removal","floor":5.0,"gold_loss":50.0,"damage_taken":0.0}],"is_beta":false,"boss_relics":[],"items_purged_floors":[],"is_endless":false,"potions_floor_spawned":[1,11],"killed_by":"3 Sentries","ascension_level":0}}