{"host":"z9grmtg2w0nmz8n1","time":1608318595,"event":{"mods":["Aspiration","Bard","BaseMod","Beaked The Cultist","Better Altar","Better Match","Better Note","Better Sensory Stone","Better Skull","Better Third Choice","BetterRewards","CCEM","Colored Map","Conspire","Downfall","GifTheSpireLib","Googly Eyes","Halation","Hermit","Highlight Path","Hubris","Hunter ??","Jedi Mod","Jorbs\u0027s Wanderer Trilogy","Mad Scientist","Marisa????????","Minty Spire (QoL Compilation)","Permanent Neow","Replay The Spire","Spicy Shops","StSLib","Stuff the Spire","The Bug Knight"],"gold_per_floor":[210,230,230,260,271,271,271],"floor_reached":6,"playtime":461,"items_purged":[],"score":36,"play_id":"308832e6-b522-44a5-b635-70923991abb3","local_time":"20201218170955","is_ascension_mode":false,"campfire_choices":[],"circlet_count":0,"master_deck":["MadScienceMod:Strike_MadScience","MadScienceMod:Strike_MadScience","MadScienceMod:Strike_MadScience","MadScienceMod:Strike_MadScience","MadScienceMod:Defend_MadScience","MadScienceMod:Defend_MadScience","MadScienceMod:Defend_MadScience","MadScienceMod:Defend_MadScience","MadScienceMod:PoweredStrike","MadScienceMod:HideBehindJunk","MadScienceMod:FumeBlast","MadScienceMod:AutoStrike","MadScienceMod:RadioactiveSword","MadScienceMod:Strafe"],"relics":["MadScienceMod:FuelTank","hubris:Towel","StoneCalendar"],"acts_visited":["Exordium"],"potions_floor_usage":[5],"damage_taken":[{"damage":7,"enemies":"Jaw Worm","floor":1,"turns":4},{"damage":15,"enemies":"Small Slimes","floor":2,"turns":5},{"damage":30,"enemies":"conspire:MimicChest","floor":4,"turns":8},{"damage":2,"enemies":"2 Louse","floor":5,"turns":2},{"damage":26,"enemies":"Lagavulin","floor":6,"turns":6}],"seed_played":"-8101386117838127550","potions_obtained":[{"floor":4,"key":"Adrenaline Potion"}],"is_trial":false,"path_per_floor":["M","M","?","?","M","E"],"character_chosen":"MAD_SCIENTIST","items_purchased":[],"campfire_rested":0,"item_purchase_floors":[],"current_hp_per_floor":[68,53,53,23,21,0,0],"gold":271,"neow_bonus":"HUNDRED_GOLD","is_daily":false,"chose_seed":false,"campfire_upgraded":0,"win_rate":0.0,"timestamp":1608318595,"path_taken":["M","M","?","?","M","E"],"items_purchased_type":[],"build_version":"2020-12-13","purchased_purges":0,"victory":false,"max_hp_per_floor":[75,75,75,75,75,75,75],"card_choices":[{"not_picked":["MadScienceMod:ExploreOptions","MadScienceMod:CaptureMomentum"],"picked":"MadScienceMod:FumeBlast","floor":1},{"not_picked":["MadScienceMod:RadioactiveSword","MadScienceMod:Redesign"],"picked":"MadScienceMod:AutoStrike","floor":2},{"not_picked":["MadScienceMod:NowOrNever","MadScienceMod:FumeBlast"],"picked":"MadScienceMod:RadioactiveSword","floor":4},{"not_picked":["MadScienceMod:Probe","MadScienceMod:FragmentationGrenade"],"picked":"MadScienceMod:Strafe","floor":5}],"player_experience":593233,"relics_obtained":[{"floor":4,"key":"StoneCalendar"}],"event_choices":[],"is_beta":false,"boss_relics":[],"items_purged_floors":[],"is_endless":false,"potions_floor_spawned":[4],"killed_by":"Lagavulin","ascension_level":0}}