{"host":"eucopuczzpq6ao5y","time":1608279236,"event":{"mods":["BaseMod","Colored Powertips","Downfall","Googly Eyes","Minty Spire (QoL Compilation)","StSLib"],"gold_per_floor":[116,116,130,141,416,416,429,429,429],"floor_reached":8,"playtime":177,"items_purged":[],"score":65,"play_id":"0b80ac30-3d54-4168-b292-bf0be422501a","local_time":"20201218001355","is_ascension_mode":true,"campfire_choices":[{"data":"Poisoned Stab","floor":6.0,"key":"SMITH"}],"circlet_count":0,"master_deck":["Strike_G","Strike_G","Strike_G","Strike_G","Strike_G","Defend_G","Defend_G","Defend_G","Defend_G","Defend_G","Survivor","Neutralize","Backflip","Poisoned Stab+1","Die Die Die","Regret","Phantasmal Killer"],"relics":["Ring of the Snake","NeowsBlessing"],"acts_visited":[],"potions_floor_usage":[],"damage_taken":[{"damage":0.0,"enemies":"Small Slimes","floor":1.0,"turns":1.0},{"damage":0.0,"enemies":"Cultist","floor":3.0,"turns":1.0},{"damage":0.0,"enemies":"Jaw Worm","floor":4.0,"turns":1.0},{"damage":14.0,"enemies":"3 Louse","floor":7.0,"turns":3.0},{"damage":0,"enemies":"3 Sentries","floor":8,"turns":1}],"seed_played":"-4937393287364963453","potions_obtained":[{"floor":1.0,"key":"FairyPotion"},{"floor":4.0,"key":"Dexterity Potion"}],"is_trial":false,"path_per_floor":["M","?","M","M","?","R","M","E"],"character_chosen":"THE_SILENT","items_purchased":[],"campfire_rested":0,"item_purchase_floors":[],"current_hp_per_floor":[63,63,63,63,63,63,49,49,49],"gold":429,"neow_bonus":"THREE_ENEMY_KILL","is_daily":false,"chose_seed":false,"campfire_upgraded":1,"win_rate":0.0,"timestamp":1608279235,"path_taken":["M","?","M","M","?","R","M","E"],"items_purchased_type":[],"build_version":"2020-12-13","purchased_purges":0,"victory":false,"max_hp_per_floor":[70,70,70,70,70,70,70,70,70],"card_choices":[{"not_picked":["Well Laid Plans","Concentrate"],"picked":"Backflip","floor":1.0},{"not_picked":["Bane","Finisher"],"picked":"Poisoned Stab","floor":3.0},{"not_picked":["Blade Dance","Quick Slash"],"picked":"Die Die Die","floor":4.0},{"not_picked":["Infinite Blades","Deflect"],"picked":"Phantasmal Killer","floor":7.0}],"player_experience":288969,"relics_obtained":[],"event_choices":[{"damage_healed":0.0,"max_hp_gain":0.0,"max_hp_loss":0.0,"gold_gain":0.0,"event_name":"The Cleric","player_choice":"Leave","floor":2.0,"gold_loss":0.0,"damage_taken":0.0},{"damage_healed":0.0,"max_hp_gain":0.0,"max_hp_loss":0.0,"gold_gain":275.0,"event_name":"Golden Shrine","player_choice":"Desecrate","floor":5.0,"gold_loss":0.0,"damage_taken":0.0,"cards_obtained":["Regret"]}],"is_beta":false,"boss_relics":[],"items_purged_floors":[],"is_endless":false,"potions_floor_spawned":[1,4],"killed_by":"3 Sentries","ascension_level":7}}