{"host":"qrt7o4dq2qslzw13","time":1608330166,"event":{"mods":["AchievementEnabler","BaseMod","Colored Map","Colored Powertips","Minty Spire (QoL Compilation)","Quick Restart","Rare Cards Sparkle","StSLib","SuperFastMode"],"gold_per_floor":[109,122,138,155,111,111,141,141,191,191,191,209,209,229,229,302,302,315,315,315],"floor_reached":19,"playtime":641,"items_purged":[],"score":338,"play_id":"74c89d74-8b94-4202-8aa9-d129d5e8f8b2","local_time":"20201218172246","is_ascension_mode":true,"campfire_choices":[{"data":"Corruption","floor":6.0,"key":"SMITH"},{"data":"Dark Embrace","floor":8.0,"key":"SMITH"},{"data":"Impervious","floor":11.0,"key":"SMITH"},{"floor":15.0,"key":"REST"}],"circlet_count":0,"master_deck":["AscendersBane","Strike_R","Strike_R","Strike_R","Strike_R","Defend_R","Defend_R","Defend_R","Defend_R","Bash","Shame","Corruption+1","Hemokinesis","Power Through","Infernal Blade","Bloodletting+1","Dark Embrace+1","Impervious+1","Sentinel","Hemokinesis","Entrench","Berserk","Rampage"],"relics":["Burning Blood","Bottled Lightning","Boot","Cursed Key"],"acts_visited":["TheCity"],"potions_floor_usage":[],"damage_taken":[{"damage":1.0,"enemies":"Cultist","floor":1.0,"turns":3.0},{"damage":12.0,"enemies":"2 Louse","floor":2.0,"turns":4.0},{"damage":4.0,"enemies":"Jaw Worm","floor":3.0,"turns":3.0},{"damage":2.0,"enemies":"Red Slaver","floor":4.0,"turns":3.0},{"damage":37.0,"enemies":"3 Sentries","floor":7.0,"turns":7.0},{"damage":7.0,"enemies":"3 Louse","floor":12.0,"turns":5.0},{"damage":4.0,"enemies":"Blue Slaver","floor":14.0,"turns":3.0},{"damage":71.0,"enemies":"Slime Boss","floor":16.0,"turns":12.0},{"damage":27.0,"enemies":"Spheric Guardian","floor":18.0,"turns":6.0},{"damage":0,"enemies":"2 Thieves","floor":19,"turns":1}],"seed_played":"-1881131479104897108","potions_obtained":[{"floor":1.0,"key":"SpeedPotion"},{"floor":2.0,"key":"FearPotion"},{"floor":12.0,"key":"Fruit Juice"},{"floor":14.0,"key":"SpeedPotion"},{"floor":18.0,"key":"PowerPotion"}],"is_trial":false,"path_per_floor":["M","M","M","M","$","R","E","R","T","?","R","M","?","M","R","B",null,"M","M"],"character_chosen":"IRONCLAD","items_purchased":["Dark Embrace"],"campfire_rested":1,"item_purchase_floors":[5],"current_hp_per_floor":[73,67,69,73,73,73,42,42,42,42,42,46,46,48,72,7,62,41,41,41],"gold":315,"neow_bonus":"THREE_RARE_CARDS","is_daily":false,"chose_seed":false,"campfire_upgraded":3,"win_rate":0.0,"timestamp":1608330166,"path_taken":["M","?","M","M","$","R","E","R","T","?","R","M","?","M","R","BOSS","M","M"],"items_purchased_type":["Card"],"build_version":"2020-12-13","purchased_purges":0,"victory":false,"max_hp_per_floor":[75,75,75,75,75,75,75,75,75,75,75,80,80,80,80,80,80,80,80,80],"card_choices":[{"not_picked":["Impervious","Brutality"],"picked":"Corruption","floor":0.0},{"not_picked":["Searing Blow","True Grit"],"picked":"Hemokinesis","floor":1.0},{"not_picked":["Pommel Strike","Perfected Strike"],"picked":"Power Through","floor":2.0},{"not_picked":["Fire Breathing","Anger"],"picked":"Infernal Blade","floor":3.0},{"not_picked":["Warcry","Flex"],"picked":"Bloodletting","floor":4.0},{"not_picked":["Wild Strike","Pommel Strike"],"picked":"Impervious","floor":7.0},{"not_picked":["Twin Strike","Disarm"],"picked":"Sentinel","floor":12.0},{"not_picked":["Infernal Blade","Warcry"],"picked":"Entrench","floor":14.0},{"not_picked":["Double Tap","Feed"],"picked":"Berserk","floor":16.0},{"not_picked":["Armaments","Hemokinesis"],"picked":"Rampage","floor":18.0}],"player_experience":462232,"relics_obtained":[{"floor":7.0,"key":"Bottled Lightning"},{"floor":9.0,"key":"Boot"}],"event_choices":[{"damage_healed":0.0,"max_hp_gain":0.0,"max_hp_loss":0.0,"gold_gain":0.0,"event_name":"Living Wall","player_choice":"Grow","floor":10.0,"gold_loss":0.0,"damage_taken":0.0,"cards_upgraded":["Bloodletting"]},{"damage_healed":0.0,"max_hp_gain":0.0,"max_hp_loss":0.0,"gold_gain":0.0,"cards_transformed":["Strike_R"],"event_name":"Transmorgrifier","player_choice":"Transformed","floor":13.0,"gold_loss":0.0,"damage_taken":0.0,"cards_obtained":["Hemokinesis"]}],"is_beta":false,"boss_relics":[{"not_picked":["Sozu","Runic Pyramid"],"picked":"Cursed Key"}],"items_purged_floors":[],"is_endless":false,"potions_floor_spawned":[1,2,12,14,18],"killed_by":"2 Thieves","ascension_level":20}}