{"host":"egyxg9lnjq7g2hmw","time":1608273905,"event":{"mods":["AchievementEnabler","BaseMod","Block Reminder","Colored Map","Colored Powertips","Highlight Path","Minty Spire (QoL Compilation)","Rare Cards Sparkle","StSLib"],"gold_per_floor":[115,115,135,154,71,100,100,100,100,119,134,158,123,149,149,221,221,241,113,113,123,135,135,135,149,220,252,252,252,352,387,387,463,463,480,209,222,112,122,122,149,166,212,212,0,0,0,32,32,32,32,32,32,59,59],"floor_reached":56,"playtime":4050,"items_purged":["Strike_G","Strike_G"],"score":2057,"play_id":"dfd69939-40ee-4926-b026-1ba49ac6abb6","local_time":"20201217224505","is_ascension_mode":true,"campfire_choices":[{"floor":7.0,"key":"REST"},{"data":"Footwork","floor":15.0,"key":"SMITH"},{"data":"Wraith Form v2","floor":23.0,"key":"SMITH"},{"data":"Catalyst","floor":28.0,"key":"SMITH"},{"data":"Noxious Fumes","floor":32.0,"key":"SMITH"},{"data":"Burst","floor":40.0,"key":"SMITH"},{"floor":44.0,"key":"RECALL"},{"data":"Bouncing Flask","floor":47.0,"key":"SMITH"},{"data":"Crippling Poison","floor":49.0,"key":"SMITH"},{"data":"Prepared","floor":52.0,"key":"SMITH"}],"circlet_count":0,"master_deck":["AscendersBane","Defend_G","Defend_G","Defend_G","Defend_G","Survivor","Neutralize","Poisoned Stab","Poisoned Stab","Deadly Poison+1","Footwork+1","Dodge and Roll","Bouncing Flask+1","Bane","Backflip","Wraith Form v2+1","Dash","Catalyst+1","Prepared+1","Noxious Fumes+1","Burst+1","Crippling Poison+1"],"relics":["Ring of the Snake","Pantograph","Bag of Marbles","Pear","Akabeko","Art of War","Empty Cage","FaceOfCleric","Meat on the Bone","Juzu Bracelet","FossilizedHelix","Shuriken","Boot","Velvet Choker","ClockworkSouvenir","Ninja Scroll","Red Mask","Kunai","HornCleat"],"acts_visited":["Exordium","TheCity","TheBeyond","TheEnding"],"potions_floor_usage":[],"damage_taken":[{"damage":0.0,"enemies":"2 Louse","floor":1.0,"turns":3.0},{"damage":6.0,"enemies":"Cultist","floor":3.0,"turns":4.0},{"damage":5.0,"enemies":"Small Slimes","floor":4.0,"turns":4.0},{"damage":35.0,"enemies":"3 Sentries","floor":6.0,"turns":12.0},{"damage":5.0,"enemies":"Exordium Wildlife","floor":10.0,"turns":5.0},{"damage":1.0,"enemies":"Looter","floor":11.0,"turns":3.0},{"damage":15.0,"enemies":"Lagavulin","floor":14.0,"turns":5.0},{"damage":22.0,"enemies":"Slime Boss","floor":16.0,"turns":6.0},{"damage":4.0,"enemies":"Chosen","floor":18.0,"turns":5.0},{"damage":18.0,"enemies":"Shell Parasite","floor":21.0,"turns":7.0},{"damage":14.0,"enemies":"Centurion and Healer","floor":22.0,"turns":7.0},{"damage":2.0,"enemies":"Snecko","floor":25.0,"turns":6.0},{"damage":5.0,"enemies":"Gremlin Leader","floor":27.0,"turns":6.0},{"damage":8.0,"enemies":"Colosseum Slavers","floor":30.0,"turns":7.0},{"damage":10.0,"enemies":"Colosseum Nobs","floor":30.0,"turns":7.0},{"damage":37.0,"enemies":"Slavers","floor":31.0,"turns":9.0},{"damage":5.0,"enemies":"Champ","floor":33.0,"turns":9.0},{"damage":0.0,"enemies":"3 Shapes","floor":35.0,"turns":5.0},{"damage":29.0,"enemies":"3 Darklings","floor":37.0,"turns":7.0},{"damage":0.0,"enemies":"Transient","floor":39.0,"turns":6.0},{"damage":35.0,"enemies":"Reptomancer","floor":41.0,"turns":7.0},{"damage":8.0,"enemies":"Sphere and 2 Shapes","floor":42.0,"turns":5.0},{"damage":2.0,"enemies":"Nemesis","floor":48.0,"turns":5.0},{"damage":37.0,"enemies":"Awakened One","floor":50.0,"turns":13.0},{"damage":26.0,"enemies":"Shield and Spear","floor":54.0,"turns":7.0},{"damage":21,"enemies":"The Heart","floor":55,"turns":8}],"seed_played":"-81764021076666174","potions_obtained":[{"floor":4.0,"key":"Ancient Potion"},{"floor":11.0,"key":"SteroidPotion"},{"floor":14.0,"key":"BlessingOfTheForge"},{"floor":16.0,"key":"PowerPotion"},{"floor":25.0,"key":"GamblersBrew"},{"floor":27.0,"key":"Dexterity Potion"},{"floor":29.0,"key":"DuplicationPotion"},{"floor":30.0,"key":"Fire Potion"},{"floor":35.0,"key":"Explosive Potion"},{"floor":39.0,"key":"CultistPotion"}],"is_trial":false,"path_per_floor":["M","?","M","M","$","E","R","?","T","M","M","T","?","E","R","B",null,"M","$","?","M","M","R","?","M","T","E","R","?","?","E","R","B",null,"M","$","M","?","M","R","E","M","T","R","?","?","R","E","R","B",null,"R","$","E","B",null],"character_chosen":"THE_SILENT","items_purchased":["Footwork","Energy Potion","ClockworkSouvenir"],"campfire_rested":1,"item_purchase_floors":[5,19,36],"current_hp_per_floor":[59,59,53,48,48,13,32,21,31,26,25,25,44,29,29,32,65,61,61,61,43,29,29,29,28,28,36,36,36,44,20,20,53,75,76,76,48,48,49,49,27,32,32,32,32,71,71,70,70,48,67,67,67,42,47],"gold":59,"neow_bonus":"THREE_CARDS","is_daily":false,"chose_seed":false,"campfire_upgraded":8,"win_rate":0.0,"timestamp":1608273905,"path_taken":["M","?","?","M","$","E","R","?","T","M","M","?","?","E","R","BOSS","M","$","?","M","M","R","?","?","T","E","R","?","?","E","R","BOSS","M","$","M","?","M","R","E","M","T","R","?","?","R","E","R","BOSS","R","$","E","BOSS"],"items_purchased_type":["Card","Potion","Relic"],"build_version":"2020-12-13","purchased_purges":2,"victory":true,"max_hp_per_floor":[66,66,66,66,66,66,66,66,76,76,76,76,76,76,76,76,76,76,76,76,76,76,76,76,77,77,78,78,78,80,81,81,82,82,83,83,84,84,85,85,86,87,87,87,87,71,71,72,72,73,73,73,73,74,75],"card_choices":[{"not_picked":["Well Laid Plans","Accuracy"],"picked":"Poisoned Stab","floor":0.0},{"not_picked":["Cloak And Dagger","Quick Slash"],"picked":"Poisoned Stab","floor":1.0},{"not_picked":["Blade Dance","Underhanded Strike"],"picked":"Deadly Poison","floor":3.0},{"not_picked":["Eviscerate","Finisher","Blade Dance"],"picked":"SKIP","floor":4.0},{"not_picked":["Skewer","All Out Attack"],"picked":"Dodge and Roll","floor":6.0},{"not_picked":["Envenom","Dagger Throw"],"picked":"Bouncing Flask","floor":10.0},{"not_picked":["Flying Knee","Slice"],"picked":"Bane","floor":11.0},{"not_picked":["Concentrate","Tactician"],"picked":"Backflip","floor":14.0},{"not_picked":["Malaise","Storm of Steel"],"picked":"Wraith Form v2","floor":16.0},{"not_picked":["Skewer","Prepared","Poisoned Stab+1"],"picked":"SKIP","floor":18.0},{"not_picked":["Quick Slash+1","Sucker Punch"],"picked":"Catalyst","floor":21.0},{"not_picked":["Quick Slash","Acrobatics"],"picked":"Prepared","floor":22.0},{"not_picked":["Underhanded Strike","Predator"],"picked":"Noxious Fumes","floor":25.0},{"not_picked":["Cloak And Dagger","Poisoned Stab","Acrobatics"],"picked":"SKIP","floor":27.0},{"not_picked":["Dagger Spray+1","Slice","Acrobatics"],"picked":"SKIP","floor":31.0},{"not_picked":["Grand Finale","Tools of the Trade"],"picked":"Burst","floor":33.0},{"not_picked":["Noxious Fumes","Cloak And Dagger"],"picked":"Crippling Poison","floor":35.0},{"not_picked":["Outmaneuver","Deadly Poison","Deflect"],"picked":"SKIP","floor":37.0},{"not_picked":["Dagger Throw","Underhanded Strike","Backflip"],"picked":"SKIP","floor":39.0},{"not_picked":["Calculated Gamble","Deadly Poison","Crippling Poison+1"],"picked":"SKIP","floor":41.0},{"not_picked":["Sucker Punch","Blade Dance","Poisoned Stab+1"],"picked":"SKIP","floor":42.0},{"not_picked":["Backflip","Choke+1","Blade Dance"],"picked":"SKIP","floor":48.0},{"not_picked":["Dash","Heel Hook","Skewer"],"picked":"SKIP","floor":54.0}],"player_experience":509427,"relics_obtained":[{"floor":6.0,"key":"Pantograph"},{"floor":9.0,"key":"Pear"},{"floor":12.0,"key":"Akabeko"},{"floor":14.0,"key":"Art of War"},{"floor":26.0,"key":"Meat on the Bone"},{"floor":27.0,"key":"Juzu Bracelet"},{"floor":30.0,"key":"FossilizedHelix"},{"floor":30.0,"key":"Shuriken"},{"floor":31.0,"key":"Boot"},{"floor":41.0,"key":"Ninja Scroll"},{"floor":48.0,"key":"Kunai"},{"floor":54.0,"key":"HornCleat"}],"event_choices":[{"cards_removed":["Strike_G"],"damage_healed":0.0,"max_hp_gain":0.0,"max_hp_loss":0.0,"gold_gain":0.0,"event_name":"Bonfire Elementals","player_choice":"Offered Basic","floor":2.0,"gold_loss":0.0,"damage_taken":0.0},{"damage_healed":0.0,"max_hp_gain":0.0,"max_hp_loss":0.0,"gold_gain":0.0,"event_name":"Scrap Ooze","player_choice":"Success","floor":8.0,"gold_loss":0.0,"damage_taken":11.0,"relics_obtained":["Bag of Marbles"]},{"damage_healed":19.0,"max_hp_gain":0.0,"max_hp_loss":0.0,"gold_gain":0.0,"event_name":"The Cleric","player_choice":"Healed","floor":13.0,"gold_loss":35.0,"damage_taken":0.0},{"damage_healed":0.0,"max_hp_gain":0.0,"max_hp_loss":0.0,"gold_gain":0.0,"event_name":"The Library","player_choice":"Read","floor":20.0,"gold_loss":0.0,"damage_taken":0.0,"cards_obtained":["Dash"]},{"damage_healed":0.0,"max_hp_gain":0.0,"max_hp_loss":0.0,"gold_gain":0.0,"event_name":"FaceTrader","player_choice":"Trade","floor":24.0,"gold_loss":0.0,"damage_taken":0.0,"relics_obtained":["FaceOfCleric"]},{"damage_healed":0.0,"max_hp_gain":0.0,"max_hp_loss":0.0,"gold_gain":0.0,"event_name":"Lab","player_choice":"Got Potions","floor":29.0,"gold_loss":0.0,"damage_taken":0.0},{"damage_healed":0.0,"max_hp_gain":0.0,"max_hp_loss":0.0,"gold_gain":0.0,"event_name":"Colosseum","player_choice":"Fight","floor":30.0,"gold_loss":0.0,"damage_taken":0.0},{"damage_healed":0.0,"max_hp_gain":0.0,"max_hp_loss":0.0,"gold_gain":0.0,"event_name":"Colosseum","player_choice":"Fought Nobs","floor":30.0,"gold_loss":0.0,"damage_taken":0.0},{"cards_removed":["Defend_G"],"damage_healed":0.0,"max_hp_gain":0.0,"max_hp_loss":0.0,"gold_gain":0.0,"event_name":"Designer","player_choice":"Upgrade and Remove","floor":38.0,"gold_loss":110.0,"damage_taken":0.0,"cards_upgraded":["Deadly Poison"]},{"damage_healed":0.0,"max_hp_gain":0.0,"max_hp_loss":0.0,"gold_gain":0.0,"event_name":"Tomb of Lord Red Mask","player_choice":"Paid","floor":45.0,"gold_loss":212.0,"damage_taken":0.0,"relics_obtained":["Red Mask"]},{"damage_healed":71.0,"max_hp_gain":0.0,"max_hp_loss":16.0,"gold_gain":0.0,"event_name":"The Moai Head","player_choice":"Heal","floor":46.0,"gold_loss":0.0,"damage_taken":0.0}],"is_beta":false,"boss_relics":[{"not_picked":["SacredBark","Philosopher\u0027s Stone"],"picked":"Empty Cage"},{"not_picked":["Cursed Key","Tiny House"],"picked":"Velvet Choker"}],"items_purged_floors":[19,36],"is_endless":false,"potions_floor_spawned":[4,11,14,16,25,27,30,35,39],"ascension_level":18}}