{"host":"y9jgkjnf95sujozk","time":1608254609,"event":{"mods":["2.2 Compatiblity","AchievementEnabler","BaseMod","Block Reminder","Colored Map","Colored Powertips","Downfall","Friendly Minions","GifTheSpireLib","Hermit","Highlight Path","MarisaÅiñ∂âJÅ@ñÇóùçπÅj","Minty Spire (QoL Compilation)","Random Character Button","Rare Cards Sparkle","Replay The Spire","StSLib","SuperFastMode","The Animator","The Bug Knight","The Cursed","The Servant 0.9.4"],"gold_per_floor":[117,176,194,47,47,61,71,71,126,126,153,164,164,174,174,277,277,290,93,93,13,23,349,378,378,378,389,389,403,403,403,403,500,500,513,374,385,345,69,104,104,119,145,180,199,199,209,209,209,209,209],"floor_reached":50,"playtime":1569,"items_purged":[],"score":820,"play_id":"8826a1d5-f025-4556-a94f-d8d00b679a1e","local_time":"20201218022329","is_ascension_mode":false,"campfire_choices":[{"floor":8,"key":"REST"},{"floor":13,"key":"REST"},{"floor":15,"key":"REST"},{"floor":25,"key":"REST"},{"floor":30,"key":"REST"},{"floor":32,"key":"REST"},{"floor":41,"key":"REST"},{"floor":46,"key":"REST"},{"floor":49,"key":"REST"}],"circlet_count":0,"master_deck":["sneckomod:Defend","sneckomod:Defend","sneckomod:Defend","sneckomod:TailWhip","sneckomod:SnekBite","sneckomod:Unknown","sneckomod:Unknown+1","sneckomod:QuickMove","sneckomod:UnknownCommonAttack","Rainbow","sneckomod:SoulDraw","sneckomod:UnknownClassBUGKNIGHT_GRAY_COLOR","sneckomod:IronFang","sneckomod:QuickMove","sneckomod:RainOfDice","sneckomod:QuickMove","sneckomod:QuickBite","sneckomod:UnknownStrike","sneckomod:IronFang","sneckomod:UnlimitedRolls","sneckomod:QuickBite+1","sneckomod:Unknown0Cost","expansioncontent:QuickStudy","Replay:Parry+1","sneckomod:ImprovisedAttack","sneckomod:ImprovisedAttack","sneckomod:RainOfDice+1","Jack Of All Trades","sneckomod:UnknownStrike","sneckomod:Nope","sneckomod:MorePower","sneckomod:ImprovisedAttack","sneckomod:ImprovisedGuard+1","sneckomod:UnknownCommonSkill","Bite","Bite","Bite","Bite+1","Bite","sneckomod:UnknownEthereal+1","sneckomod:QuickBite","sneckomod:UnknownClassBLUE+1","sneckomod:UnknownRareAttack+1","sneckomod:UnlimitedRolls","sneckomod:Unknown1Cost","sneckomod:QuickBite","Secret Technique","expansioncontent:ChargeUp+1","sneckomod:ImprovisedGuard","sneckomod:Nope","sneckomod:QuickBite","sneckomod:SoulRoll","Thinking Ahead","expansioncontent:Flail+1","sneckomod:QuickMove+1","sneckomod:UnknownUncommonSkill+1","sneckomod:UnknownBlock","sneckomod:DiceBlock","sneckomod:UnknownWeak+1","sneckomod:SoulDraw+1","sneckomod:UnlimitedRolls","sneckomod:UnknownWeak+1","sneckomod:UnknownClassPURPLE+1","sneckomod:QuickMove+1","sneckomod:QuickMove","Wraith"],"relics":["sneckomod:SneckoSoul","Membership Card","Prayer Wheel","Boot","Blue Doll","Black Star","Cauldron","Old Coin","Vajra","Ginger","ReplayTheSpireMod:Shallot","Ring of Peace","Ring of Searing","Fusion Hammer","BargainBundle","Mercury Hourglass","The Courier","Ancient Tea Set","Art of War","Girya","Replay:Baseball"],"acts_visited":["Exordium","TheCity","TheBeyond"],"potions_floor_usage":[11,11,11,16,16,23,23,33,40,44,50],"damage_taken":[{"damage":1,"enemies":"Jaw Worm","floor":1,"turns":3},{"damage":0,"enemies":"2 Louse","floor":3,"turns":3},{"damage":32,"enemies":"Small Slimes","floor":6,"turns":5},{"damage":13,"enemies":"Red Slaver","floor":7,"turns":4},{"damage":7,"enemies":"Lagavulin","floor":11,"turns":6},{"damage":5,"enemies":"Looter","floor":12,"turns":2},{"damage":0,"enemies":"3 Louse","floor":14,"turns":2},{"damage":44,"enemies":"The Guardian","floor":16,"turns":12},{"damage":27,"enemies":"3 Byrds","floor":18,"turns":6},{"damage":12,"enemies":"Spheric Guardian","floor":22,"turns":5},{"damage":39,"enemies":"Gremlin Leader","floor":23,"turns":6},{"damage":20,"enemies":"Snake Plant","floor":27,"turns":4},{"damage":1,"enemies":"Snecko","floor":29,"turns":4},{"damage":36,"enemies":"Pondfish","floor":33,"turns":9},{"damage":28,"enemies":"3 Shapes","floor":35,"turns":4},{"damage":0,"enemies":"Orb Walker","floor":37,"turns":4},{"damage":12,"enemies":"Nemesis","floor":40,"turns":6},{"damage":15,"enemies":"Writhing Mass","floor":42,"turns":5},{"damage":66,"enemies":"Reptomancer","floor":44,"turns":8},{"damage":0,"enemies":"3 Darklings","floor":45,"turns":3},{"damage":15,"enemies":"Spire Growth","floor":47,"turns":4},{"damage":64,"enemies":"Time Eater","floor":50,"turns":6}],"seed_played":"5851039626292602255","potions_obtained":[{"floor":6,"key":"LiquidBronze"},{"floor":10,"key":"Languid Potion"},{"floor":10,"key":"Toxic Potion"},{"floor":10,"key":"sneckomod:CheatPotion"},{"floor":11,"key":"Strength Potion"},{"floor":12,"key":"Explosive Potion"},{"floor":16,"key":"FairyPotion"},{"floor":19,"key":"hexamod:EctoCoolerPotion"},{"floor":19,"key":"Venom Potion"},{"floor":23,"key":"Adrenaline Potion"},{"floor":37,"key":"sneckomod:MuddlingPotion"},{"floor":42,"key":"EssenceOfSteel"},{"floor":47,"key":"ColorlessPotion"}],"is_trial":false,"path_per_floor":["M","?","M","$","?","M","M","R","T","?","E","M","R","M","R","B",null,"M","$","?","$","M","E","?","R","T","M","?","M","R","?","R","B",null,"M","$","M","?","$","E","R","M","T","E","M","R","M","?","R","B"],"character_chosen":"THE_SNECKO","items_purchased":["Membership Card","Cauldron","expansioncontent:QuickStudy","Replay:Parry+1","sneckomod:ImprovisedAttack","sneckomod:RainOfDice+1","Jack Of All Trades","Secret Technique","expansioncontent:ChargeUp","sneckomod:QuickBite","sneckomod:SoulRoll","BargainBundle","Thinking Ahead","expansioncontent:Flail+1","Mercury Hourglass"],"campfire_rested":9,"item_purchase_floors":[4,19,19,19,21,21,21,36,36,39,39,39,39,39,39],"current_hp_per_floor":[89,89,90,90,91,62,49,76,76,76,69,64,91,92,93,49,93,67,67,94,94,83,44,6,34,34,15,15,22,42,42,62,35,70,43,43,52,52,52,44,65,57,57,22,23,45,39,39,61,0,0],"gold":209,"neow_bonus":"RANDOM_EVENT","is_daily":false,"chose_seed":false,"campfire_upgraded":0,"win_rate":0.0,"timestamp":1608254609,"path_taken":["M","?","M","$","?","M","M","R","T","?","E","M","R","M","R","BOSS","M","$","?","$","M","E","?","R","T","M","?","M","R","?","R","BOSS","M","$","M","?","?","E","R","M","T","E","M","R","M","?","R","BOSS"],"items_purchased_type":["Relic","Relic","Card","Card","Card","Card","Card","Card","Card","Card","Card","Relic","Card","Card","Relic"],"build_version":"2020-12-13","purchased_purges":0,"victory":false,"max_hp_per_floor":[90,90,91,91,91,92,92,92,92,92,92,92,92,93,93,93,93,94,94,94,94,95,95,95,95,95,96,67,69,69,69,69,70,70,71,71,71,71,71,71,71,73,73,74,75,75,76,76,76,76,76],"card_choices":[{"not_picked":["sneckomod:UnknownStrike","sneckomod:WideSting"],"picked":"sneckomod:QuickMove","floor":1},{"not_picked":["sneckomod:UnknownCommonSkill","sneckomod:UnknownUncommonAttack"],"picked":"sneckomod:UnknownCommonAttack","floor":3},{"not_picked":["sneckomod:UnknownX","sneckomod:DefensiveFlair"],"picked":"sneckomod:SoulDraw","floor":6},{"not_picked":["sneckomod:SoulDraw","sneckomod:DiceBoulder"],"picked":"sneckomod:UnknownClassBUGKNIGHT_GRAY_COLOR","floor":6},{"not_picked":["sneckomod:DiceBlock","sneckomod:Unknown2Cost"],"picked":"sneckomod:IronFang","floor":7},{"not_picked":["sneckomod:UnknownCommonSkill","sneckomod:SnakeSap"],"picked":"sneckomod:QuickMove","floor":7},{"not_picked":["sneckomod:MorePower","sneckomod:UnknownStrike"],"picked":"sneckomod:RainOfDice","floor":11},{"not_picked":["sneckomod:UnknownClassGREEN","sneckomod:SerpentIdol"],"picked":"sneckomod:QuickMove","floor":12},{"not_picked":["sneckomod:UnknownVulnerable","sneckomod:UnknownCommonSkill"],"picked":"sneckomod:QuickBite","floor":12},{"not_picked":["sneckomod:SoulDraw","sneckomod:UnknownVulnerable"],"picked":"sneckomod:UnknownStrike","floor":14},{"not_picked":["sneckomod:UnknownCommonSkill","sneckomod:DangerNoodle"],"picked":"sneckomod:IronFang","floor":14},{"not_picked":["sneckomod:Mudshield","sneckomod:DangerNoodle"],"picked":"sneckomod:UnlimitedRolls","floor":16},{"not_picked":["sneckomod:Nope+1","sneckomod:DiceCrush+1"],"picked":"sneckomod:QuickBite+1","floor":18},{"not_picked":["sneckomod:UnknownVulnerable+1","sneckomod:UnknownBlock"],"picked":"sneckomod:Unknown0Cost","floor":18},{"not_picked":["sneckomod:CheapStock","sneckomod:UnknownClassGREEN"],"picked":"sneckomod:UnknownStrike","floor":22},{"not_picked":["sneckomod:UnknownClassTHE_UNNAMED","sneckomod:SlitherStrike"],"picked":"sneckomod:Nope","floor":22},{"not_picked":["sneckomod:UnknownCommonSkill","sneckomod:UnknownWeak"],"picked":"sneckomod:MorePower","floor":23},{"not_picked":["sneckomod:UnknownVulnerable","sneckomod:SnakeSap"],"picked":"sneckomod:ImprovisedAttack","floor":24},{"not_picked":["sneckomod:MasterEye+1","sneckomod:UnknownWeak"],"picked":"sneckomod:ImprovisedGuard+1","floor":27},{"not_picked":["sneckomod:IronFang","sneckomod:DiceBlock"],"picked":"sneckomod:UnknownCommonSkill","floor":27},{"not_picked":["sneckomod:UnknownCommonSkill+1","sneckomod:UnknownRarePower+1"],"picked":"sneckomod:UnknownEthereal+1","floor":29},{"not_picked":["sneckomod:UnknownRareAttack","sneckomod:Nope"],"picked":"sneckomod:QuickBite","floor":29},{"not_picked":["sneckomod:UnknownVulnerable","sneckomod:UnknownCommonSkill"],"picked":"sneckomod:UnknownClassBLUE+1","floor":29},{"not_picked":["sneckomod:UnknownVulnerable+1","sneckomod:UnknownClassTHE_CURSED_PURPLE+1"],"picked":"sneckomod:UnknownRareAttack+1","floor":33},{"not_picked":["sneckomod:UnknownRareSkill","sneckomod:Restock"],"picked":"sneckomod:UnlimitedRolls","floor":33},{"not_picked":["sneckomod:DiceBlock","sneckomod:Unknown2Cost"],"picked":"sneckomod:Unknown1Cost","floor":35},{"not_picked":["sneckomod:Nope","sneckomod:IronFang"],"picked":"sneckomod:QuickBite","floor":35},{"not_picked":["sneckomod:Unknown1Cost","sneckomod:UnknownUncommonSkill"],"picked":"sneckomod:ImprovisedGuard","floor":37},{"not_picked":["sneckomod:UnknownClassBLUE+1","sneckomod:IronFang"],"picked":"sneckomod:Nope","floor":37},{"not_picked":["sneckomod:UnknownExhaust+1","sneckomod:CheapStock"],"picked":"sneckomod:QuickMove+1","floor":40},{"not_picked":["sneckomod:UnknownClassGREEN+1","sneckomod:Unknown1Cost+1"],"picked":"sneckomod:UnknownUncommonSkill+1","floor":42},{"not_picked":["sneckomod:UnknownStrike","sneckomod:Unknown1Cost+1"],"picked":"sneckomod:UnknownBlock","floor":42},{"not_picked":["sneckomod:UnknownExhaust","sneckomod:SoulDraw+1"],"picked":"sneckomod:DiceBlock","floor":42},{"not_picked":["sneckomod:UnknownBlock+1","sneckomod:UnknownEthereal+1"],"picked":"sneckomod:UnknownWeak+1","floor":44},{"not_picked":["sneckomod:WideSting","sneckomod:UnknownStrike"],"picked":"sneckomod:SoulDraw+1","floor":44},{"not_picked":["sneckomod:UnknownCommonSkill+1","sneckomod:UnknownStrike"],"picked":"sneckomod:UnlimitedRolls","floor":45},{"not_picked":["sneckomod:Nope","sneckomod:UnknownStrike+1"],"picked":"sneckomod:UnknownWeak+1","floor":45},{"not_picked":["sneckomod:UnknownUncommonPower+1","sneckomod:UnknownCommonAttack+1"],"picked":"sneckomod:UnknownClassPURPLE+1","floor":47},{"not_picked":["sneckomod:UnknownCommonSkill","sneckomod:UnknownStrike+1"],"picked":"sneckomod:QuickMove+1","floor":47},{"not_picked":["sneckomod:UnknownCommonAttack+1","sneckomod:QuickBite+1"],"picked":"sneckomod:QuickMove","floor":47}],"player_experience":105213,"relics_obtained":[{"floor":9,"key":"Boot"},{"floor":11,"key":"Blue Doll"},{"floor":23,"key":"Old Coin"},{"floor":23,"key":"Vajra"},{"floor":24,"key":"Ginger"},{"floor":26,"key":"ReplayTheSpireMod:Shallot"},{"floor":31,"key":"Ring of Peace"},{"floor":31,"key":"Ring of Searing"},{"floor":40,"key":"The Courier"},{"floor":40,"key":"Ancient Tea Set"},{"floor":43,"key":"Art of War"},{"floor":44,"key":"Girya"},{"floor":44,"key":"Replay:Baseball"}],"event_choices":[{"damage_healed":0,"gold_gain":59,"player_choice":"Gained Gold","damage_taken":0,"max_hp_gain":0,"max_hp_loss":0,"event_name":"Golden Wing","floor":2,"gold_loss":0},{"damage_healed":30,"gold_gain":0,"player_choice":"Banana","damage_taken":0,"max_hp_gain":0,"max_hp_loss":0,"event_name":"Big Fish","floor":5,"gold_loss":0},{"damage_healed":0,"gold_gain":0,"player_choice":"Got Potions","damage_taken":0,"max_hp_gain":0,"max_hp_loss":0,"event_name":"Lab","floor":10,"gold_loss":0},{"damage_healed":31,"gold_gain":0,"player_choice":"Heal","damage_taken":0,"max_hp_gain":0,"max_hp_loss":0,"event_name":"The Library","floor":20,"gold_loss":0},{"damage_healed":0,"gold_gain":0,"player_choice":"Became a vampire","damage_taken":0,"max_hp_gain":0,"max_hp_loss":29,"event_name":"Vampires","floor":28,"gold_loss":0,"cards_obtained":["Bite","Bite","Bite","Bite","Bite"]},{"damage_healed":0,"gold_gain":0,"player_choice":"Upgraded Two","damage_taken":0,"max_hp_gain":0,"max_hp_loss":0,"event_name":"Designer","floor":38,"gold_loss":40,"cards_upgraded":["Bite","expansioncontent:ChargeUp"]},{"damage_healed":0,"gold_gain":0,"player_choice":"Ignored","damage_taken":0,"max_hp_gain":0,"max_hp_loss":0,"event_name":"OrinTheCat","floor":48,"gold_loss":0}],"is_beta":false,"boss_relics":[{"not_picked":["Replay:Drink Me","Pandora\u0027s Box"],"picked":"Black Star"},{"not_picked":["Replay:Wanted Poster","Astrolabe"],"picked":"Fusion Hammer"}],"items_purged_floors":[],"is_endless":false,"potions_floor_spawned":[6,11,12,16,22,23,37,42,47],"killed_by":"Time Eater","ascension_level":0}}