{"host":"12piqfhmdln9x2la","time":1608322489,"event":{"mods":["2.2 Compatiblity","AchievementEnabler","BaseMod","BetterRewards","Colored Powertips","Minty Spire (QoL Compilation)","Quick Restart","SuperFastMode"],"gold_per_floor":[117,67,78,78,78,109,109,128,128,141,170,20,20,34,34,129,129,147,147,97,114,128,159,159,192,192,203,203,219,219,219,219,323,323,335,335,335,385,403,438,438,454,454,472,472,482,508,132,132,132],"floor_reached":51,"playtime":1561,"items_purged":["Defend_G"],"score":830,"play_id":"8bd33328-630e-4bfe-a38f-c7debc20c176","local_time":"20201219051449","is_ascension_mode":false,"campfire_choices":[{"data":"Accuracy","floor":7,"key":"SMITH"},{"data":"After Image","floor":13,"key":"SMITH"},{"data":"Neutralize","floor":15,"key":"SMITH"},{"data":"1","floor":24,"key":"LIFT"},{"data":"2","floor":28,"key":"LIFT"},{"data":"3","floor":30,"key":"LIFT"},{"floor":32,"key":"REST"},{"data":"Adrenaline","floor":41,"key":"SMITH"},{"floor":49,"key":"REST"}],"circlet_count":0,"master_deck":["Defend_G","Defend_G","Defend_G","Survivor","Neutralize+1","Prepared","Accuracy+1","After Image+1","Reflex","Flying Knee","Backflip","Storm of Steel","CurseOfTheBell","Dagger Throw+1","Prepared","Prepared+1","Deflect+1","Cloak And Dagger","Dagger Spray","Bite","Bite","Bite","Bite","Bite","Adrenaline+1","Footwork","PiercingWail+1","Outmaneuver+1","Adrenaline","Accuracy","PiercingWail","Blade Dance+1"],"relics":["Ring of the Snake","NeowsBlessing","Incense Burner","Bottled Tornado","Mercury Hourglass","PreservedInsect","Calling Bell","Regal Pillow","Singing Bowl","Tough Bandages","Omamori","Girya","TungstenRod","The Courier","Cursed Key","Tingsha","Strawberry","White Beast Statue","Toy Ornithopter","Ornamental Fan","TwistedFunnel"],"acts_visited":["Exordium","TheCity","TheBeyond"],"potions_floor_usage":[5,11,16,16,29,33,33,44,47,47,50,50],"damage_taken":[{"damage":0,"enemies":"Small Slimes","floor":1,"turns":1},{"damage":0,"enemies":"Jaw Worm","floor":3,"turns":1},{"damage":0,"enemies":"3 Sentries","floor":6,"turns":1},{"damage":5,"enemies":"Cultist","floor":8,"turns":6},{"damage":13,"enemies":"Exordium Thugs","floor":10,"turns":6},{"damage":11,"enemies":"Gremlin Nob","floor":11,"turns":5},{"damage":1,"enemies":"Blue Slaver","floor":14,"turns":4},{"damage":25,"enemies":"Hexaghost","floor":16,"turns":13},{"damage":9,"enemies":"Shell Parasite","floor":18,"turns":7},{"damage":8,"enemies":"Spheric Guardian","floor":21,"turns":5},{"damage":3,"enemies":"Centurion and Healer","floor":22,"turns":9},{"damage":20,"enemies":"Gremlin Leader","floor":23,"turns":4},{"damage":18,"enemies":"Slavers","floor":25,"turns":8},{"damage":10,"enemies":"Snake Plant","floor":27,"turns":5},{"damage":0,"enemies":"Shelled Parasite and Fungi","floor":29,"turns":6},{"damage":45,"enemies":"Collector","floor":33,"turns":10},{"damage":3,"enemies":"3 Shapes","floor":35,"turns":3},{"damage":28,"enemies":"2 Orb Walkers","floor":38,"turns":5},{"damage":4,"enemies":"Orb Walker","floor":39,"turns":4},{"damage":9,"enemies":"Nemesis","floor":40,"turns":5},{"damage":0,"enemies":"Spire Growth","floor":42,"turns":4},{"damage":17,"enemies":"Sphere and 2 Shapes","floor":44,"turns":4},{"damage":29,"enemies":"Transient","floor":46,"turns":5},{"damage":52,"enemies":"Reptomancer","floor":47,"turns":4},{"damage":15,"enemies":"Awakened One","floor":50,"turns":13}],"seed_played":"-4089956828021812465","potions_obtained":[{"floor":1,"key":"Fruit Juice"},{"floor":6,"key":"GamblersBrew"},{"floor":10,"key":"Strength Potion"},{"floor":14,"key":"LiquidBronze"},{"floor":21,"key":"EssenceOfSteel"},{"floor":22,"key":"SteroidPotion"},{"floor":27,"key":"DuplicationPotion"},{"floor":33,"key":"DistilledChaos"},{"floor":38,"key":"Dexterity Potion"},{"floor":39,"key":"EssenceOfSteel"},{"floor":40,"key":"PowerPotion"},{"floor":44,"key":"Strength Potion"},{"floor":46,"key":"Fire Potion"},{"floor":47,"key":"Regen Potion"}],"is_trial":false,"path_per_floor":["M","?","M","?","?","E","R","M","T","M","E","$","R","M","R","B",null,"M","?","?","M","M","E","R","E","T","M","R","M","R","?","R","B",null,"M","?","?","?","M","E","R","M","T","M","?","M","E","$","R","B",null],"character_chosen":"THE_SILENT","items_purchased":["PreservedInsect","Ornamental Fan","TwistedFunnel"],"campfire_rested":2,"item_purchase_floors":[12,48,48],"current_hp_per_floor":[70,70,70,52,57,57,57,52,52,39,28,28,28,29,29,6,75,68,68,68,62,61,43,43,27,27,19,19,21,21,21,59,30,77,76,76,76,54,56,68,68,74,74,69,69,48,6,6,46,72],"gold":132,"neow_bonus":"THREE_ENEMY_KILL","is_daily":false,"chose_seed":false,"campfire_upgraded":4,"win_rate":0.0,"timestamp":1608322489,"path_taken":["M","?","M","?","?","E","R","?","T","M","E","?","R","M","R","BOSS","M","?","?","M","M","E","R","E","T","?","R","M","R","?","R","BOSS","M","?","?","?","M","E","R","M","T","M","?","?","E","$","R","BOSS"],"items_purchased_type":["Relic","Relic","Relic"],"build_version":"2020-12-13","purchased_purges":1,"victory":true,"max_hp_per_floor":[70,70,70,70,75,75,75,75,75,75,75,75,75,75,75,75,75,77,77,77,77,77,77,77,77,77,77,77,77,77,77,77,77,77,77,77,77,77,77,86,86,86,86,86,86,86,86,86,86,86],"card_choices":[{"not_picked":["Backstab","Calculated Gamble"],"picked":"Prepared","floor":1},{"not_picked":["Dodge and Roll","Terror"],"picked":"Accuracy","floor":3},{"not_picked":["Malaise","Sucker Punch","Bane"],"picked":"SKIP","floor":6},{"not_picked":["Malaise","Sucker Punch","Bane"],"picked":"SKIP","floor":6},{"not_picked":["Outmaneuver","Skewer"],"picked":"After Image","floor":8},{"not_picked":["Backflip","Catalyst"],"picked":"Reflex","floor":10},{"not_picked":["Dodge and Roll","Deflect"],"picked":"Flying Knee","floor":11},{"not_picked":["Deadly Poison","Accuracy"],"picked":"Backflip","floor":14},{"not_picked":["Doppelganger","Corpse Explosion"],"picked":"Storm of Steel","floor":16},{"not_picked":["Slice","Flechettes","Noxious Fumes"],"picked":"Singing Bowl","floor":18},{"not_picked":["Terror","Caltrops"],"picked":"Dagger Throw+1","floor":21},{"not_picked":["Dodge and Roll","Heel Hook"],"picked":"Prepared","floor":22},{"not_picked":["Flechettes","Glass Knife"],"picked":"Prepared+1","floor":23},{"not_picked":["Prepared","Cloak And Dagger"],"picked":"Deflect+1","floor":25},{"not_picked":["Bane+1","Backstab"],"picked":"Cloak And Dagger","floor":27},{"not_picked":["Catalyst","PiercingWail"],"picked":"Dagger Spray","floor":29},{"not_picked":["Phantasmal Killer","Grand Finale"],"picked":"Adrenaline","floor":33},{"not_picked":["Deflect","Dash+1"],"picked":"Footwork","floor":35},{"not_picked":["Dagger Throw+1","Bane"],"picked":"PiercingWail+1","floor":38},{"not_picked":["Deadly Poison","PiercingWail"],"picked":"Outmaneuver+1","floor":39},{"not_picked":["Bane","Noxious Fumes","Sucker Punch"],"picked":"Singing Bowl","floor":40},{"not_picked":["Terror","All Out Attack"],"picked":"Adrenaline","floor":42},{"not_picked":["Outmaneuver","Slice+1"],"picked":"Accuracy","floor":44},{"not_picked":["Cloak And Dagger","Setup+1"],"picked":"PiercingWail","floor":46},{"not_picked":["Expertise+1","Cloak And Dagger"],"picked":"Blade Dance+1","floor":47}],"player_experience":99014,"relics_obtained":[{"floor":6,"key":"Bottled Tornado"},{"floor":9,"key":"Mercury Hourglass"},{"floor":11,"key":"Blood Vial"},{"floor":17,"key":"Regal Pillow"},{"floor":17,"key":"Singing Bowl"},{"floor":17,"key":"Tough Bandages"},{"floor":23,"key":"Girya"},{"floor":25,"key":"TungstenRod"},{"floor":26,"key":"The Courier"},{"floor":38,"key":"Tingsha"},{"floor":40,"key":"Strawberry"},{"floor":43,"key":"White Beast Statue"},{"floor":47,"key":"Toy Ornithopter"}],"event_choices":[{"cards_removed":["Strike_G"],"damage_healed":0,"gold_gain":0,"player_choice":"Card Removal","damage_taken":0,"max_hp_gain":0,"max_hp_loss":0,"event_name":"The Cleric","floor":2,"gold_loss":50},{"damage_healed":0,"gold_gain":0,"player_choice":"Success","damage_taken":18,"relics_obtained":["Incense Burner"],"max_hp_gain":0,"max_hp_loss":0,"event_name":"Scrap Ooze","floor":4,"gold_loss":0},{"damage_healed":0,"gold_gain":0,"player_choice":"Bought 0 Potions","damage_taken":0,"max_hp_gain":0,"max_hp_loss":0,"event_name":"The Woman in Blue","floor":5,"gold_loss":0},{"damage_healed":0,"gold_gain":0,"player_choice":"Opened","damage_taken":0,"relics_obtained":["Omamori"],"max_hp_gain":0,"max_hp_loss":0,"event_name":"The Mausoleum","floor":19,"gold_loss":0,"cards_obtained":["Writhe"]},{"damage_healed":0,"gold_gain":0,"player_choice":"Bet on Owner","damage_taken":0,"max_hp_gain":0,"max_hp_loss":0,"event_name":"The Joust","floor":20,"gold_loss":50},{"damage_healed":0,"gold_gain":0,"player_choice":"Became a vampire (Vial)","damage_taken":0,"max_hp_gain":0,"max_hp_loss":0,"event_name":"Vampires","floor":31,"relics_lost":["Blood Vial"],"gold_loss":0,"cards_obtained":["Bite","Bite","Bite","Bite","Bite"]},{"cards_removed":["Defend_G"],"damage_healed":0,"gold_gain":0,"player_choice":"Removed Skill","damage_taken":0,"max_hp_gain":0,"max_hp_loss":0,"event_name":"Falling","floor":36,"gold_loss":0},{"damage_healed":0,"gold_gain":0,"player_choice":"Ignored","damage_taken":0,"max_hp_gain":0,"max_hp_loss":0,"event_name":"Tomb of Lord Red Mask","floor":37,"gold_loss":0},{"damage_healed":0,"gold_gain":0,"player_choice":"Fight","damage_taken":0,"max_hp_gain":0,"max_hp_loss":0,"event_name":"Mysterious Sphere","floor":38,"gold_loss":0},{"cards_removed":["Writhe"],"damage_healed":0,"gold_gain":0,"player_choice":"Purged","damage_taken":0,"max_hp_gain":0,"max_hp_loss":0,"event_name":"Purifier","floor":45,"gold_loss":0}],"is_beta":false,"boss_relics":[{"not_picked":["Runic Pyramid","SacredBark"],"picked":"Calling Bell"},{"not_picked":["Black Star","Ring of the Serpent"],"picked":"Cursed Key"}],"items_purged_floors":[48],"is_endless":false,"potions_floor_spawned":[1,6,10,14,21,22,27,33,38,39,40,44,46,47],"ascension_level":0}}