{"host":"suz71vtxgenuxsxs","time":1608287197,"event":{"mods":["2.2 Compatiblity","AchievementEnabler","BaseMod","Colored Map","Minty Spire (QoL Compilation)","Rare Cards Sparkle","StSLib","SuperFastMode","everything is the same but u backflip on backflip"],"gold_per_floor":[117,117,128,48,48,48,76,76,76,111,129,145,159,171,171,270,270,286,286,299,224,238,264,283,283,283,296,376,376,130,150,150,246,246,263,277,358,373,423,458,470,470,470,330,377,392,409,96,96,96],"floor_reached":51,"playtime":5776,"items_purged":["Storm of Steel","Parasite","Skewer+1"],"score":939,"play_id":"034d9c81-c886-44d5-b577-c677cc5ab536","local_time":"20201218192637","is_ascension_mode":true,"campfire_choices":[{"data":"Noxious Fumes","floor":6.0,"key":"SMITH"},{"data":"Footwork","floor":15.0,"key":"SMITH"},{"floor":25.0,"key":"REST"},{"floor":32.0,"key":"REST"},{"data":"Catalyst","floor":42.0,"key":"SMITH"},{"floor":49.0,"key":"REST"}],"circlet_count":0,"master_deck":["Survivor","Neutralize","Dodge and Roll","Calculated Gamble","Noxious Fumes+1","Footwork+1","Deadly Poison","PiercingWail","PiercingWail","Adrenaline","Leg Sweep","Dash","Setup","Catalyst+1","Adrenaline","Prepared","Dodge and Roll","Tactician+1","Acrobatics+1","Backflip","PiercingWail","Backflip","Caltrops+1","Bane+1","PiercingWail+1","Leg Sweep","Prepared+1","Bane+1","Distraction+1","Noxious Fumes+1","Wraith Form v2+1","Deadly Poison+1","Catalyst+1","Noxious Fumes+1","Crippling Poison"],"relics":["Ring of the Snake","NeowsBlessing","Darkstone Periapt","Lizard Tail","Frozen Egg 2","Peace Pipe","Pandora\u0027s Box","Tiny Chest","Blue Candle","Meat on the Bone","Paper Crane","Astrolabe","Ornamental Fan","Turnip","Vajra","The Courier","Boot","Snake Skull"],"acts_visited":["Exordium","TheCity","TheBeyond"],"potions_floor_usage":[50,50],"damage_taken":[{"damage":0.0,"enemies":"2 Louse","floor":1.0,"turns":1.0},{"damage":0.0,"enemies":"Jaw Worm","floor":3.0,"turns":1.0},{"damage":0.0,"enemies":"Gremlin Nob","floor":7.0,"turns":1.0},{"damage":0.0,"enemies":"Lagavulin","floor":10.0,"turns":10.0},{"damage":0.0,"enemies":"Small Slimes","floor":11.0,"turns":4.0},{"damage":18.0,"enemies":"Exordium Thugs","floor":12.0,"turns":6.0},{"damage":9.0,"enemies":"3 Louse","floor":13.0,"turns":5.0},{"damage":0.0,"enemies":"Red Slaver","floor":14.0,"turns":5.0},{"damage":30.0,"enemies":"Slime Boss","floor":16.0,"turns":14.0},{"damage":9.0,"enemies":"Shell Parasite","floor":18.0,"turns":5.0},{"damage":3.0,"enemies":"Spheric Guardian","floor":20.0,"turns":5.0},{"damage":0.0,"enemies":"Snecko","floor":22.0,"turns":7.0},{"damage":17.0,"enemies":"Gremlin Leader","floor":23.0,"turns":8.0},{"damage":1.0,"enemies":"Cultist and Chosen","floor":24.0,"turns":7.0},{"damage":16.0,"enemies":"Snake Plant","floor":27.0,"turns":6.0},{"damage":2.0,"enemies":"Centurion and Healer","floor":31.0,"turns":11.0},{"damage":41.0,"enemies":"Champ","floor":33.0,"turns":17.0},{"damage":2.0,"enemies":"3 Darklings","floor":35.0,"turns":5.0},{"damage":0.0,"enemies":"3 Shapes","floor":36.0,"turns":5.0},{"damage":6.0,"enemies":"Maw","floor":38.0,"turns":9.0},{"damage":3.0,"enemies":"Mind Bloom Boss Battle","floor":39.0,"turns":8.0},{"damage":6.0,"enemies":"Nemesis","floor":40.0,"turns":11.0},{"damage":4.0,"enemies":"Writhing Mass","floor":41.0,"turns":6.0},{"damage":18.0,"enemies":"Spire Growth","floor":46.0,"turns":7.0},{"damage":14.0,"enemies":"4 Shapes","floor":47.0,"turns":6.0},{"damage":48,"enemies":"Awakened One","floor":50,"turns":13}],"seed_played":"7115670304871571288","potions_obtained":[{"floor":7.0,"key":"Dexterity Potion"},{"floor":10.0,"key":"SneckoOil"},{"floor":13.0,"key":"LiquidMemories"},{"floor":16.0,"key":"SteroidPotion"},{"floor":22.0,"key":"CunningPotion"},{"floor":24.0,"key":"Strength Potion"},{"floor":27.0,"key":"Poison Potion"},{"floor":31.0,"key":"SteroidPotion"},{"floor":40.0,"key":"SteroidPotion"},{"floor":41.0,"key":"GamblersBrew"},{"floor":47.0,"key":"Explosive Potion"}],"is_trial":false,"path_per_floor":["M","?","M","$","?","R","E","?","T","E","M","M","M","M","R","B",null,"M","?","M","$","M","E","M","R","T","M","T","?","$","M","R","B",null,"M","M","T","M","?","E","M","R","T","$","T","M","M","$","R","B",null],"character_chosen":"THE_SILENT","items_purchased":["Noxious Fumes","Paper Crane","Wraith Form v2+1","Noxious Fumes+1","Snake Skull","Crippling Poison"],"campfire_rested":3,"item_purchase_floors":[4,30,44,48,48,48],"current_hp_per_floor":[70,63,63,63,56,56,56,56,56,56,56,38,29,29,29,35,61,52,52,49,49,49,32,31,52,52,36,36,36,36,46,67,38,62,60,60,60,54,51,45,47,47,47,47,47,41,39,39,60,24],"gold":96,"neow_bonus":"THREE_ENEMY_KILL","is_daily":false,"chose_seed":false,"campfire_upgraded":3,"win_rate":0.0,"timestamp":1608287197,"path_taken":["M","?","M","$","?","R","E","?","T","E","M","M","M","?","R","BOSS","M","?","M","$","M","E","?","R","T","M","?","?","$","M","R","BOSS","M","M","?","?","?","E","M","R","T","$","?","M","M","$","R","BOSS"],"items_purchased_type":["Card","Relic","Card","Card","Relic","Card"],"build_version":"2020-12-13","purchased_purges":3,"victory":true,"max_hp_per_floor":[70,70,70,70,70,70,70,70,70,70,70,70,70,70,70,70,70,70,70,70,70,70,70,70,70,70,70,70,70,70,70,70,70,70,70,70,70,70,70,70,76,76,76,73,73,73,73,73,73,73],"card_choices":[{"not_picked":["Acrobatics","Prepared"],"picked":"Dodge and Roll","floor":1.0},{"not_picked":["Acrobatics","Slice"],"picked":"Calculated Gamble","floor":3.0},{"not_picked":["Slice","Storm of Steel"],"picked":"Footwork","floor":7.0},{"not_picked":["Quick Slash","Setup"],"picked":"Tactician","floor":10.0},{"not_picked":["Masterful Stab","Blade Dance"],"picked":"Deadly Poison","floor":11.0},{"not_picked":["Terror","Deadly Poison"],"picked":"Distraction","floor":12.0},{"not_picked":["Well Laid Plans+1","Predator"],"picked":"PiercingWail","floor":13.0},{"not_picked":["Dagger Spray","Acrobatics"],"picked":"PiercingWail","floor":14.0},{"not_picked":["Glass Knife","Phantasmal Killer"],"picked":"Adrenaline","floor":16.0},{"not_picked":["Blade Dance","Deflect"],"picked":"Prepared","floor":18.0},{"not_picked":["Eviscerate+1","Finisher+1"],"picked":"Tactician+1","floor":20.0},{"not_picked":["Outmaneuver","Quick Slash"],"picked":"Acrobatics+1","floor":22.0},{"not_picked":["Masterful Stab","Eviscerate"],"picked":"Backflip","floor":23.0},{"not_picked":["Poisoned Stab","Blade Dance+1"],"picked":"PiercingWail","floor":24.0},{"not_picked":["Outmaneuver","Tactician"],"picked":"Backflip","floor":27.0},{"not_picked":["Deflect","Blade Dance"],"picked":"Caltrops+1","floor":31.0},{"not_picked":["Dodge and Roll","Flying Knee+1"],"picked":"Leg Sweep","floor":35.0},{"not_picked":["PiercingWail","Poisoned Stab"],"picked":"Prepared+1","floor":36.0},{"not_picked":["Acrobatics","Backflip"],"picked":"Bane+1","floor":38.0},{"not_picked":["Escape Plan","Acrobatics+1"],"picked":"Distraction+1","floor":39.0},{"not_picked":["Blade Dance+1","PiercingWail"],"picked":"Noxious Fumes+1","floor":40.0},{"not_picked":["Cloak And Dagger+1","Outmaneuver","Poisoned Stab+1"],"picked":"SKIP","floor":41.0},{"not_picked":["Cloak And Dagger+1","Outmaneuver","Poisoned Stab+1"],"picked":"SKIP","floor":41.0},{"not_picked":["PiercingWail","Acrobatics"],"picked":"Deadly Poison+1","floor":46.0},{"not_picked":["Concentrate+1","Riddle With Holes+1"],"picked":"Catalyst+1","floor":47.0}],"player_experience":341629,"relics_obtained":[{"floor":7.0,"key":"Lizard Tail"},{"floor":9.0,"key":"Frozen Egg 2"},{"floor":10.0,"key":"Peace Pipe"},{"floor":23.0,"key":"Tiny Chest"},{"floor":26.0,"key":"Blue Candle"},{"floor":28.0,"key":"Meat on the Bone"},{"floor":37.0,"key":"Ornamental Fan"},{"floor":39.0,"key":"Turnip"},{"floor":40.0,"key":"Vajra"},{"floor":43.0,"key":"The Courier"},{"floor":45.0,"key":"Boot"}],"event_choices":[{"damage_healed":0.0,"max_hp_gain":0.0,"max_hp_loss":0.0,"gold_gain":0.0,"event_name":"Scrap Ooze","player_choice":"Success","floor":2.0,"gold_loss":0.0,"damage_taken":7.0,"relics_obtained":["Darkstone Periapt"]},{"cards_removed":["Strike_G"],"damage_healed":0.0,"max_hp_gain":0.0,"max_hp_loss":0.0,"gold_gain":0.0,"event_name":"Golden Wing","player_choice":"Card Removal","floor":5.0,"gold_loss":0.0,"damage_taken":7.0},{"cards_removed":["Strike_G"],"damage_healed":0.0,"max_hp_gain":0.0,"max_hp_loss":0.0,"gold_gain":0.0,"event_name":"Bonfire Elementals","player_choice":"Offered Basic","floor":8.0,"gold_loss":0.0,"damage_taken":0.0},{"damage_healed":0.0,"max_hp_gain":0.0,"max_hp_loss":0.0,"gold_gain":0.0,"cards_transformed":["Slice"],"event_name":"Transmorgrifier","player_choice":"Transformed","floor":19.0,"gold_loss":0.0,"damage_taken":0.0,"cards_obtained":["Dodge and Roll"]},{"damage_healed":0.0,"max_hp_gain":0.0,"max_hp_loss":0.0,"gold_gain":0.0,"event_name":"Vampires","player_choice":"Ignored","floor":29.0,"gold_loss":0.0,"damage_taken":0.0},{"damage_healed":0.0,"max_hp_gain":0.0,"max_hp_loss":0.0,"gold_gain":0.0,"event_name":"MindBloom","player_choice":"Fight","floor":39.0,"gold_loss":0.0,"damage_taken":0.0}],"is_beta":false,"boss_relics":[{"not_picked":["SacredBark","Black Star"],"picked":"Pandora\u0027s Box"},{"not_picked":["WristBlade","Busted Crown"],"picked":"Astrolabe"}],"items_purged_floors":[21,44,48],"is_endless":false,"potions_floor_spawned":[7,10,13,16,22,24,27,31,40,41,47],"ascension_level":5}}