{"host":"cjmwurvrz00ml9vd","time":1608290046,"event":{"mods":["2.2 Compatiblity","AchievementEnabler","Act Like it!","Aspiration","BaseMod","Beaked The Cultist","Better Third Choice","BetterRewards","Colored Powertips","Conspire","Downfall","Hermit","Hubris","Infinite Spire","Marisa????????","Marked Mod","Minty Spire (QoL Compilation)","Robot Space Explorer","StSLib","The Blackbeard","The Cursed","The Disciple","The Jungle","The Necromancer","The Servant 0.9.4","TheFirefly"],"gold_per_floor":[109,129,129,147,147,189,189,221,221,70,70,89,124,124,124,236,236,259,268,287,287,302,302,329,340,365,365,375,375,405,240,240,349,349,365,379,398,124,124,124,153,169,169,12,12,33,68,68,68,68],"floor_reached":51,"playtime":1207,"items_purged":["Strike_R","Strike_R"],"score":1432,"play_id":"d3c564d6-c124-401d-ad21-0fb7d8e0e8da","local_time":"20201218121406","is_ascension_mode":true,"campfire_choices":[{"data":"expansioncontent:GuardianWhirl","floor":7,"key":"SMITH"},{"data":"Master of Strategy","floor":11,"key":"SMITH"},{"data":"Heavy Blade","floor":15,"key":"SMITH"},{"data":"Bash","floor":23,"key":"SMITH"},{"data":"Twin Strike","floor":27,"key":"SMITH"},{"floor":29,"key":"REST"},{"data":"Strike_R","floor":32,"key":"SMITH"},{"data":"Berserk","floor":40,"key":"SMITH"},{"floor":49,"key":"REST"}],"circlet_count":0,"master_deck":["Strike_R","Strike_R","Strike_R+1","Defend_R","Defend_R","Defend_R","Defend_R","Bash+1","expansioncontent:GuardianWhirl+1","Master of Strategy+1","Heavy Blade+1","Twin Strike+1","Feed+1","Whirlwind+1","Whirlwind+1","Brutality","Berserk+1","Parasite"],"relics":["Burning Blood","Brimstone","Ancient Tea Set","aspiration:StickyExplosives_weak","CeramicFish","Molten Egg 2","hubris:CrystalStatue","Membership Card","Orichalcum","infinitespire:Burning Sword","Cauldron","Letter Opener","infinitespire:Beetle Shell","infinitespire:ShieldingShard","Pear","hubris:EmptyBottle","Bag of Marbles","hubris:ChampionShield","infinitespire:CheckeredPen","Strange Spoon","aspiration:ChemicalBlood","hubris:Reverence"],"acts_visited":["Exordium","TheCity","TheBeyond"],"potions_floor_usage":[8,13,13,21,21,24,24,41,41,46,46,50,50,50,50,50,50,50,50,50],"damage_taken":[{"damage":2,"enemies":"conspire:RoseBush","floor":1,"turns":3},{"damage":3,"enemies":"Jaw Worm","floor":2,"turns":2},{"damage":0,"enemies":"2 Louse","floor":4,"turns":1},{"damage":15,"enemies":"Gremlin Nob","floor":6,"turns":3},{"damage":0,"enemies":"Lagavulin","floor":8,"turns":2},{"damage":0,"enemies":"Large Slime","floor":12,"turns":2},{"damage":0,"enemies":"3 Sentries","floor":13,"turns":2},{"damage":0,"enemies":"Slime Boss","floor":16,"turns":2},{"damage":8,"enemies":"2 Thieves","floor":18,"turns":2},{"damage":0,"enemies":"Spheric Guardian","floor":20,"turns":1},{"damage":0,"enemies":"Snecko","floor":22,"turns":2},{"damage":36,"enemies":"Book of Stabbing","floor":24,"turns":3},{"damage":0,"enemies":"Sentry and Sphere","floor":25,"turns":1},{"damage":11,"enemies":"Centurion and Healer","floor":28,"turns":2},{"damage":0,"enemies":"conspire:Head Lice","floor":30,"turns":2},{"damage":28,"enemies":"Champ","floor":33,"turns":5},{"damage":10,"enemies":"3 Shapes","floor":35,"turns":1},{"damage":0,"enemies":"3 Darklings","floor":36,"turns":1},{"damage":0,"enemies":"Transient","floor":37,"turns":5},{"damage":24,"enemies":"Giant Head","floor":41,"turns":4},{"damage":42,"enemies":"Spire Growth","floor":42,"turns":3},{"damage":0,"enemies":"Writhing Mass","floor":46,"turns":2},{"damage":35,"enemies":"Nemesis","floor":47,"turns":3},{"damage":87,"enemies":"Donu and Deca","floor":50,"turns":4}],"seed_played":"-3768999958873140865","potions_obtained":[{"floor":2,"key":"FairyPotion"},{"floor":6,"key":"DuplicationPotion"},{"floor":8,"key":"LiquidBronze"},{"floor":12,"key":"LiquidBronze"},{"floor":16,"key":"Ancient Potion"},{"floor":21,"key":"BloodPotion"},{"floor":21,"key":"Fruit Juice"},{"floor":21,"key":"AttackPotion"},{"floor":28,"key":"FearPotion"},{"floor":30,"key":"Energy Potion"},{"floor":33,"key":"Energy Potion"},{"floor":42,"key":"BloodPotion"},{"floor":50,"key":"SkillPotion"}],"is_trial":false,"path_per_floor":["M","M","?","M","T","E","R","E","T","$","R","M","E","?","R","B",null,"M","?","M","AVR","M","R","E","M","T","R","M","R","E","$","R","B",null,"M","M","M","$","?","R","E","M","T","$","?","M","E","T","R","B",null],"character_chosen":"IRONCLAD","items_purchased":["Brimstone","expansioncontent:GuardianWhirl","Master of Strategy","Ancient Tea Set","Strength Potion","Membership Card","Pear","Berserk","hubris:EmptyBottle","Bag of Marbles","Strange Spoon","aspiration:ChemicalBlood"],"campfire_rested":2,"item_purchase_floors":[0,0,0,0,0,10,31,38,38,38,44,44],"current_hp_per_floor":[39,42,68,74,74,65,65,71,71,71,71,77,80,80,80,80,80,78,78,80,85,85,85,55,61,61,61,60,86,89,99,99,77,94,90,96,99,99,99,99,81,45,45,45,45,51,22,22,50,33],"gold":68,"neow_bonus":"","is_daily":false,"chose_seed":false,"campfire_upgraded":7,"win_rate":0.0,"timestamp":1608290046,"path_taken":["M","M","?","M","?","E","R","E","T","?","R","M","E","?","R","BOSS","M","?","?","AVR","M","R","E","M","T","R","M","R","E","?","R","BOSS","M","M","M","$","?","R","E","M","T","$","?","M","E","?","R","BOSS"],"items_purchased_type":["Relic","Card","Card","Relic","Potion","Relic","Relic","Card","Relic","Relic","Relic","Relic"],"build_version":"2020-12-13","purchased_purges":2,"victory":true,"max_hp_per_floor":[80,80,80,80,80,80,80,80,80,80,80,80,80,80,80,80,80,80,80,80,85,85,85,85,85,85,85,89,89,89,99,99,99,99,99,99,99,99,99,99,99,99,99,99,94,94,94,94,94,94],"card_choices":[{"not_picked":["Uppercut","Metallicize","Thunderclap"],"picked":"SKIP","floor":1},{"not_picked":["True Grit","Evolve","Iron Wave"],"picked":"SKIP","floor":2},{"not_picked":["Uppercut","Cleave"],"picked":"Heavy Blade","floor":4},{"not_picked":["Clothesline","Fire Breathing"],"picked":"Twin Strike","floor":6},{"not_picked":["Iron Wave+1","Armaments","Entrench"],"picked":"SKIP","floor":8},{"not_picked":["Pommel Strike+1","Sentinel","True Grit"],"picked":"SKIP","floor":12},{"not_picked":["Wild Strike+1","Bloodletting","Warcry"],"picked":"SKIP","floor":13},{"not_picked":["Exhume","Corruption"],"picked":"Feed+1","floor":16},{"not_picked":["hubris:CleavingFinish+1","Twin Strike+1"],"picked":"Whirlwind+1","floor":18},{"not_picked":["Blood for Blood+1","Flame Barrier","Body Slam+1"],"picked":"SKIP","floor":20},{"not_picked":["Iron Wave+1","Battle Trance","Anger+1"],"picked":"SKIP","floor":22},{"not_picked":["Sword Boomerang+1","Pommel Strike+1","Iron Wave+1"],"picked":"SKIP","floor":24},{"not_picked":["hubris:CleavingFinish+1","Thunderclap+1","Warcry"],"picked":"SKIP","floor":25},{"not_picked":["Iron Wave+1","Twin Strike+1","hubris:StunningStrike+1"],"picked":"SKIP","floor":28},{"not_picked":["Armaments","Combust","Thunderclap+1"],"picked":"SKIP","floor":30},{"not_picked":["Barricade","Impervious"],"picked":"Brutality","floor":33},{"not_picked":["Burning Pact","Combust+1","Armaments"],"picked":"SKIP","floor":35},{"not_picked":["Wild Strike+1","Clash+1","hubris:CleavingFinish+1"],"picked":"SKIP","floor":36},{"not_picked":["Uppercut+1","Sword Boomerang+1","Armaments"],"picked":"SKIP","floor":37},{"not_picked":["Dual Wield","Dropkick+1","Warcry+1"],"picked":"SKIP","floor":41},{"not_picked":["Combust","Clash+1","Flame Barrier+1"],"picked":"SKIP","floor":42},{"not_picked":["Twin Strike+1","Havoc","True Grit+1"],"picked":"SKIP","floor":46},{"not_picked":["Pommel Strike+1","Wild Strike+1","Sword Boomerang+1"],"picked":"SKIP","floor":47}],"player_experience":624608,"relics_obtained":[{"floor":5,"key":"aspiration:StickyExplosives_weak"},{"floor":6,"key":"CeramicFish"},{"floor":8,"key":"Molten Egg 2"},{"floor":9,"key":"hubris:CrystalStatue"},{"floor":13,"key":"Orichalcum"},{"floor":24,"key":"Letter Opener"},{"floor":26,"key":"infinitespire:Beetle Shell"},{"floor":30,"key":"infinitespire:ShieldingShard"},{"floor":41,"key":"hubris:ChampionShield"},{"floor":43,"key":"infinitespire:CheckeredPen"},{"floor":47,"key":"hubris:Reverence"}],"event_choices":[{"damage_healed":26,"gold_gain":0,"player_choice":"Banana","damage_taken":0,"max_hp_gain":0,"max_hp_loss":0,"event_name":"Big Fish","floor":3,"gold_loss":0},{"damage_healed":0,"gold_gain":0,"player_choice":"Copied","damage_taken":0,"max_hp_gain":0,"max_hp_loss":0,"event_name":"Duplicator","floor":19,"gold_loss":0,"cards_obtained":["Whirlwind"]},{"damage_healed":0,"gold_gain":0,"player_choice":"Max HP","damage_taken":0,"max_hp_gain":0,"max_hp_loss":5,"event_name":"Winding Halls","floor":45,"gold_loss":0}],"is_beta":false,"boss_relics":[{"not_picked":["hubris:BlackHole","beaked:SacredDeck"],"picked":"infinitespire:Burning Sword"},{"not_picked":["aspiration:MarisaSkillbook","hubris:CrackedHourglass","aspiration:RitualDagger"]}],"items_purged_floors":[31,38],"is_endless":false,"potions_floor_spawned":[2,6,8,12,16,22,28,30,33,37,42,47],"ascension_level":6}}