{"host":"r2b8ojg4o4pyvjvq","time":1608299508,"event":{"mods":["BaseMod","Colored Map","Downfall","Highlight Path","Hubris","Marisa????????","Minty Spire (QoL Compilation)","Quick Restart","Replay The Spire","StSLib","SuperFastMode"],"gold_per_floor":[216,216,229,229,229,229,257,26,52,227,227,227,227,244,244,347,347,364,78,91,103,103,103,117,145,145,53,83,83,8,8,8,106,106,125,145,0,0,0,30,30,56,56,86,86,86],"floor_reached":45,"playtime":1559,"items_purged":["Delirium","Strike_MRS"],"score":918,"play_id":"3de87342-5901-4dbd-9f81-b6bcd43d90a1","local_time":"20201218145148","is_ascension_mode":true,"campfire_choices":[{"data":"PropBag","floor":6,"key":"SMITH"},{"floor":12,"key":"REST"},{"floor":15,"key":"REST"},{"data":"Apotheosis","floor":23,"key":"SMITH"},{"data":"MillisecondPulsars","floor":29,"key":"SMITH"},{"data":"SprinkleStarSeal","floor":32,"key":"SMITH"}],"circlet_count":0,"master_deck":["Strike_MRS","Strike_MRS","Strike_MRS+1","Defend_MRS","Defend_MRS","Defend_MRS","Defend_MRS","MasterSpark","UpSweep","OortCloud+1","SporeBomb","MasterSpark","PropBag+1","WitchLeyline+1","hubris:NaturalOne","GrandCross","SatelliteIllusion","MilkyWay+1","EventHorizon","Apotheosis+1","SprinkleStarSeal+1","NonDirectionalLaser","ShootTheMoon","BinaryStars","MillisecondPulsars+1","AsteroidBelt","GrandCross","expansioncontent:Chronoboost","Parasite","Parasite","GalacticHalo+1","SuperPerseids+1"],"relics":["MiniHakkero","Ring of Peace","ReplayTheSpireMod:Ring of Addiction","White Beast Statue","hubris:EmptyBottle","hubris:Metronome","hexamod:BolsterEngine","Juzu Bracelet","hubris:Icosahedron","Snecko Heart","BargainBundle","PreservedInsect","ReplayFunnel","Centennial Puzzle","ReplayTheSpireMod:Shallot","Ice Cream","hubris:VirtuousBlindfold","Red Mask","ShroomBag","ReplayTheSpireMod:TigerMarble","Replay:Accelerometer","MealTicket","Kunai"],"acts_visited":["Exordium","TheCity","TheBeyond"],"potions_floor_usage":[7,16,16,16,24,25,33,33,33,39,39,40],"damage_taken":[{"damage":9,"enemies":"2 Louse","floor":1,"turns":3},{"damage":2,"enemies":"Cultist","floor":3,"turns":6},{"damage":16,"enemies":"3 Sentries","floor":7,"turns":7},{"damage":0,"enemies":"Small Slimes","floor":14,"turns":2},{"damage":19,"enemies":"Hexaghost","floor":16,"turns":10},{"damage":17,"enemies":"Chosen","floor":18,"turns":6},{"damage":0,"enemies":"Spheric Guardian","floor":20,"turns":5},{"damage":0,"enemies":"Snecko","floor":21,"turns":5},{"damage":0,"enemies":"Shelled Parasite and Fungi","floor":24,"turns":7},{"damage":5,"enemies":"Book of Stabbing","floor":25,"turns":6},{"damage":7,"enemies":"Gremlin Leader","floor":28,"turns":4},{"damage":18,"enemies":"hubris:MusketHawk","floor":33,"turns":8},{"damage":0,"enemies":"Orb Walker","floor":35,"turns":3},{"damage":0,"enemies":"3 Darklings","floor":36,"turns":5},{"damage":1,"enemies":"Giant Head","floor":40,"turns":7},{"damage":0,"enemies":"R_Hoarder","floor":42,"turns":6},{"damage":25,"enemies":"Reptomancer","floor":44,"turns":5},{"damage":69,"enemies":"Transient","floor":45,"turns":4}],"seed_played":"-7958397106931185113","potions_obtained":[{"floor":1,"key":"BottledSpark"},{"floor":2,"key":"Block Potion"},{"floor":2,"key":"Explosive Potion"},{"floor":16,"key":"EssenceOfSteel"},{"floor":18,"key":"Energy Potion"},{"floor":25,"key":"Block Potion"},{"floor":33,"key":"Guardian:BlockOnCardUsePotion"},{"floor":39,"key":"Fruit Juice"},{"floor":39,"key":"ColorlessPotion"},{"floor":40,"key":"Dexterity Potion"},{"floor":42,"key":"LiquidMemories"}],"is_trial":false,"path_per_floor":["M","?","M","?","?","R","E","$","T","?","?","R","?","M","R","B",null,"M","$","M","M","?","R","M","E","T","?","E","R","?","?","R","B",null,"M","M","?","?","?","E","$","E","T","E","M"],"character_chosen":"MARISA","items_purchased":["hexamod:BolsterEngine","BargainBundle","PreservedInsect","ReplayFunnel","EventHorizon","Apotheosis","DuplicationPotion","SprinkleStarSeal","NonDirectionalLaser"],"campfire_rested":2,"item_purchase_floors":[8,19,19,19,19,19,19,19,19],"current_hp_per_floor":[59,59,57,57,57,57,41,41,41,41,27,48,48,48,68,49,64,47,47,47,47,67,65,65,60,60,60,53,53,53,53,53,35,55,55,55,55,55,65,64,64,68,68,44,0,0],"gold":86,"neow_bonus":"HUNDRED_GOLD","is_daily":false,"chose_seed":false,"campfire_upgraded":4,"win_rate":0.0,"timestamp":1608299508,"path_taken":["M","?","M","?","?","R","E","$","T","?","?","R","?","M","R","BOSS","M","$","M","M","?","R","M","E","T","?","E","R","?","?","R","BOSS","M","M","?","?","?","E","$","E","T","E","M"],"items_purchased_type":["Relic","Relic","Relic","Relic","Card","Card","Potion","Card","Card"],"build_version":"2020-12-13","purchased_purges":2,"victory":false,"max_hp_per_floor":[75,75,75,75,75,73,73,73,73,73,71,71,71,69,69,69,69,69,69,67,67,67,65,65,65,65,65,65,63,63,63,61,61,61,61,61,59,59,69,69,69,69,69,67,67,67],"card_choices":[{"not_picked":["SprinkleStarSeal","AsteroidBelt"],"picked":"OortCloud","floor":1},{"not_picked":["Acceleration","Robbery"],"picked":"SporeBomb","floor":3},{"not_picked":["SporeBomb","GravityBeat"],"picked":"WitchLeyline","floor":7},{"not_picked":["RefractionSpark","LuminesStrike"],"picked":"GrandCross","floor":14},{"not_picked":["BigCrunch","AbsoluteMagnitude"],"picked":"SatelliteIllusion","floor":16},{"not_picked":["Acceleration","DarkSpark"],"picked":"MilkyWay+1","floor":18},{"not_picked":["DC+1","Acceleration","DarkSpark"],"picked":"SKIP","floor":20},{"not_picked":["DoubleSpark","MysteriousBeam"],"picked":"ShootTheMoon","floor":21},{"not_picked":["PowerUp+1","6A","SporeBomb"],"picked":"SKIP","floor":24},{"not_picked":["UnstableBomb","GalacticHalo"],"picked":"BinaryStars","floor":25},{"not_picked":["WitchLeyline","UnstableBomb+1"],"picked":"MillisecondPulsars","floor":28},{"not_picked":["UnstableBomb","WitchLeyline"],"picked":"AsteroidBelt","floor":35},{"not_picked":["Occultation+1","GravityBeat+1"],"picked":"GrandCross","floor":36},{"not_picked":["Trip","Metamorphosis"],"picked":"expansioncontent:Chronoboost","floor":38},{"not_picked":["UnstableBomb+1","StarBarrage"],"picked":"GalacticHalo+1","floor":40},{"not_picked":["PowerUp+1","ChargingUp","MysteriousBeam"],"picked":"SKIP","floor":42},{"not_picked":["ShootingEcho+1","BlazeAway+1"],"picked":"SuperPerseids+1","floor":44}],"player_experience":451032,"relics_obtained":[{"floor":2,"key":"Ring of Peace"},{"floor":2,"key":"ReplayTheSpireMod:Ring of Addiction"},{"floor":2,"key":"White Beast Statue"},{"floor":2,"key":"hubris:EmptyBottle"},{"floor":7,"key":"hubris:Metronome"},{"floor":9,"key":"Juzu Bracelet"},{"floor":25,"key":"Centennial Puzzle"},{"floor":28,"key":"Ice Cream"},{"floor":40,"key":"ShroomBag"},{"floor":42,"key":"ReplayTheSpireMod:TigerMarble"},{"floor":43,"key":"Replay:Accelerometer"},{"floor":44,"key":"MealTicket"}],"event_choices":[{"damage_healed":0,"gold_gain":0,"player_choice":"Grow","damage_taken":0,"max_hp_gain":0,"max_hp_loss":0,"event_name":"Living Wall","floor":4,"gold_loss":0,"cards_upgraded":["OortCloud"]},{"damage_healed":0,"gold_gain":0,"player_choice":"2 cards matched","damage_taken":0,"max_hp_gain":0,"max_hp_loss":0,"event_name":"Match and Keep!","floor":5,"gold_loss":0,"cards_obtained":["MasterSpark","PropBag"]},{"damage_healed":0,"gold_gain":175,"player_choice":"AGREE","damage_taken":0,"max_hp_gain":0,"max_hp_loss":0,"event_name":"Liars Game","floor":10,"gold_loss":0,"cards_obtained":["Doubt"]},{"damage_healed":0,"gold_gain":0,"player_choice":"Entered Light","damage_taken":14,"max_hp_gain":0,"max_hp_loss":0,"event_name":"Shining Light","floor":11,"gold_loss":0,"cards_upgraded":["Strike_MRS","WitchLeyline"]},{"damage_healed":22,"gold_gain":0,"player_choice":"Heal","damage_taken":0,"max_hp_gain":0,"max_hp_loss":0,"event_name":"The Library","floor":22,"gold_loss":0},{"damage_healed":0,"gold_gain":0,"player_choice":"Paid Gold","damage_taken":0,"relics_obtained":["ReplayTheSpireMod:Shallot"],"max_hp_gain":0,"max_hp_loss":0,"event_name":"WeMeetAgain","floor":27,"gold_loss":92},{"cards_removed":["Doubt"],"damage_healed":0,"gold_gain":0,"player_choice":"Gave Gold","damage_taken":0,"max_hp_gain":0,"max_hp_loss":0,"event_name":"Beggar","floor":30,"gold_loss":75},{"damage_healed":0,"gold_gain":0,"player_choice":"Paid","damage_taken":0,"relics_obtained":["Red Mask"],"max_hp_gain":0,"max_hp_loss":0,"event_name":"Tomb of Lord Red Mask","floor":37,"gold_loss":145},{"damage_healed":0,"gold_gain":0,"player_choice":"Memory 1","damage_taken":0,"max_hp_gain":0,"max_hp_loss":0,"event_name":"SensoryStone","floor":38,"gold_loss":0},{"damage_healed":0,"gold_gain":0,"player_choice":"Got Potions","damage_taken":0,"max_hp_gain":0,"max_hp_loss":0,"event_name":"Lab","floor":39,"gold_loss":0}],"is_beta":false,"boss_relics":[{"not_picked":["hubris:Stopwatch","hubris:HollowSoul"],"picked":"Snecko Heart"},{"not_picked":["Astrolabe","BewitchedHakkero"],"picked":"hubris:VirtuousBlindfold"}],"items_purged_floors":[8,19],"is_endless":false,"potions_floor_spawned":[1,3,7,14,16,18,20,21,24,25,28,33,35,36,40,42,44],"killed_by":"Transient","ascension_level":9}}