{"host":"61pxv8qo5t6mwz68","time":1608259243,"event":{"mods":["BaseMod","Block Reminder","Colored Map","Highlight Path","Minty Spire (QoL Compilation)","Permanent Neow"],"gold_per_floor":[115,133,133,48,65,99,99,119,174,204,204,204,239,253,253,354,354,374,374,289,307,36,65,65,65,65],"floor_reached":25,"playtime":1256,"items_purged":[],"score":251,"play_id":"9798157f-b636-4f3f-9f47-9fba6c984aa5","local_time":"20201217214043","is_ascension_mode":true,"campfire_choices":[{"floor":12,"key":"REST"},{"floor":15,"key":"REST"},{"floor":24,"key":"REST"}],"circlet_count":0,"master_deck":["Strike_R","Strike_R","Strike_R+1","Strike_R+1","Strike_R","Defend_R","Defend_R","Defend_R","Bash","Secret Weapon","Infernal Blade+1","Wild Strike+1","Flash of Steel","Second Wind","Combust","Infernal Blade","Searing Blow","Dropkick","Demon Form","Warcry","Flex","Violence","Madness","Twin Strike"],"relics":["Burning Blood","Paper Frog","Whetstone","Potion Belt","HornCleat","Velvet Choker","InkBottle","Omamori"],"acts_visited":["Exordium","TheCity"],"potions_floor_usage":[10,16,16],"damage_taken":[{"damage":1,"enemies":"2 Louse","floor":1,"turns":4},{"damage":1,"enemies":"Cultist","floor":2,"turns":3},{"damage":0,"enemies":"Small Slimes","floor":5,"turns":2},{"damage":18,"enemies":"Gremlin Nob","floor":6,"turns":4},{"damage":15,"enemies":"3 Louse","floor":8,"turns":3},{"damage":25,"enemies":"3 Sentries","floor":10,"turns":5},{"damage":34,"enemies":"Lagavulin","floor":13,"turns":5},{"damage":7,"enemies":"Looter","floor":14,"turns":3},{"damage":23,"enemies":"Hexaghost","floor":16,"turns":10},{"damage":20,"enemies":"Spheric Guardian","floor":18,"turns":4},{"damage":15,"enemies":"2 Thieves","floor":21,"turns":3},{"damage":26,"enemies":"Book of Stabbing","floor":23,"turns":4},{"damage":53,"enemies":"Slavers","floor":25,"turns":3}],"seed_played":"-1115507911572715089","potions_obtained":[{"floor":2,"key":"Swift Potion"},{"floor":13,"key":"ColorlessPotion"},{"floor":14,"key":"EssenceOfSteel"},{"floor":23,"key":"Strength Potion"}],"is_trial":false,"path_per_floor":["M","M","?","$","M","E","?","M","T","E","$","R","E","M","R","B",null,"M","?","?","M","$","E","R","E"],"character_chosen":"IRONCLAD","items_purchased":["Flash of Steel","Violence","Madness"],"campfire_rested":3,"item_purchase_floors":[4,22,22],"current_hp_per_floor":[61,66,66,66,72,60,44,35,35,16,16,40,12,11,35,18,80,66,50,50,41,41,21,45,0,0],"gold":65,"neow_bonus":"RANDOM_COLORLESS_2","is_daily":false,"chose_seed":false,"campfire_upgraded":0,"win_rate":0.0,"timestamp":1608259243,"path_taken":["M","M","?","?","M","E","?","M","T","E","$","R","E","M","R","BOSS","M","?","?","M","$","E","R","E"],"items_purchased_type":["Card","Card","Card"],"build_version":"2020-12-13","purchased_purges":0,"victory":false,"max_hp_per_floor":[80,80,80,80,80,80,80,80,80,80,80,80,80,80,80,80,80,80,80,80,80,80,80,80,80,80],"card_choices":[{"not_picked":["HandOfGreed","Panache"],"picked":"Secret Weapon","floor":0},{"not_picked":["Pommel Strike","True Grit"],"picked":"Infernal Blade","floor":1},{"not_picked":["Iron Wave","Reckless Charge"],"picked":"Wild Strike","floor":2},{"not_picked":["Body Slam","Headbutt"],"picked":"Second Wind","floor":5},{"not_picked":["Second Wind","Heavy Blade"],"picked":"Combust","floor":6},{"not_picked":["Dark Embrace","Sever Soul"],"picked":"Infernal Blade","floor":8},{"not_picked":["Clothesline","Pummel"],"picked":"Searing Blow","floor":10},{"not_picked":["Fiend Fire","Searing Blow","Reaper"],"picked":"SKIP","floor":13},{"not_picked":["Wild Strike","Sword Boomerang"],"picked":"Dropkick","floor":14},{"not_picked":["Bludgeon","Berserk"],"picked":"Demon Form","floor":16},{"not_picked":["Spot Weakness","Cleave"],"picked":"Warcry","floor":18},{"not_picked":["Cleave","Anger"],"picked":"Flex","floor":21},{"not_picked":["Clash","Heavy Blade"],"picked":"Twin Strike","floor":23}],"player_experience":25613,"relics_obtained":[{"floor":6,"key":"Paper Frog"},{"floor":9,"key":"Whetstone"},{"floor":10,"key":"Potion Belt"},{"floor":13,"key":"HornCleat"},{"floor":23,"key":"Omamori"}],"event_choices":[{"cards_removed":["Defend_R"],"damage_healed":0,"gold_gain":0,"player_choice":"Offered Basic","damage_taken":0,"max_hp_gain":0,"max_hp_loss":0,"event_name":"Bonfire Elementals","floor":3,"gold_loss":0},{"damage_healed":0,"gold_gain":0,"player_choice":"Entered Light","damage_taken":16,"max_hp_gain":0,"max_hp_loss":0,"event_name":"Shining Light","floor":7,"gold_loss":0,"cards_upgraded":["Infernal Blade","Strike_R"]},{"damage_healed":0,"gold_gain":0,"player_choice":"Obtained Book","damage_taken":16,"max_hp_gain":0,"max_hp_loss":0,"event_name":"Cursed Tome","floor":19,"gold_loss":0},{"damage_healed":0,"gold_gain":0,"player_choice":"Obtained Relic","damage_taken":0,"relics_obtained":["InkBottle"],"max_hp_gain":0,"max_hp_loss":0,"event_name":"Addict","floor":20,"gold_loss":85}],"is_beta":false,"boss_relics":[{"not_picked":["Fusion Hammer","Philosopher\u0027s Stone"],"picked":"Velvet Choker"}],"items_purged_floors":[],"is_endless":false,"potions_floor_spawned":[2,13,14,23],"killed_by":"Slavers","ascension_level":1}}