{"host":"x5a6cvihdukvwm3n","time":1608293337,"event":{"mods":["AlwaysNeverKeys","Aspiration","BaseMod","Beaked The Cultist","BetterRewards","Colored Map","Colored Powertips","Conspire","Curses Come First","Downfall","Friendly Minions","GifTheSpireLib","Gremlin Mod","Halation","Highlight Path","Hubris","Minty Spire (QoL Compilation)","Replay The Spire","Shop Mod","StSLib","Stuff the Spire","SuperFastMode","Synergy Search","Td1madao Mod","The Bladedancer","The Construct","The Disciple","The Jungle","The Servant 0.9.4","vexMod"],"gold_per_floor":[99,99,49,74,93,93,116,116,161,161,192,220,171,213,256,256,256],"floor_reached":16,"playtime":702,"items_purged":[],"score":127,"play_id":"72ea2780-7085-49fc-9fee-667027cf4822","local_time":"20201218130857","is_ascension_mode":false,"campfire_choices":[{"data":"sneckomod:Unknown","floor":1,"key":"SMITH"},{"data":"sneckomod:UnknownClassHEXA_GHOST_PURPLE","floor":6,"key":"SMITH"},{"data":"sneckomod:UnknownCommonAttack","floor":8,"key":"SMITH"},{"data":"sneckomod:UnknownEthereal","floor":10,"key":"SMITH"}],"circlet_count":0,"master_deck":["sneckomod:Strike","sneckomod:Strike","sneckomod:Defend","sneckomod:Defend","sneckomod:Defend","sneckomod:TailWhip","sneckomod:SnekBite","sneckomod:Unknown+1","sneckomod:Unknown","conspire:SpireCoStock","sneckomod:UnknownClassHEXA_GHOST_PURPLE+1","sneckomod:UnknownCommonAttack+1","sneckomod:UnknownEthereal+1","sneckomod:UnknownRarePower","sneckomod:UnknownClassCHRONO_GOLD","sneckomod:Nope","sneckomod:RainOfDice+1","sneckomod:UnknownExhaust","sneckomod:UnknownUncommonPower"],"relics":["sneckomod:SneckoSoul","conspire:InfiniteJournal","StuffTheSpire:Barrel"],"acts_visited":["Exordium"],"potions_floor_usage":[16,16,16],"damage_taken":[{"damage":34,"enemies":"Gremlin Nob","floor":4,"turns":5},{"damage":0,"enemies":"Cultist","floor":5,"turns":2},{"damage":3,"enemies":"Jaw Worm","floor":9,"turns":4},{"damage":5,"enemies":"Small Slimes","floor":11,"turns":4},{"damage":25,"enemies":"Red Slaver","floor":12,"turns":4},{"damage":0,"enemies":"downfall:FleeingMerchant","floor":13,"turns":4},{"damage":0,"enemies":"2 Fungi Beasts","floor":14,"turns":3},{"damage":13,"enemies":"Blue Slaver","floor":15,"turns":4},{"damage":27,"enemies":"downfall:Defect","floor":16,"turns":4}],"seed_played":"-9210209316231678541","potions_obtained":[{"floor":4,"key":"Adrenaline Potion"},{"floor":11,"key":"SpeedPotion"},{"floor":14,"key":"Weak Potion"},{"floor":15,"key":"ColorlessPotion"}],"is_trial":false,"path_per_floor":["R","?","?","E","M","R","T","R","M","R","M","M","$","M","M","B"],"character_chosen":"THE_SNECKO","items_purchased":["sneckomod:RainOfDice+1"],"campfire_rested":0,"item_purchase_floors":[13],"current_hp_per_floor":[99,99,99,66,67,67,67,67,65,65,61,37,37,38,26,0,0],"gold":256,"neow_bonus":"TEN_PERCENT_HP_BONUS","is_daily":false,"chose_seed":false,"campfire_upgraded":4,"win_rate":0.0,"timestamp":1608293337,"path_taken":["R","?","?","E","M","R","T","R","M","R","M","M","?","?","M","BOSS"],"items_purchased_type":["Card"],"build_version":"2020-12-13","purchased_purges":0,"victory":false,"max_hp_per_floor":[99,99,99,100,101,101,101,101,102,102,103,104,104,105,106,106,106],"card_choices":[{"not_picked":["sneckomod:QuickBite","sneckomod:SlitherStrike"],"picked":"sneckomod:UnknownClassHEXA_GHOST_PURPLE","floor":4},{"not_picked":["sneckomod:RainOfDice","sneckomod:UnknownBlock"],"picked":"sneckomod:UnknownCommonAttack","floor":5},{"not_picked":["sneckomod:MasterEye","sneckomod:UnknownBlock"],"picked":"sneckomod:UnknownEthereal","floor":9},{"not_picked":["sneckomod:QuickBite","sneckomod:QuickMove"],"picked":"sneckomod:UnknownRarePower","floor":11},{"not_picked":["sneckomod:QuickBite","sneckomod:UnknownBlock"],"picked":"sneckomod:UnknownClassCHRONO_GOLD","floor":12},{"not_picked":["sneckomod:QuickMove","sneckomod:SerpentMind"],"picked":"sneckomod:Nope","floor":13},{"not_picked":["sneckomod:DiceBlock","sneckomod:Unknown1Cost"],"picked":"sneckomod:UnknownExhaust","floor":14},{"not_picked":["sneckomod:SoulDraw","sneckomod:TrashToTreasure"],"picked":"sneckomod:UnknownUncommonPower","floor":15}],"player_experience":271379,"relics_obtained":[{"floor":4,"key":"conspire:InfiniteJournal"},{"floor":7,"key":"StuffTheSpire:Barrel"}],"event_choices":[{"damage_healed":0,"gold_gain":0,"player_choice":"Invest 1","damage_taken":0,"max_hp_gain":0,"max_hp_loss":0,"event_name":"conspire:Investor","floor":3,"gold_loss":0}],"is_beta":false,"boss_relics":[],"items_purged_floors":[],"is_endless":false,"potions_floor_spawned":[4,11,14,15],"killed_by":"downfall:Defect","ascension_level":0}}