{"host":"5qewjvycy34u7aeo","time":1608272946,"event":{"mods":["Act Like it!","Aspiration","BaseMod","Conspire","Downfall","GifTheSpireLib","Hubris","Infinite Spire","Minty Spire (QoL Compilation)","Permanent Neow","Replay The Spire","Shop Mod","StSLib","Stuff the Spire"],"gold_per_floor":[99,109,124,137,147,178,203,478,403,431,442,442,306,321,340,442,442,442,453,464,481,512,437,437,487,587,587,601,613,613,630,650,748,748,748,766,766,778,778,792,845,860,887,812,832,847,858,872,882,882],"floor_reached":51,"playtime":4828,"items_purged":["Regret","Guardian:Defend_Guardian"],"score":996,"play_id":"bf0a161c-d139-4165-8af3-a9336a7ee4ec","local_time":"20201217222906","is_ascension_mode":false,"campfire_choices":[{"data":"Guardian:TwinSlam","floor":1,"key":"SMITH"},{"data":"Guardian:PiercingHide","floor":9,"key":"SMITH"},{"floor":18,"key":"RECALL"},{"data":"Guardian:EvasiveProtocol","floor":23,"key":"SMITH"},{"floor":27,"key":"DIG"},{"floor":35,"key":"DIG"},{"floor":37,"key":"DIG"},{"floor":44,"key":"DIG"}],"circlet_count":0,"master_deck":["Guardian:Strike_Guardian","Guardian:Strike_Guardian+1","Guardian:Defend_Guardian","Guardian:CurlUp","Guardian:TwinSlam+1","Guardian:PiercingHide+1","Guardian:Planning","Guardian:EvasiveProtocol+1","Guardian:EvasiveProtocol+1","Guardian:PrismaticBeam+1","Replay:Fractal Strike","Guardian:Harden","Guardian:CrystalBeam","Guardian:Suspension+1","Guardian:Gem_Synthetic","Guardian:ShieldSpikes+1","Guardian:Repulse","Guardian:Gem_White","Guardian:Gem_Cyan","Guardian:VentSteam+1","Guardian:Planning+1","Guardian:SpikerProtocol+1","Guardian:Planning+1"],"relics":["Replay:Drink Me","Bottled Lightning","downfall:HeartBlessingBlue","Nunchaku","Replay:Baseball","hubris:VirtuousBlindfold","aspiration:HiddenCompartment","downfall:HeartBlessingRed","Replay:Multitool","Membership Card","Tiny House","downfall:GremlinWheel","Quantum Egg","Replay:Mystery Machine","StuffTheSpire:ForceGauntlet","Toxic Egg 2","StuffTheSpire:GrapeVine","ReplayTheSpireMod:Ninjato","downfall:HeartBlessingGreen","ReplayFunnel"],"acts_visited":["Exordium","TheCity","TheBeyond"],"potions_floor_usage":[],"damage_taken":[{"damage":0,"enemies":"2 Louse","floor":2,"turns":3},{"damage":0,"enemies":"conspire:RoseBush","floor":3,"turns":2},{"damage":0,"enemies":"Jaw Worm","floor":4,"turns":4},{"damage":0,"enemies":"Red Slaver","floor":5,"turns":4},{"damage":0,"enemies":"3 Sentries","floor":6,"turns":10},{"damage":20,"enemies":"Lagavulin","floor":10,"turns":7},{"damage":16,"enemies":"Large Slime","floor":11,"turns":9},{"damage":7,"enemies":"downfall:FleeingMerchant","floor":13,"turns":4},{"damage":0,"enemies":"3 Louse","floor":14,"turns":2},{"damage":0,"enemies":"Large Slime","floor":15,"turns":7},{"damage":0,"enemies":"downfall:Watcher","floor":16,"turns":10},{"damage":0,"enemies":"Shell Parasite","floor":19,"turns":4},{"damage":0,"enemies":"conspire:HollyBat","floor":20,"turns":6},{"damage":0,"enemies":"Centurion and Healer","floor":21,"turns":9},{"damage":0,"enemies":"Replay:Snechameleon","floor":22,"turns":4},{"damage":0,"enemies":"Replay:Snechameleon","floor":26,"turns":3},{"damage":0,"enemies":"Snake Plant","floor":28,"turns":3},{"damage":0,"enemies":"conspire:HollyBat","floor":29,"turns":4},{"damage":0,"enemies":"Chosen and Byrds","floor":31,"turns":3},{"damage":0,"enemies":"Shelled Parasite and Fungi","floor":32,"turns":3},{"damage":0,"enemies":"downfall:Defect","floor":33,"turns":6},{"damage":0,"enemies":"Orb Walker","floor":36,"turns":3},{"damage":0,"enemies":"3 Shapes","floor":38,"turns":4},{"damage":0,"enemies":"Maw","floor":40,"turns":6},{"damage":0,"enemies":"Writhing Mass","floor":42,"turns":4},{"damage":0,"enemies":"R_Hoarder","floor":43,"turns":4},{"damage":0,"enemies":"Sphere and 2 Shapes","floor":45,"turns":4},{"damage":0,"enemies":"Transient","floor":46,"turns":5},{"damage":0,"enemies":"Maw","floor":47,"turns":5},{"damage":0,"enemies":"Sphere and 2 Shapes","floor":48,"turns":4},{"damage":0,"enemies":"4 Shapes","floor":49,"turns":5},{"damage":25,"enemies":"downfall:Silent","floor":50,"turns":5}],"seed_played":"5163009805618075173","potions_obtained":[{"floor":2,"key":"conspire:TimeTravelPotion"},{"floor":4,"key":"sneckomod:MuddlingPotion"},{"floor":6,"key":"Elixir"},{"floor":16,"key":"FearPotion"}],"is_trial":false,"path_per_floor":["R","M","M","M","M","E","T","?","R","E","M","?","$","M","M","B",null,"R","M","M","M","E","R","T","AVR","?","R","M","M","?","M","M","B",null,"R","M","R","M","?","M","T","M","E","R","M","M","M","M","M","B",null],"character_chosen":"GUARDIAN","items_purchased":["Guardian:Gem_Cyan"],"campfire_rested":0,"item_purchase_floors":[13],"current_hp_per_floor":[60,60,60,60,60,60,60,60,70,50,34,22,15,15,15,15,70,70,70,70,70,70,70,70,75,75,75,75,75,75,75,75,75,75,75,75,75,75,75,75,75,75,75,75,75,75,75,75,75,50],"gold":882,"neow_bonus":"BOSS_RELIC","is_daily":false,"chose_seed":false,"campfire_upgraded":3,"win_rate":0.0,"timestamp":1608272946,"path_taken":["R","M","M","M","M","E","T","?","R","E","?","?","$","M","M","BOSS","R","M","M","M","E","R","T","AVR","?","R","M","?","?","M","M","BOSS","R","M","R","M","?","M","T","M","E","R","M","M","M","M","M","BOSS"],"items_purchased_type":["Card"],"build_version":"2020-12-13","purchased_purges":2,"victory":true,"max_hp_per_floor":[60,60,60,60,60,60,60,60,70,70,70,70,70,70,70,70,70,70,70,70,70,70,70,70,75,75,75,75,75,75,75,75,75,75,75,75,75,75,75,75,75,75,75,75,75,75,75,75,75,75],"card_choices":[{"not_picked":["Guardian:Incinerate","Guardian:Suspension"],"picked":"Guardian:Gem_Cyan","floor":2},{"not_picked":["Guardian:RollAttack","Guardian:SentryBeam","Guardian:Suspension"],"picked":"SKIP","floor":3},{"not_picked":["Guardian:TemporalStrike","Guardian:VentSteam","Guardian:PrimingBeam"],"picked":"SKIP","floor":4},{"not_picked":["Guardian:Recover","Guardian:TemporalShield"],"picked":"Guardian:PiercingHide","floor":5},{"not_picked":["Guardian:Gem_White","Guardian:FastForward"],"picked":"Guardian:Planning","floor":6},{"not_picked":["Guardian:ChargeCore","Guardian:Incinerate"],"picked":"Guardian:Gem_Lightblue","floor":10},{"not_picked":["Guardian:ShieldCharger","Guardian:Suspension","Guardian:ChargeCore"],"picked":"SKIP","floor":11},{"not_picked":["Guardian:FastForward","Guardian:CrystalBeam"],"picked":"Guardian:EvasiveProtocol","floor":13},{"not_picked":["Guardian:Gem_Blue","Guardian:VentSteam"],"picked":"Guardian:Gem_Fragmented","floor":14},{"not_picked":["Guardian:Reroute","Guardian:TemporalStrike"],"picked":"Guardian:EvasiveProtocol","floor":15},{"not_picked":["Guardian:AncientConstruct","Guardian:RevengeProtocol"],"picked":"Guardian:Gem_Synthetic","floor":16},{"not_picked":["Guardian:Incinerate+1","Guardian:WalkerClaw"],"picked":"Guardian:Gem_Lightblue","floor":19},{"not_picked":["Guardian:RefractedBeam","Guardian:PrimingBeam"],"picked":"Guardian:Gem_Orange","floor":20},{"not_picked":["Guardian:WalkerClaw","Guardian:TimeCapacitor+1"],"picked":"Guardian:PrismaticBeam+1","floor":21},{"not_picked":["Guardian:TimeCapacitor","Guardian:BronzeArmor","Guardian:BronzeOrb"],"picked":"SKIP","floor":22},{"not_picked":["Guardian:VentSteam","Guardian:Gem_Blue"],"picked":"Guardian:Harden","floor":25},{"not_picked":["Guardian:Recover","Guardian:VentSteam"],"picked":"Guardian:CrystalBeam","floor":28},{"not_picked":["Guardian:SentryBeam","Guardian:TemporalShield"],"picked":"Guardian:Suspension+1","floor":29},{"not_picked":["Guardian:GuardianWhirl","Guardian:Gem_Cyan"],"picked":"Guardian:Gem_Synthetic","floor":31},{"not_picked":["Guardian:Emergency","Guardian:Repulse"],"picked":"Guardian:ShieldSpikes+1","floor":32},{"not_picked":["Guardian:ExploitGems","Guardian:HyperBeam_Guardian"],"picked":"Guardian:Gem_Synthetic","floor":33},{"not_picked":["Guardian:DonusPower+1","Guardian:WalkerClaw"],"picked":"Guardian:Repulse","floor":36},{"not_picked":["Guardian:Gem_Red","Guardian:PiercingHide+1"],"picked":"Guardian:Gem_White","floor":38},{"not_picked":["Guardian:Suspension+1","Guardian:Gem_Cyan","Guardian:PrimingBeam+1"],"picked":"SKIP","floor":40},{"not_picked":["Guardian:ShieldCharger+1","Guardian:Incinerate+1","Guardian:Reroute+1"],"picked":"SKIP","floor":42},{"not_picked":["Guardian:Recover+1","Guardian:FloatingOrbs"],"picked":"Guardian:Gem_Cyan","floor":43},{"not_picked":["Guardian:TemporalShield+1","Guardian:Gem_Red"],"picked":"Guardian:VentSteam+1","floor":45},{"not_picked":["Guardian:Incinerate","Guardian:VentSteam+1","Guardian:ChargeCore"],"picked":"SKIP","floor":46},{"not_picked":["Guardian:FloatingOrbs","Guardian:SpikerProtocol"],"picked":"Guardian:Planning+1","floor":47},{"not_picked":["Guardian:MultiBeam+1","Guardian:Gem_Fragmented"],"picked":"Guardian:SpikerProtocol+1","floor":48},{"not_picked":["Guardian:Suspension+1","Guardian:Gem_Crimson"],"picked":"Guardian:Planning+1","floor":49}],"player_experience":366295,"relics_obtained":[{"floor":6,"key":"Bottled Lightning"},{"floor":10,"key":"Nunchaku"},{"floor":22,"key":"aspiration:HiddenCompartment"},{"floor":24,"key":"Replay:Multitool"},{"floor":26,"key":"downfall:GremlinWheel"},{"floor":27,"key":"Quantum Egg"},{"floor":35,"key":"Replay:Mystery Machine"},{"floor":37,"key":"StuffTheSpire:ForceGauntlet"},{"floor":39,"key":"Toxic Egg 2"},{"floor":41,"key":"StuffTheSpire:GrapeVine"},{"floor":43,"key":"ReplayTheSpireMod:Ninjato"},{"floor":44,"key":"ReplayFunnel"}],"event_choices":[{"damage_healed":0,"gold_gain":0,"player_choice":"Success","damage_taken":12,"relics_obtained":["Replay:Baseball"],"max_hp_gain":0,"max_hp_loss":0,"event_name":"Scrap Ooze","floor":12,"gold_loss":0},{"cards_removed":["Guardian:Defend_Guardian"],"damage_healed":0,"gold_gain":0,"player_choice":"Card Removal","damage_taken":0,"max_hp_gain":0,"max_hp_loss":0,"event_name":"Wheel of Change","floor":27,"gold_loss":0}],"is_beta":false,"boss_relics":[{"not_picked":["hubris:ScarierMask","infinitespire:Cupcake"],"picked":"hubris:VirtuousBlindfold"},{"not_picked":["Runic Pyramid","Kintsugi","aspiration:PoetsPen_weak"]}],"items_purged_floors":[13,25],"is_endless":false,"potions_floor_spawned":[2,4,6,16,21,22,26,32,33,38,43,46,48],"ascension_level":0}}