{"host":"aj7el8l5kufbk20z","time":1608285814,"event":{"mods":["AchievementEnabler","BaseMod","Colored Map","Colored Powertips","Curses Come First","Highlight Path","Minty Spire (QoL Compilation)","Quick Restart","Rare Cards Sparkle","Relic Stats","StSLib","SuperFastMode"],"gold_per_floor":[117,117,39,54,54,85,85,10,86,11100,11200,11214,11226,11241,11241,11337,11337,11352,11372,11372,11372,2410,2445,2360,2360,2410,2410,2453,2487,2487,2496,2496,2604,2604,2622,2632,2632,2656,2680,2680,2711,2731,2731,2768,2794,1029,1056,1086,1086,1086,1086,1086,609,643,643],"floor_reached":56,"playtime":2081,"items_purged":["Defend_R","Strike_R+1","Defend_R+1","Defend_R+1"],"score":1838,"play_id":"86b900ed-56f1-41fb-8ea7-49e09bc0aaee","local_time":"20201218180334","is_ascension_mode":true,"campfire_choices":[{"data":"Perfected Strike","floor":7.0,"key":"SMITH"},{"floor":15.0,"key":"RECALL"},{"data":"1","floor":25,"key":"LIFT"},{"data":"2","floor":27,"key":"LIFT"},{"data":"3","floor":30,"key":"LIFT"},{"data":"Rampage","floor":32,"key":"SMITH"},{"data":"Twin Strike","floor":40,"key":"SMITH"},{"data":"Wild Strike","floor":49,"key":"PURGE"},{"data":"Wild Strike+1","floor":52,"key":"PURGE"}],"circlet_count":1,"master_deck":["Strike_R+1","Strike_R+1","Defend_R+1","Perfected Strike+1","Rampage+1","Twin Strike+1","Shockwave+1","Headbutt","Twin Strike+1","Double Tap+1","Twin Strike+1","Necronomicurse","Pommel Strike+1","Perfected Strike+1","Berserk+1","Perfected Strike+1","Twin Strike+1","Perfected Strike+1","Pommel Strike+1","Spot Weakness+1","Pommel Strike+1","Perfected Strike+1","Berserk+1"],"relics":["Burning Blood","NeowsBlessing","Bag of Marbles","The Courier","PreservedInsect","Empty Cage","Necronomicon","Toolbox","Boot","Ice Cream","HornCleat","Singing Bowl","Juzu Bracelet","Charon\u0027s Ashes","Shuriken","Ornamental Fan","Ancient Tea Set","Toy Ornithopter","Bronze Scales","Mango","Gremlin Horn","War Paint","InkBottle","Matryoshka","Pear","Question Card","Calipers","Orichalcum","Tiny Chest","MealTicket","Self Forming Clay","Akabeko","Pen Nib","Art of War","Blood Vial","Oddly Smooth Stone","Dream Catcher","Regal Pillow","Molten Egg 2","CeramicFish","Red Skull","White Beast Statue","Strawberry","Omamori","Toxic Egg 2","Vajra","Letter Opener","Meat on the Bone","Centennial Puzzle","Anchor","Lizard Tail","Whetstone","Champion Belt","Paper Frog","Lantern","Nunchaku","Girya","Happy Flower","Bag of Preparation","Eternal Feather","Sundial","Frozen Egg 2","Pantograph","Magic Flower","Bottled Flame","Mercury Hourglass","Mummified Hand","SlaversCollar","Ginger","CaptainsWheel","Peace Pipe","StoneCalendar","Prayer Wheel","FossilizedHelix","Turnip","Du-Vu Doll","Unceasing Top","Incense Burner","Torii","Lee\u0027s Waffle","Circlet"],"acts_visited":["Exordium","TheCity","TheBeyond","TheEnding"],"potions_floor_usage":[],"damage_taken":[{"damage":0.0,"enemies":"2 Louse","floor":1.0,"turns":1.0},{"damage":0.0,"enemies":"Cultist","floor":4.0,"turns":1.0},{"damage":0.0,"enemies":"Gremlin Nob","floor":6.0,"turns":1.0},{"damage":40.0,"enemies":"3 Sentries","floor":10.0,"turns":7.0},{"damage":0.0,"enemies":"Small Slimes","floor":12.0,"turns":2.0},{"damage":8.0,"enemies":"Blue Slaver","floor":13.0,"turns":3.0},{"damage":11.0,"enemies":"3 Louse","floor":14.0,"turns":3.0},{"damage":39.0,"enemies":"Hexaghost","floor":16.0,"turns":9.0},{"damage":28.0,"enemies":"Shell Parasite","floor":18.0,"turns":4.0},{"damage":18.0,"enemies":"3 Byrds","floor":19.0,"turns":4.0},{"damage":0,"enemies":"Book of Stabbing","floor":23,"turns":2},{"damage":0,"enemies":"Sentry and Sphere","floor":28,"turns":1},{"damage":0,"enemies":"Slavers","floor":29,"turns":1},{"damage":0,"enemies":"Automaton","floor":33,"turns":3},{"damage":0,"enemies":"Orb Walker","floor":35,"turns":1},{"damage":0,"enemies":"3 Darklings","floor":36,"turns":1},{"damage":0,"enemies":"Spire Growth","floor":38,"turns":1},{"damage":0,"enemies":"Sphere and 2 Shapes","floor":39,"turns":1},{"damage":0,"enemies":"Reptomancer","floor":41,"turns":1},{"damage":0,"enemies":"Jaw Worm Horde","floor":42,"turns":1},{"damage":0,"enemies":"Giant Head","floor":44,"turns":2},{"damage":0,"enemies":"Maw","floor":45,"turns":1},{"damage":0,"enemies":"Transient","floor":47,"turns":5},{"damage":0,"enemies":"3 Darklings","floor":48,"turns":1},{"damage":0,"enemies":"Time Eater","floor":50,"turns":2},{"damage":0,"enemies":"Shield and Spear","floor":54,"turns":1},{"damage":7,"enemies":"The Heart","floor":55,"turns":3}],"seed_played":"-8053953030288231593","potions_obtained":[{"floor":1.0,"key":"LiquidMemories"},{"floor":2.0,"key":"LiquidMemories"},{"floor":2.0,"key":"Ancient Potion"},{"floor":4.0,"key":"BloodPotion"},{"floor":14.0,"key":"Swift Potion"},{"floor":23,"key":"Dexterity Potion"},{"floor":38,"key":"FairyPotion"}],"is_trial":false,"path_per_floor":["M","?","$","M","?","E","R","$","T","E","?","M","M","M","R","B",null,"M","M","?","?","$","E","?","R","T","R","M","E","R","?","R","B",null,"M","M","?","M","M","R","E","M","T","E","M","$","M","M","R","B",null,"R","$","E","B",null],"character_chosen":"IRONCLAD","items_purchased":["Rampage","Toolbox","Boot","Ice Cream","HornCleat","Singing Bowl","Juzu Bracelet","Charon\u0027s Ashes","Shuriken","Ornamental Fan","Ancient Tea Set","Toy Ornithopter","Bronze Scales","Mango","Gremlin Horn","War Paint","InkBottle","Matryoshka","Pear","Question Card","Calipers","Orichalcum","Tiny Chest","MealTicket","Self Forming Clay","Akabeko","Pen Nib","Art of War","Blood Vial","Oddly Smooth Stone","Dream Catcher","Regal Pillow","Molten Egg 2","CeramicFish","Red Skull","White Beast Statue","Strawberry","Omamori","Toxic Egg 2","Vajra","Letter Opener","Meat on the Bone","Centennial Puzzle","Anchor","Lizard Tail","Whetstone","Champion Belt","Paper Frog","Lantern","Nunchaku","Girya","Happy Flower","Bag of Preparation","Eternal Feather","Sundial","Frozen Egg 2","StoneCalendar","Prayer Wheel","FossilizedHelix","Turnip","Du-Vu Doll","Unceasing Top","Incense Burner","Torii","Lee\u0027s Waffle"],"campfire_rested":0,"item_purchase_floors":[3,22,22,22,22,22,22,22,22,22,22,22,22,22,22,22,22,22,22,22,22,22,22,22,22,22,22,22,22,22,22,22,22,22,22,22,22,22,22,22,22,22,22,22,22,22,22,22,22,22,22,22,22,22,22,22,46,46,46,46,46,46,46,53,53],"current_hp_per_floor":[80,80,80,80,73,79,79,79,79,45,45,51,49,44,44,11,80,58,46,46,30,61,71,71,80,80,89,101,115,115,115,115,115,115,117,119,119,119,119,119,121,121,121,121,121,121,123,123,123,123,123,123,130,130,130],"gold":643,"neow_bonus":"THREE_ENEMY_KILL","is_daily":false,"chose_seed":false,"campfire_upgraded":3,"win_rate":0.0,"timestamp":1608285814,"path_taken":["M","?","$","?","?","E","R","$","T","E","?","?","M","M","R","BOSS","M","M","?","?","$","E","?","R","T","R","M","E","R","?","R","BOSS","M","M","?","M","M","R","E","M","T","E","M","$","M","M","R","BOSS","R","$","E","BOSS"],"items_purchased_type":["Card","Relic","Relic","Relic","Relic","Relic","Relic","Relic","Relic","Relic","Relic","Relic","Relic","Relic","Relic","Relic","Relic","Relic","Relic","Relic","Relic","Relic","Relic","Relic","Relic","Relic","Relic","Relic","Relic","Relic","Relic","Relic","Relic","Relic","Relic","Relic","Relic","Relic","Relic","Relic","Relic","Relic","Relic","Relic","Relic","Relic","Relic","Relic","Relic","Relic","Relic","Relic","Relic","Relic","Relic","Relic","Relic","Relic","Relic","Relic","Relic","Relic","Relic","Relic","Relic"],"build_version":"2020-12-13","purchased_purges":4,"victory":true,"max_hp_per_floor":[80,80,80,80,80,80,80,80,80,80,80,80,80,80,80,80,80,80,80,80,80,111,113,113,113,113,113,113,115,115,115,115,115,115,117,119,119,119,119,119,121,121,121,121,121,121,123,123,123,123,123,123,130,130,130],"relic_stats":{"Gremlin Horn":[16,16],"CeramicFish":108,"Whetstone":["Twin Strike","Twin Strike"],"Ginger":[3],"Boot":[4],"Blood Vial":8,"Centennial Puzzle":[3],"Lizard Tail":0,"Sundial":[0],"MealTicket":0,"Prayer Wheel":2,"Necronomicon":[24],"Happy Flower":[9],"counters":[27,63],"Eternal Feather":18,"Charon\u0027s Ashes":[12],"Pen Nib":[10],"Letter Opener":[10],"War Paint":["Shockwave","Double Tap"],"Question Card":17,"Shuriken":[23],"Bronze Scales":[63],"obtain_stats":[{"Ice Cream":22,"Calipers":22,"Gremlin Horn":22,"CeramicFish":22,"Vajra":22,"Whetstone":22,"Ginger":41,"Boot":22,"Blood Vial":22,"Centennial Puzzle":22,"Lizard Tail":22,"HornCleat":22,"Sundial":22,"Strawberry":22,"MealTicket":22,"Prayer Wheel":46,"Necronomicon":21,"Toxic Egg 2":22,"Girya":22,"Pear":22,"Happy Flower":22,"Oddly Smooth Stone":22,"Eternal Feather":22,"Charon\u0027s Ashes":22,"Pen Nib":22,"Letter Opener":22,"War Paint":22,"Question Card":22,"Akabeko":22,"Du-Vu Doll":46,"SlaversCollar":34,"Bottled Flame":26,"Shuriken":22,"Bronze Scales":22,"Molten Egg 2":22,"Unceasing Top":46,"Meat on the Bone":22,"Regal Pillow":22,"Lantern":22,"Singing Bowl":22,"Torii":53,"Magic Flower":24,"Mango":22,"StoneCalendar":46,"Juzu Bracelet":22,"Bag of Preparation":22,"Incense Burner":46,"Empty Cage":17,"Ancient Tea Set":22,"Burning Blood":0,"Dream Catcher":22,"Nunchaku":22,"Matryoshka":22,"Mummified Hand":29,"Pantograph":23,"Toolbox":22,"Tiny Chest":22,"InkBottle":22,"Red Skull":22,"Paper Frog":22,"Lee\u0027s Waffle":53,"NeowsBlessing":0,"Self Forming Clay":22,"Circlet":54,"The Courier":9,"PreservedInsect":10,"Omamori":22,"Orichalcum":22,"Frozen Egg 2":22,"White Beast Statue":22,"Mercury Hourglass":26,"Peace Pipe":44,"Anchor":22,"CaptainsWheel":43,"Ornamental Fan":22,"Turnip":46,"Bag of Marbles":6,"Art of War":22,"Champion Belt":22,"Toy Ornithopter":22,"FossilizedHelix":46},{"Ice Cream":10,"Calipers":10,"Gremlin Horn":10,"CeramicFish":10,"Vajra":10,"Whetstone":10,"Ginger":19,"Boot":10,"Blood Vial":10,"Centennial Puzzle":10,"Lizard Tail":10,"HornCleat":10,"Sundial":10,"Strawberry":10,"MealTicket":10,"Prayer Wheel":22,"Necronomicon":10,"Toxic Egg 2":10,"Girya":10,"Pear":10,"Happy Flower":10,"Oddly Smooth Stone":10,"Eternal Feather":10,"Charon\u0027s Ashes":10,"Pen Nib":10,"Letter Opener":10,"War Paint":10,"Question Card":10,"Akabeko":10,"Du-Vu Doll":22,"SlaversCollar":14,"Bottled Flame":11,"Shuriken":10,"Bronze Scales":10,"Molten Egg 2":10,"Unceasing Top":22,"Meat on the Bone":10,"Regal Pillow":10,"Lantern":10,"Singing Bowl":10,"Torii":25,"Magic Flower":11,"Mango":10,"StoneCalendar":22,"Juzu Bracelet":10,"Bag of Preparation":10,"Incense Burner":22,"Empty Cage":8,"Ancient Tea Set":10,"Burning Blood":0,"Dream Catcher":10,"Nunchaku":10,"Matryoshka":10,"Mummified Hand":13,"Pantograph":11,"Toolbox":10,"Tiny Chest":10,"InkBottle":10,"Red Skull":10,"Paper Frog":10,"Lee\u0027s Waffle":25,"NeowsBlessing":0,"Self Forming Clay":10,"Circlet":26,"The Courier":3,"PreservedInsect":4,"Omamori":10,"Orichalcum":10,"Frozen Egg 2":10,"White Beast Statue":10,"Mercury Hourglass":11,"Peace Pipe":21,"Anchor":10,"CaptainsWheel":20,"Ornamental Fan":10,"Turnip":22,"Bag of Marbles":3,"Art of War":10,"Champion Belt":10,"Toy Ornithopter":10,"FossilizedHelix":22},{"Ice Cream":35,"Calipers":35,"Gremlin Horn":35,"CeramicFish":35,"Vajra":35,"Whetstone":35,"Ginger":47,"Boot":35,"Blood Vial":35,"Centennial Puzzle":35,"Lizard Tail":35,"HornCleat":35,"Sundial":35,"Strawberry":35,"MealTicket":35,"Prayer Wheel":51,"Necronomicon":35,"Toxic Egg 2":35,"Girya":35,"Pear":35,"Happy Flower":35,"Oddly Smooth Stone":35,"Eternal Feather":35,"Charon\u0027s Ashes":35,"Pen Nib":35,"Letter Opener":35,"War Paint":35,"Question Card":35,"Akabeko":35,"Du-Vu Doll":51,"SlaversCollar":42,"Bottled Flame":37,"Shuriken":35,"Bronze Scales":35,"Molten Egg 2":35,"Unceasing Top":51,"Meat on the Bone":35,"Regal Pillow":35,"Lantern":35,"Singing Bowl":35,"Torii":59,"Magic Flower":37,"Mango":35,"StoneCalendar":51,"Juzu Bracelet":35,"Bag of Preparation":35,"Incense Burner":51,"Empty Cage":27,"Ancient Tea Set":35,"Burning Blood":0,"Dream Catcher":35,"Nunchaku":35,"Matryoshka":35,"Mummified Hand":39,"Pantograph":37,"Toolbox":35,"Tiny Chest":35,"InkBottle":35,"Red Skull":35,"Paper Frog":35,"Lee\u0027s Waffle":59,"NeowsBlessing":0,"Self Forming Clay":35,"Circlet":60,"The Courier":3,"PreservedInsect":10,"Omamori":35,"Orichalcum":35,"Frozen Egg 2":35,"White Beast Statue":35,"Mercury Hourglass":37,"Peace Pipe":50,"Anchor":35,"CaptainsWheel":48,"Ornamental Fan":35,"Turnip":51,"Bag of Marbles":3,"Art of War":35,"Champion Belt":35,"Toy Ornithopter":35,"FossilizedHelix":51}],"Unceasing Top":[0],"Meat on the Bone":0,"Regal Pillow":0,"Singing Bowl":12,"Torii":14,"Magic Flower":[9],"StoneCalendar":[0],"Juzu Bracelet":1,"Bag of Preparation":[34],"Burning Blood":79,"Dream Catcher":0,"Nunchaku":[10],"Mummified Hand":[13],"Pantograph":0,"Tiny Chest":0,"InkBottle":[9],"Lee\u0027s Waffle":7,"Self Forming Clay":[21],"PreservedInsect":333,"Orichalcum":[6],"Mercury Hourglass":[111],"Peace Pipe":2,"Ornamental Fan":[92],"Turnip":[2],"Art of War":[0],"Champion Belt":[28],"Toy Ornithopter":0},"card_choices":[{"not_picked":["Pummel","Power Through"],"picked":"Perfected Strike","floor":1.0},{"not_picked":["Flex","Rage"],"picked":"Twin Strike","floor":4.0},{"not_picked":["Pummel","Iron Wave","Warcry"],"picked":"SKIP","floor":6.0},{"not_picked":["Disarm","Anger"],"picked":"Shockwave","floor":10.0},{"not_picked":["Cleave","Rupture"],"picked":"Headbutt","floor":12.0},{"not_picked":["Corruption","Iron Wave"],"picked":"Wild Strike","floor":13.0},{"not_picked":["Sever Soul","Evolve"],"picked":"Twin Strike","floor":14.0},{"not_picked":["Reaper","Limit Break"],"picked":"Double Tap","floor":16.0},{"not_picked":["Heavy Blade","Warcry"],"picked":"Twin Strike","floor":18.0},{"not_picked":["Heavy Blade","Reckless Charge+1","Spot Weakness+1"],"picked":"SKIP","floor":19.0},{"not_picked":["True Grit+1","Dropkick+1","Double Tap+1","Headbutt+1"],"picked":"Singing Bowl","floor":23},{"not_picked":["Clash+1","Disarm+1","Twin Strike+1"],"picked":"Pommel Strike+1","floor":28},{"not_picked":["True Grit+1","Shockwave+1","Seeing Red+1","Dark Embrace+1"],"picked":"Singing Bowl","floor":29},{"not_picked":["Exhume+1","Reaper+1","Juggernaut+1"],"picked":"Berserk+1","floor":33},{"not_picked":["Sword Boomerang+1","Carnage+1","Iron Wave+1","Shrug It Off+1"],"picked":"Singing Bowl","floor":35},{"not_picked":["Hemokinesis+1","Headbutt+1","Fiend Fire+1","Warcry+1"],"picked":"Singing Bowl","floor":36},{"not_picked":["True Grit+1","Infernal Blade+1","Flex+1"],"picked":"Perfected Strike+1","floor":38},{"not_picked":["Metallicize+1","Pummel+1","Armaments+1"],"picked":"Twin Strike+1","floor":39},{"not_picked":["Rupture+1","Flex+1","Battle Trance+1","Immolate+1"],"picked":"Singing Bowl","floor":41},{"not_picked":["True Grit+1","Heavy Blade+1","Fiend Fire+1"],"picked":"Perfected Strike+1","floor":42},{"not_picked":["Feel No Pain+1","Entrench+1","Armaments+1"],"picked":"Pommel Strike+1","floor":44},{"not_picked":["Ghostly Armor+1","Entrench+1","Metallicize+1"],"picked":"Spot Weakness+1","floor":45},{"not_picked":["Rage+1","Thunderclap+1","Clash+1","Searing Blow+1"],"picked":"Singing Bowl","floor":47},{"not_picked":["Clash+1","Iron Wave+1","Exhume+1"],"picked":"Wild Strike+1","floor":47},{"not_picked":["Armaments+1","Entrench+1","Iron Wave+1"],"picked":"Pommel Strike+1","floor":48},{"not_picked":["Warcry+1","Cleave+1","Wild Strike+1"],"picked":"Perfected Strike+1","floor":48},{"not_picked":["Iron Wave+1","Body Slam+1","Fiend Fire+1"],"picked":"Berserk+1","floor":54}],"player_experience":280838,"relics_obtained":[{"floor":6.0,"key":"Bag of Marbles"},{"floor":9.0,"key":"The Courier"},{"floor":10.0,"key":"PreservedInsect"},{"floor":21.0,"key":"Necronomicon"},{"floor":23,"key":"Pantograph"},{"floor":26,"key":"Bottled Flame"},{"floor":26,"key":"Mercury Hourglass"},{"floor":29,"key":"Mummified Hand"},{"floor":41,"key":"Ginger"},{"floor":43,"key":"CaptainsWheel"},{"floor":44,"key":"Peace Pipe"},{"floor":54,"key":"Circlet"}],"event_choices":[{"damage_healed":0.0,"max_hp_gain":0.0,"max_hp_loss":0.0,"gold_gain":0.0,"event_name":"Lab","player_choice":"Got Potions","floor":2.0,"gold_loss":0.0,"damage_taken":0.0},{"cards_removed":["Bash"],"damage_healed":0.0,"max_hp_gain":0.0,"max_hp_loss":0.0,"gold_gain":0.0,"event_name":"Golden Wing","player_choice":"Card Removal","floor":5.0,"gold_loss":0.0,"damage_taken":7.0},{"damage_healed":0.0,"max_hp_gain":0.0,"max_hp_loss":0.0,"gold_gain":100.0,"event_name":"Wheel of Change","player_choice":"Gold","floor":11.0,"gold_loss":0.0,"damage_taken":0.0},{"damage_healed":0.0,"max_hp_gain":0.0,"max_hp_loss":0.0,"gold_gain":0.0,"event_name":"Back to Basics","player_choice":"Simplicity","floor":20.0,"gold_loss":0.0,"damage_taken":0.0,"cards_upgraded":["Strike_R","Strike_R","Strike_R","Defend_R","Defend_R","Defend_R"]},{"damage_healed":0.0,"max_hp_gain":0.0,"max_hp_loss":0.0,"gold_gain":0.0,"event_name":"Cursed Tome","player_choice":"Obtained Book","floor":21.0,"gold_loss":0.0,"damage_taken":16.0},{"damage_healed":0,"gold_gain":0,"player_choice":"Obtained Relic","damage_taken":0,"relics_obtained":["Magic Flower"],"max_hp_gain":0,"max_hp_loss":0,"event_name":"Addict","floor":24,"gold_loss":85},{"damage_healed":0,"gold_gain":0,"player_choice":"Read","damage_taken":0,"max_hp_gain":0,"max_hp_loss":0,"event_name":"The Library","floor":31,"gold_loss":0,"cards_obtained":["Perfected Strike"]},{"damage_healed":0,"gold_gain":0,"player_choice":"Ignored","damage_taken":0,"max_hp_gain":0,"max_hp_loss":0,"event_name":"Tomb of Lord Red Mask","floor":37,"gold_loss":0}],"is_beta":false,"boss_relics":[{"not_picked":["Mark of Pain","Philosopher\u0027s Stone"],"picked":"Empty Cage"},{"not_picked":["SacredBark","Coffee Dripper"],"picked":"SlaversCollar"}],"items_purged_floors":[8,22,46,53],"is_endless":false,"potions_floor_spawned":[1,4,14,18,23,28,29,33,35,36,38,39,41,42,44,45,47,48,54],"ascension_level":3}}