{"host":"y76clbnovzmw9ubx","time":1608263552,"event":{"mods":["AchievementEnabler","BaseMod","Minty Spire (QoL Compilation)","Permanent Neow","Relic Stats"],"gold_per_floor":[117,131,0,14,14,48,61,92,92,92,107,135,135,167,167,241,241,259,259,13,33,33,33,33],"floor_reached":23,"playtime":1978,"items_purged":["Strike_R"],"score":438,"play_id":"1f089984-c262-4ac1-9cd9-3af11303395f","local_time":"20201217225232","is_ascension_mode":true,"campfire_choices":[{"floor":10,"key":"REST"},{"floor":15,"key":"REST"}],"circlet_count":0,"master_deck":["AscendersBane","Bash+1","Armaments","Reckless Charge","Wild Strike+1","True Grit","Flame Barrier","Impervious","Disarm","Reaper","Spot Weakness","Combust","Disarm","Rampage","Headbutt","Perfected Strike","Feed","Barricade","Ghostly Armor+1"],"relics":["Burning Blood","Eternal Feather","Thread and Needle","Champion Belt","Whetstone","Pandora\u0027s Box","PreservedInsect"],"acts_visited":["Exordium","TheCity"],"potions_floor_usage":[6,8,8,12,12,21],"damage_taken":[{"damage":7,"enemies":"Cultist","floor":1,"turns":4},{"damage":7,"enemies":"Jaw Worm","floor":2,"turns":3},{"damage":7,"enemies":"Small Slimes","floor":4,"turns":3},{"damage":32,"enemies":"Gremlin Nob","floor":6,"turns":4},{"damage":18,"enemies":"3 Louse","floor":7,"turns":5},{"damage":38,"enemies":"3 Sentries","floor":8,"turns":11},{"damage":7,"enemies":"Large Slime","floor":11,"turns":7},{"damage":6,"enemies":"Lagavulin","floor":12,"turns":6},{"damage":38,"enemies":"3 Sentries","floor":14,"turns":13},{"damage":19,"enemies":"The Guardian","floor":16,"turns":14},{"damage":27,"enemies":"Spheric Guardian","floor":18,"turns":6},{"damage":5,"enemies":"2 Thieves","floor":21,"turns":3},{"damage":92,"enemies":"Gremlin Leader","floor":23,"turns":7}],"seed_played":"4209611114470282","potions_obtained":[{"floor":1,"key":"LiquidMemories"},{"floor":7,"key":"Regen Potion"},{"floor":8,"key":"Strength Potion"},{"floor":11,"key":"Block Potion"},{"floor":21,"key":"Ancient Potion"}],"is_trial":false,"path_per_floor":["M","M","$","M","$","E","M","E","T","R","M","E","?","E","R","B",null,"M","?","$","M","?","E"],"character_chosen":"IRONCLAD","items_purchased":["PowerPotion","PreservedInsect","DistilledChaos"],"campfire_rested":2,"item_purchase_floors":[3,20,20],"current_hp_per_floor":[67,66,66,65,65,39,27,10,10,41,40,40,40,8,39,26,63,45,61,61,76,76,0,0],"gold":33,"neow_bonus":"UPGRADE_CARD","is_daily":false,"chose_seed":false,"campfire_upgraded":0,"win_rate":0.0,"timestamp":1608263552,"path_taken":["M","M","$","M","$","E","M","E","T","R","M","E","?","E","R","BOSS","M","?","$","M","?","E"],"items_purchased_type":["Potion","Relic","Potion"],"build_version":"2020-12-13","purchased_purges":1,"victory":false,"max_hp_per_floor":[75,75,75,75,75,75,75,75,75,75,75,75,75,75,75,75,75,78,78,78,78,78,78,78],"relic_stats":{"counters":[13,86],"Eternal Feather":18,"Pandora\u0027s Box":["Spot Weakness","Combust","Disarm","Rampage","Headbutt","Perfected Strike","Feed","Barricade"],"PreservedInsect":51,"Champion Belt":[7],"Whetstone":["Strike_R","Wild Strike"],"obtain_stats":[{"Eternal Feather":6,"Thread and Needle":8,"Pandora\u0027s Box":17,"PreservedInsect":20,"Champion Belt":12,"Whetstone":14,"Burning Blood":0},{"Eternal Feather":4,"Thread and Needle":6,"Pandora\u0027s Box":10,"PreservedInsect":11,"Champion Belt":8,"Whetstone":9,"Burning Blood":0},{"Eternal Feather":14,"Thread and Needle":30,"Pandora\u0027s Box":70,"PreservedInsect":76,"Champion Belt":43,"Whetstone":56,"Burning Blood":0}],"Burning Blood":72},"card_choices":[{"not_picked":["Sentinel","Body Slam"],"picked":"Armaments","floor":1},{"not_picked":["Shrug It Off","Wild Strike"],"picked":"Reckless Charge","floor":2},{"not_picked":["Entrench","Twin Strike","Flex"],"picked":"SKIP","floor":4},{"not_picked":["Headbutt","Iron Wave"],"picked":"Wild Strike","floor":6},{"not_picked":["Wild Strike","Sword Boomerang"],"picked":"True Grit","floor":7},{"not_picked":["Body Slam","Iron Wave"],"picked":"Flame Barrier","floor":8},{"not_picked":["Ghostly Armor","Bloodletting"],"picked":"Impervious","floor":11},{"not_picked":["Heavy Blade","Clash","Rage"],"picked":"SKIP","floor":12},{"not_picked":["Exhume","Headbutt"],"picked":"Disarm","floor":14},{"not_picked":["Exhume","Immolate"],"picked":"Reaper","floor":16},{"not_picked":["Infernal Blade","Shockwave"],"picked":"Ghostly Armor+1","floor":18},{"not_picked":["Pummel","Rupture","Iron Wave"],"picked":"SKIP","floor":21}],"player_experience":2894043,"relics_obtained":[{"floor":6,"key":"Eternal Feather"},{"floor":8,"key":"Thread and Needle"},{"floor":12,"key":"Champion Belt"},{"floor":14,"key":"Whetstone"}],"event_choices":[{"damage_healed":0,"gold_gain":0,"player_choice":"Leave","damage_taken":0,"max_hp_gain":0,"max_hp_loss":0,"event_name":"FaceTrader","floor":13,"gold_loss":0},{"damage_healed":16,"gold_gain":0,"player_choice":"Heal","damage_taken":0,"max_hp_gain":0,"max_hp_loss":0,"event_name":"The Library","floor":19,"gold_loss":0},{"damage_healed":0,"gold_gain":0,"player_choice":"Ignored","damage_taken":0,"max_hp_gain":0,"max_hp_loss":0,"event_name":"Ghosts","floor":22,"gold_loss":0}],"is_beta":false,"boss_relics":[{"not_picked":["Black Blood","Velvet Choker"],"picked":"Pandora\u0027s Box"}],"items_purged_floors":[3],"is_endless":false,"potions_floor_spawned":[1,4,7,8,11,21],"killed_by":"Gremlin Leader","ascension_level":20}}