{"host":"6wux4armhsntp4yb","time":1608257357,"event":{"mods":["BaseMod","Colored Map","DeckTracker","Minty Spire (QoL Compilation)","Relic Stats"],"gold_per_floor":[116,127,127,127,127,127,143,484,484,484,167,181,181,38,38,133,133,109,145,145,103,118,118,131,172,172,10,10,33,77,101,101,199,199,214,229,248,264,277,311,311,311,311,336,357,357,382,397,397,397,397,397],"floor_reached":51,"playtime":4646,"items_purged":["Strike_G","Strike_G","Strike_G"],"score":1667,"play_id":"9bf273fb-ccca-47fb-be90-b1b249945d65","local_time":"20201218110917","is_ascension_mode":true,"campfire_choices":[{"floor":6.0,"key":"REST"},{"data":"Calculated Gamble","floor":10.0,"key":"SMITH"},{"data":"Apotheosis","floor":13.0,"key":"SMITH"},{"floor":15.0,"key":"REST"},{"data":"Well Laid Plans","floor":23.0,"key":"SMITH"},{"floor":28.0,"key":"REST"},{"data":"Tools of the Trade","floor":32.0,"key":"SMITH"},{"data":"Tools of the Trade","floor":41.0,"key":"SMITH"},{"data":"Venomology","floor":46.0,"key":"SMITH"},{"floor":49.0,"key":"RECALL"}],"circlet_count":0,"master_deck":["AscendersBane","Strike_G+1","Defend_G","Defend_G","Defend_G","Defend_G","Defend_G","Survivor","Neutralize","Grand Finale","Calculated Gamble+1","Well Laid Plans+1","Apotheosis+1","Dagger Throw+1","Well Laid Plans","Venomology+1","Prepared","Reflex","Backflip","Reflex","Tools of the Trade+1","Tools of the Trade+1","Prepared","Decay","Escape Plan+1","Prepared+1"],"relics":["Ring of the Snake","Tingsha","Golden Idol","Old Coin","Gremlin Horn","Red Mask","Bag of Preparation","Mercury Hourglass","Blue Candle","Cursed Key","Whetstone"],"acts_visited":["Exordium","TheCity","TheBeyond"],"potions_floor_usage":[51,51,51,51],"damage_taken":[{"damage":7.0,"enemies":"Cultist","floor":1.0,"turns":5.0},{"damage":0.0,"enemies":"Small Slimes","floor":2.0,"turns":2.0},{"damage":0.0,"enemies":"2 Louse","floor":7.0,"turns":2.0},{"damage":27.0,"enemies":"3 Sentries","floor":8.0,"turns":6.0},{"damage":0.0,"enemies":"Blue Slaver","floor":12.0,"turns":5.0},{"damage":1.0,"enemies":"Hexaghost","floor":16.0,"turns":8.0},{"damage":9.0,"enemies":"2 Thieves","floor":18.0,"turns":4.0},{"damage":0.0,"enemies":"Masked Bandits","floor":19.0,"turns":2.0},{"damage":0.0,"enemies":"Shell Parasite","floor":22.0,"turns":3.0},{"damage":4.0,"enemies":"Snecko","floor":24.0,"turns":5.0},{"damage":26.0,"enemies":"Gremlin Leader","floor":25.0,"turns":4.0},{"damage":0.0,"enemies":"Snake Plant","floor":29.0,"turns":2.0},{"damage":2.0,"enemies":"Book of Stabbing","floor":30.0,"turns":3.0},{"damage":0.0,"enemies":"Centurion and Healer","floor":31.0,"turns":2.0},{"damage":0.0,"enemies":"Automaton","floor":33.0,"turns":3.0},{"damage":0.0,"enemies":"3 Darklings","floor":35.0,"turns":2.0},{"damage":0.0,"enemies":"Orb Walker","floor":36.0,"turns":1.0},{"damage":0.0,"enemies":"4 Shapes","floor":37.0,"turns":2.0},{"damage":0.0,"enemies":"Spire Growth","floor":38.0,"turns":2.0},{"damage":0.0,"enemies":"Maw","floor":39.0,"turns":3.0},{"damage":1.0,"enemies":"Giant Head","floor":40.0,"turns":3.0},{"damage":1.0,"enemies":"Writhing Mass","floor":44.0,"turns":3.0},{"damage":1.0,"enemies":"3 Darklings","floor":45.0,"turns":2.0},{"damage":1.0,"enemies":"Jaw Worm Horde","floor":47.0,"turns":2.0},{"damage":1.0,"enemies":"Maw","floor":48.0,"turns":3.0},{"damage":1.0,"enemies":"Awakened One","floor":50.0,"turns":3.0},{"damage":65,"enemies":"Time Eater","floor":51,"turns":12}],"seed_played":"-3103994240805330207","potions_obtained":[{"floor":2.0,"key":"AttackPotion"},{"floor":8.0,"key":"Energy Potion"},{"floor":24.0,"key":"SkillPotion"},{"floor":25.0,"key":"BlessingOfTheForge"},{"floor":29.0,"key":"PowerPotion"},{"floor":33.0,"key":"EntropicBrew"},{"floor":39.0,"key":"Energy Potion"}],"is_trial":false,"path_per_floor":["M","M","?","?","?","R","M","E","T","R","$","M","R","$","R","B",null,"M","?","?","$","M","R","M","E","T","$","R","M","E","M","R","B",null,"M","M","M","M","M","E","R","?","T","M","M","R","M","M","R","B","B"],"character_chosen":"THE_SILENT","items_purchased":["Apotheosis","Dagger Throw","Well Laid Plans","Reflex","Reflex"],"campfire_rested":3,"item_purchase_floors":[11,11,14,21,27],"current_hp_per_floor":[52,52,26,26,26,42,42,15,15,15,15,15,15,15,31,30,48,39,39,39,39,48,48,44,18,18,18,34,34,32,32,32,32,49,49,49,49,49,49,48,48,48,48,47,46,46,45,44,44,43,0,0],"gold":397,"neow_bonus":"THREE_RARE_CARDS","is_daily":false,"chose_seed":false,"campfire_upgraded":6,"win_rate":0.0,"timestamp":1608257357,"path_taken":["M","M","?","?","?","R","M","E","T","R","$","M","R","?","R","BOSS","M","?","?","?","?","R","?","E","T","$","R","M","E","M","R","BOSS","M","M","M","?","M","E","R","?","T","?","M","R","M","M","R","BOSS","BOSS"],"items_purchased_type":["Card","Card","Card","Card","Card"],"build_version":"2020-12-13","purchased_purges":3,"victory":false,"max_hp_per_floor":[60,60,60,60,54,54,54,54,54,54,54,54,54,54,54,54,54,54,54,54,54,54,54,54,54,54,54,54,54,54,54,54,54,54,54,54,54,54,54,54,54,54,54,54,54,54,54,54,54,54,54,54],"relic_stats":{"Gremlin Horn":[11,11],"counters":[27,94],"Golden Idol":155,"Blue Candle":[5],"Tingsha":[1581],"Bag of Preparation":[32],"Whetstone":["Dagger Throw","Strike_G"],"Cursed Key":1,"obtain_stats":[{"Gremlin Horn":9,"Golden Idol":5,"Blue Candle":30,"Tingsha":3,"Red Mask":19,"Bag of Preparation":25,"Whetstone":40,"Cursed Key":34,"Ring of the Snake":0,"Old Coin":8,"Mercury Hourglass":26},{"Gremlin Horn":4,"Golden Idol":2,"Blue Candle":13,"Tingsha":2,"Red Mask":8,"Bag of Preparation":11,"Whetstone":21,"Cursed Key":15,"Ring of the Snake":0,"Old Coin":4,"Mercury Hourglass":11},{"Gremlin Horn":15,"Golden Idol":7,"Blue Candle":51,"Tingsha":7,"Red Mask":34,"Bag of Preparation":46,"Whetstone":69,"Cursed Key":56,"Ring of the Snake":0,"Old Coin":15,"Mercury Hourglass":46}],"Ring of the Snake":[54],"Mercury Hourglass":[171]},"card_choices":[{"not_picked":["Burst","Adrenaline"],"picked":"Grand Finale","floor":0.0},{"not_picked":["Underhanded Strike","Distraction"],"picked":"Calculated Gamble","floor":1.0},{"not_picked":["Distraction","Bane","Sucker Punch"],"picked":"SKIP","floor":2.0},{"not_picked":["Poisoned Stab","Catalyst","Slice"],"picked":"SKIP","floor":7.0},{"not_picked":["Outmaneuver","Bullet Time"],"picked":"Well Laid Plans","floor":8.0},{"not_picked":["Flechettes","Deadly Poison","Riddle With Holes"],"picked":"SKIP","floor":12.0},{"not_picked":["A Thousand Cuts","Storm of Steel"],"picked":"Venomology","floor":16.0},{"not_picked":["Deadly Poison+1","Bane","Poisoned Stab+1"],"picked":"SKIP","floor":18.0},{"not_picked":["Skewer","Caltrops"],"picked":"Prepared","floor":19.0},{"not_picked":["Poisoned Stab","Footwork","Outmaneuver"],"picked":"SKIP","floor":22.0},{"not_picked":["Flying Knee","Bane+1"],"picked":"Backflip","floor":24.0},{"not_picked":["Masterful Stab","Deadly Poison","Terror"],"picked":"SKIP","floor":25.0},{"not_picked":["Blade Dance","Backflip"],"picked":"Tools of the Trade","floor":29.0},{"not_picked":["Deadly Poison","Underhanded Strike","Quick Slash"],"picked":"SKIP","floor":30.0},{"not_picked":["Backflip","Outmaneuver","Masterful Stab"],"picked":"SKIP","floor":31.0},{"not_picked":["Night Terror","After Image"],"picked":"Tools of the Trade","floor":33.0},{"not_picked":["Sucker Punch","Flying Knee+1","Well Laid Plans"],"picked":"SKIP","floor":35.0},{"not_picked":["Dagger Spray+1","Deadly Poison","Sucker Punch"],"picked":"SKIP","floor":36.0},{"not_picked":["Slice+1","Backflip","Deflect+1"],"picked":"SKIP","floor":37.0},{"not_picked":["Backflip+1","Poisoned Stab","Dagger Throw"],"picked":"SKIP","floor":38.0},{"not_picked":["Backflip+1","Poisoned Stab","Dagger Throw"],"picked":"SKIP","floor":38.0},{"not_picked":["Dagger Throw+1","All Out Attack"],"picked":"Prepared","floor":39.0},{"not_picked":["Sucker Punch","Dodge and Roll","Skewer"],"picked":"SKIP","floor":40.0},{"not_picked":["Sucker Punch","Underhanded Strike","Bouncing Flask"],"picked":"SKIP","floor":44.0},{"not_picked":["Distraction","Outmaneuver"],"picked":"Escape Plan+1","floor":45.0},{"not_picked":["Phantasmal Killer","Bane+1","Footwork"],"picked":"SKIP","floor":47.0},{"not_picked":["Flying Knee","Skewer"],"picked":"Prepared+1","floor":48.0}],"player_experience":5663308,"relics_obtained":[{"floor":8.0,"key":"Old Coin"},{"floor":9.0,"key":"Gremlin Horn"},{"floor":19.0,"key":"Red Mask"},{"floor":25.0,"key":"Bag of Preparation"},{"floor":26.0,"key":"Mercury Hourglass"},{"floor":30.0,"key":"Blue Candle"},{"floor":40.0,"key":"Whetstone"}],"event_choices":[{"damage_healed":0.0,"max_hp_gain":0.0,"max_hp_loss":0.0,"gold_gain":0.0,"event_name":"Scrap Ooze","player_choice":"Success","floor":3.0,"gold_loss":0.0,"damage_taken":26.0,"relics_obtained":["Tingsha"]},{"damage_healed":0.0,"max_hp_gain":0.0,"max_hp_loss":0.0,"gold_gain":0.0,"event_name":"Liars Game","player_choice":"Ignored","floor":4.0,"gold_loss":0.0,"damage_taken":0.0},{"damage_healed":0.0,"max_hp_gain":0.0,"max_hp_loss":6.0,"gold_gain":0.0,"event_name":"Golden Idol","player_choice":"Lose Max HP","floor":5.0,"gold_loss":0.0,"damage_taken":0.0,"relics_obtained":["Golden Idol"]},{"damage_healed":0.0,"max_hp_gain":0.0,"max_hp_loss":0.0,"gold_gain":0.0,"event_name":"Masked Bandits","player_choice":"Fought Bandits","floor":19.0,"gold_loss":0.0,"damage_taken":0.0},{"damage_healed":0.0,"max_hp_gain":0.0,"max_hp_loss":0.0,"gold_gain":0.0,"event_name":"Cursed Tome","player_choice":"Ignored","floor":20.0,"gold_loss":0.0,"damage_taken":0.0},{"cards_removed":["Strike_G"],"damage_healed":0.0,"max_hp_gain":0.0,"max_hp_loss":0.0,"gold_gain":0.0,"event_name":"Bonfire Elementals","player_choice":"Offered Basic","floor":42.0,"gold_loss":0.0,"damage_taken":0.0}],"is_beta":false,"boss_relics":[{"not_picked":["Velvet Choker","Snecko Eye","Sozu"]},{"not_picked":["Calling Bell","Empty Cage"],"picked":"Cursed Key"}],"items_purged_floors":[11,14,27],"is_endless":false,"potions_floor_spawned":[2,8,24,25,29,33,38,39,45,47,48],"killed_by":"Time Eater","ascension_level":20}}