{"host":"6z6y4ky8uzsz1dpj","time":1608299956,"event":{"mods":["2.2 Compatiblity","AchievementEnabler","BaseMod","BetterRewards","Challenge The Spire","Colored Map","Hubris","Minty Spire (QoL Compilation)","Quick Restart","Replay The Spire","StSLib"],"gold_per_floor":[113,129,147,147,147,175,175,200,200,200,226,239,258,15,15,116,116,126,145,145,145,162,192,192,222,299,324,338,355,386,420,420,542,542,572,572,609,625,625,660,660,708,734,607,607,646,711,737,737,765],"floor_reached":51,"playtime":2819,"items_purged":["Strike_G"],"score":1466,"play_id":"1381362f-9f4c-45b9-a023-4049c973572c","local_time":"20201218085916","is_ascension_mode":true,"campfire_choices":[{"floor":7.0,"key":"REST"},{"data":"Panache","floor":10.0,"key":"SMITH"},{"floor":15.0,"key":"REST"},{"floor":32.0,"key":"REST"},{"floor":41,"key":"REST"},{"floor":45,"key":"RECALL"},{"data":"ReplayTheSpireMod:Shiv Toss","floor":49,"key":"SMITH"}],"circlet_count":0,"master_deck":["Strike_G","Strike_G","Strike_G","Defend_G","Defend_G","Defend_G","Defend_G","Defend_G","Survivor+1","Neutralize","Panache+1","Dagger Throw","Fluid Movement","Deflect","Footwork","ReplayTheSpireMod:Scrap Shanks","Hidden Blade+1","Distraction","Adrenaline","Hidden Blade+1","Distraction+1","Tactician","Backflip+1","hubris:Sniper","Deflect+1","Concentrate","A Thousand Cuts","Fluid Movement+1","Prepared+1","ReplayTheSpireMod:Shiv Toss+1","Prepared+1","Dagger Throw","Infinite Blades","Blade Dance+1","ReplayTheSpireMod:Shiv Toss+1"],"relics":["Ring of the Snake","FossilizedHelix","hubris:Icosahedron","Dream Catcher","Singing Bowl","hubris:TinFlute","hubris:TenFootPole","War Paint","Philosopher\u0027s Stone","HornCleat","Counterbalance","Sundial","Turnip","Replay:Bandana","hubris:Backtick","Tough Bandages","Paper Crane","hubris:BottledRain","Mirror"],"acts_visited":["Exordium","TheCity","TheBeyond"],"potions_floor_usage":[47,50,50,50,50,50],"damage_taken":[{"damage":0.0,"enemies":"Cultist","floor":1.0,"turns":5.0},{"damage":0.0,"enemies":"Jaw Worm","floor":2.0,"turns":5.0},{"damage":0.0,"enemies":"2 Louse","floor":3.0,"turns":3.0},{"damage":34.0,"enemies":"Lagavulin","floor":6.0,"turns":8.0},{"damage":0.0,"enemies":"Gremlin Nob","floor":8.0,"turns":4.0},{"damage":22.0,"enemies":"3 Sentries","floor":11.0,"turns":12.0},{"damage":0.0,"enemies":"Red Slaver","floor":12.0,"turns":4.0},{"damage":0.0,"enemies":"3 Louse","floor":13.0,"turns":3.0},{"damage":5.0,"enemies":"Fading Forest","floor":16.0,"turns":11.0},{"damage":0.0,"enemies":"3 Byrds","floor":18.0,"turns":1.0},{"damage":0.0,"enemies":"Chosen","floor":19.0,"turns":4.0},{"damage":15.0,"enemies":"Shelled Parasite and Fungi","floor":22.0,"turns":5.0},{"damage":36.0,"enemies":"Book of Stabbing","floor":23.0,"turns":6.0},{"damage":14.0,"enemies":"Slavers","floor":25.0,"turns":5.0},{"damage":0.0,"enemies":"Gremlin Leader","floor":27.0,"turns":5.0},{"damage":0.0,"enemies":"Centurion and Healer","floor":28.0,"turns":4.0},{"damage":0.0,"enemies":"Cultist and Chosen","floor":29.0,"turns":2.0},{"damage":0.0,"enemies":"Book of Stabbing","floor":30.0,"turns":5.0},{"damage":3.0,"enemies":"Chosen and Byrds","floor":31.0,"turns":6.0},{"damage":0,"enemies":"Automaton","floor":33,"turns":8},{"damage":0,"enemies":"Orb Walker","floor":35,"turns":4},{"damage":11,"enemies":"3 Darklings","floor":37,"turns":3},{"damage":24,"enemies":"Sphere and 2 Shapes","floor":38,"turns":5},{"damage":0,"enemies":"Nemesis","floor":40,"turns":9},{"damage":0,"enemies":"Giant Head","floor":42,"turns":5},{"damage":0,"enemies":"Spire Growth","floor":46,"turns":5},{"damage":0,"enemies":"Reptomancer","floor":47,"turns":4},{"damage":0,"enemies":"Writhing Mass","floor":48,"turns":5},{"damage":46,"enemies":"Donu and Deca","floor":50,"turns":6}],"seed_played":"-6567507762845363868","potions_obtained":[{"floor":3.0,"key":"Milkshake"},{"floor":6.0,"key":"LiquidMemories"},{"floor":11.0,"key":"EntropicBrew"},{"floor":13.0,"key":"SkillPotion"},{"floor":16.0,"key":"Elixir"},{"floor":18.0,"key":"SpeedPotion"},{"floor":22.0,"key":"SpeedPotion"},{"floor":23.0,"key":"Dexterity Potion"},{"floor":30.0,"key":"EssenceOfSteel"},{"floor":33,"key":"Milkshake"},{"floor":35,"key":"GamblersBrew"},{"floor":40,"key":"EntropicBrew"},{"floor":48,"key":"CunningPotion"}],"is_trial":false,"path_per_floor":["M","M","M","?","?","E","R","E","T","R","E","M","M","$","R","B",null,"M","M","?","?","M","E","?","E","T","E","M","M","E","M","R","B",null,"M","?","M","M","?","E","R","E","T","$","R","M","E","M","R","B",null],"character_chosen":"THE_SILENT","items_purchased":["Panache","ReplayTheSpireMod:Scrap Shanks","Hidden Blade","War Paint","Dagger Throw"],"campfire_rested":4,"item_purchase_floors":[0,14,14,14,44],"current_hp_per_floor":[63,63,63,63,56,22,43,45,45,45,23,25,25,25,47,42,66,66,68,68,68,53,19,19,7,7,7,9,9,11,8,33,33,71,71,71,62,38,38,38,65,65,65,65,65,65,65,65,65,19],"gold":765,"neow_bonus":"","is_daily":false,"chose_seed":false,"campfire_upgraded":2,"win_rate":0.0,"timestamp":1608299956,"path_taken":["M","M","M","?","?","E","R","E","T","R","E","M","M","?","R","BOSS","M","M","?","?","M","E","?","E","T","E","M","M","E","?","R","BOSS","M","?","M","M","?","E","R","E","T","$","R","M","E","M","R","BOSS"],"items_purchased_type":["Card","Card","Card","Relic","Card"],"build_version":"2020-12-13","purchased_purges":1,"victory":true,"max_hp_per_floor":[70,70,70,70,70,70,70,72,72,72,72,74,74,74,74,74,74,74,76,76,76,76,78,78,80,80,80,82,82,84,84,84,84,84,84,84,86,86,86,86,88,88,88,88,88,88,88,88,88,88],"card_choices":[{"not_picked":["Quick Slash","Predator"],"picked":"Dagger Throw","floor":1.0},{"not_picked":["Outmaneuver","Catalyst","Dodge and Roll"],"picked":"SKIP","floor":2.0},{"not_picked":["Sucker Punch","All Out Attack","Outmaneuver"],"picked":"SKIP","floor":3.0},{"not_picked":["PiercingWail","Night Terror"],"picked":"Fluid Movement","floor":6.0},{"not_picked":["hubris:Counter","Quick Slash","Blur"],"picked":"Singing Bowl","floor":8.0},{"not_picked":["Bullet Time","Dagger Spray"],"picked":"Deflect","floor":11.0},{"not_picked":["Dagger Spray","Underhanded Strike","ReplayTheSpireMod:Tripwire"],"picked":"Singing Bowl","floor":12.0},{"not_picked":["Poisoned Stab","Dagger Spray"],"picked":"Footwork","floor":13.0},{"not_picked":["Noxious Fumes","Sucker Punch"],"picked":"Distraction","floor":15.0},{"not_picked":["Night Terror","Malaise"],"picked":"Adrenaline","floor":16.0},{"not_picked":["hubris:SlightOfHand","Cloak And Dagger+1"],"picked":"Hidden Blade+1","floor":18.0},{"not_picked":["Endless Agony","Sucker Punch+1","Blur"],"picked":"Singing Bowl","floor":19.0},{"not_picked":["Flying Knee+1","Toxin Wave+1"],"picked":"Tactician","floor":22.0},{"not_picked":["Expertise","Predator","Slice"],"picked":"Singing Bowl","floor":23.0},{"not_picked":["Backflip","Toxin Wave","Well Laid Plans+1"],"picked":"Singing Bowl","floor":25.0},{"not_picked":["Poison Darts","Dodge and Roll"],"picked":"Backflip+1","floor":27.0},{"not_picked":["Sucker Punch","Quick Slash","Hidden Blade"],"picked":"Singing Bowl","floor":28.0},{"not_picked":["Riddle With Holes","Bane"],"picked":"hubris:Sniper","floor":29.0},{"not_picked":["Bullet Time","Terror","Expertise"],"picked":"Singing Bowl","floor":30.0},{"not_picked":["Well Laid Plans","Poisoned Stab"],"picked":"Deflect+1","floor":31.0},{"not_picked":["Flying Knee+1","Heel Hook"],"picked":"Concentrate","floor":32.0},{"not_picked":["Replay:Bag of Tricks","Die Die Die"],"picked":"A Thousand Cuts","floor":33},{"not_picked":["ReplayTheSpireMod:Speed Training+1","All Out Attack+1"],"picked":"Fluid Movement+1","floor":35},{"not_picked":["PiercingWail+1","hubris:Counter+1","Heel Hook"],"picked":"Singing Bowl","floor":37},{"not_picked":["Deflect","hubris:SlightOfHand+1"],"picked":"Prepared+1","floor":38},{"not_picked":["Tactician+1","hubris:Sniper"],"picked":"ReplayTheSpireMod:Shiv Toss+1","floor":40},{"not_picked":["Quick Slash","Poisoned Stab+1","Riddle With Holes"],"picked":"Singing Bowl","floor":41},{"not_picked":["Escape Plan+1","Underhanded Strike"],"picked":"Prepared+1","floor":42},{"not_picked":["Dagger Spray","Quick Slash+1"],"picked":"Infinite Blades","floor":46},{"not_picked":["Hidden Blade","Corpse Explosion"],"picked":"Blade Dance+1","floor":47},{"not_picked":["Cloak And Dagger","Underhanded Strike"],"picked":"ReplayTheSpireMod:Shiv Toss","floor":48}],"player_experience":163572,"relics_obtained":[{"floor":6.0,"key":"Dream Catcher"},{"floor":8.0,"key":"Singing Bowl"},{"floor":9.0,"key":"hubris:TinFlute"},{"floor":11.0,"key":"hubris:TenFootPole"},{"floor":23.0,"key":"HornCleat"},{"floor":25.0,"key":"Counterbalance"},{"floor":26.0,"key":"Sundial"},{"floor":27.0,"key":"Turnip"},{"floor":30.0,"key":"Replay:Bandana"},{"floor":40,"key":"Paper Crane"},{"floor":42,"key":"hubris:BottledRain"},{"floor":47,"key":"Mirror"}],"event_choices":[{"cards_removed":["Strike_G"],"damage_healed":0.0,"max_hp_gain":0.0,"max_hp_loss":0.0,"gold_gain":0.0,"event_name":"Golden Wing","player_choice":"Card Removal","floor":5.0,"gold_loss":0.0,"damage_taken":7.0},{"damage_healed":0.0,"max_hp_gain":0.0,"max_hp_loss":0.0,"gold_gain":0.0,"event_name":"Vampires","player_choice":"Ignored","floor":20.0,"gold_loss":0.0,"damage_taken":0.0},{"damage_healed":0.0,"max_hp_gain":0.0,"max_hp_loss":0.0,"gold_gain":0.0,"event_name":"Upgrade Shrine","player_choice":"Upgraded","floor":24.0,"gold_loss":0.0,"damage_taken":0.0,"cards_upgraded":["Distraction"]},{"damage_healed":0,"gold_gain":0,"player_choice":"Ignored","damage_taken":0,"max_hp_gain":0,"max_hp_loss":0,"event_name":"Tomb of Lord Red Mask","floor":36,"gold_loss":0},{"damage_healed":0,"gold_gain":0,"player_choice":"Ignored","damage_taken":0,"max_hp_gain":0,"max_hp_loss":0,"event_name":"SecretPortal","floor":39,"gold_loss":0}],"is_beta":false,"boss_relics":[{"not_picked":["Sozu","Fusion Hammer"],"picked":"Philosopher\u0027s Stone"},{"not_picked":["SlaversCollar","SacredBark"],"picked":"hubris:Backtick"}],"items_purged_floors":[44],"is_endless":false,"potions_floor_spawned":[3,6,11,13,16,18,22,23,30,33,35,40,42,48],"ascension_level":7}}