{"host":"7y3xcojbvgknqiob","time":1608258060,"event":{"mods":["Aspiration","BaseMod","Best Route Mod","Downfall","Hermit","Magitek Elite","Minty Spire (QoL Compilation)","Potionbrewer","Quick Restart","StSLib","The Bug Knight"],"gold_per_floor":[99,110,141,241,275,200,279,305,319,169,19,4,21,6,21,116,116,116,129,141,168,168,168,168,131,145,145,326,526,526,345,359,464,464,464,517,533,551,564,564,564],"floor_reached":40,"playtime":3657,"items_purged":[],"score":499,"play_id":"cf96101d-3ca3-4352-9049-83eb59ec70ec","local_time":"20201217182100","is_ascension_mode":false,"campfire_choices":[{"floor":1.0,"key":"RECALL"},{"floor":6.0,"key":"REST"},{"floor":10.0,"key":"REST"},{"data":"hexamod:UnleashSpirits","floor":18.0,"key":"SMITH"},{"data":"hexamod:Float","floor":23.0,"key":"SMITH"},{"floor":27.0,"key":"REST"},{"data":"hexamod:ParanormalForm","floor":35,"key":"SMITH"}],"circlet_count":0,"master_deck":["hexamod:Strike","hexamod:Strike","hexamod:Strike","hexamod:Strike","hexamod:Defend","hexamod:Defend+1","hexamod:Defend+1","hexamod:Defend","hexamod:Sear","hexamod:Float+1","hexamod:NightmareGuise","hexamod:RadiantFlame+1","hexamod:UnleashSpirits+1","hexamod:SpectersWail+1","hexamod:GhostLash","hexamod:FastForward+1","hexamod:FourthSeal","hexamod:GhostShield","hexamod:InspiringFlames","hexamod:SoulSteal","hexamod:SkipABeat+1","hexamod:SixthSeal","hexamod:SpectersWail","hexamod:ParanormalForm+1","Ball Lightning","hexamod:EtherealExpedition","Turbo+1","Coolheaded+1","Go for the Eyes","hexamod:EtherealExpedition+1","hexamod:AdvancingGuard","hexamod:Haunted","hexamod:NightmareGuise+1","hexamod:StepThrough+1","hexamod:HeatMetal","Static Discharge","hexamod:UnleashSpirits","hexamod:HauntingEcho","hexamod:NightmareStrike+1","hexamod:Hexaguard"],"relics":["hexamod:SpiritBrand","Matryoshka","MealTicket","downfall:HeartBlessingRed","aspiration:FetidBarrel","Question Card","downfall:HeartBlessingGreen","downfall:HeartBlessingBlue","aspiration:DefectSkillbook","aspiration:SeaSaltIceCream","Pear","Angel_Ring","Singing Bowl","PreservedInsect","downfall:KnowingSkull"],"acts_visited":["Exordium","TheCity","TheBeyond"],"potions_floor_usage":[32,33,38,39,40],"damage_taken":[{"damage":0.0,"enemies":"Small Slimes","floor":2.0,"turns":3.0},{"damage":25.0,"enemies":"3 Sentries","floor":3.0,"turns":12.0},{"damage":37.0,"enemies":"Lagavulin","floor":5.0,"turns":10.0},{"damage":34.0,"enemies":"3 Sentries","floor":8.0,"turns":8.0},{"damage":0.0,"enemies":"Cultist","floor":9.0,"turns":3.0},{"damage":0.0,"enemies":"downfall:FleeingMerchant","floor":11.0,"turns":4.0},{"damage":0.0,"enemies":"downfall:FleeingMerchant","floor":12.0,"turns":4.0},{"damage":2.0,"enemies":"Jaw Worm","floor":13.0,"turns":4.0},{"damage":0.0,"enemies":"downfall:FleeingMerchant","floor":14.0,"turns":4.0},{"damage":13.0,"enemies":"Exordium Thugs","floor":15.0,"turns":3.0},{"damage":13.0,"enemies":"downfall:Ironclad","floor":16.0,"turns":8.0},{"damage":8.0,"enemies":"3 Byrds","floor":19.0,"turns":4.0},{"damage":12.0,"enemies":"Shelled Parasite and Fungi","floor":20.0,"turns":4.0},{"damage":25.0,"enemies":"Gremlin Leader","floor":21.0,"turns":6.0},{"damage":10.0,"enemies":"downfall:FleeingMerchant","floor":25.0,"turns":4.0},{"damage":0.0,"enemies":"3 Cultists","floor":26.0,"turns":4.0},{"damage":20.0,"enemies":"downfall:FleeingMerchant","floor":28.0,"turns":4.0},{"damage":0,"enemies":"Snecko","floor":32,"turns":3},{"damage":7,"enemies":"downfall:Defect","floor":33,"turns":7},{"damage":23,"enemies":"3 Shapes","floor":36,"turns":4},{"damage":10,"enemies":"3 Darklings","floor":37,"turns":3},{"damage":26,"enemies":"4 Shapes","floor":38,"turns":3},{"damage":21,"enemies":"Transient","floor":39,"turns":5},{"damage":27,"enemies":"Nemesis","floor":40,"turns":2}],"seed_played":"-3047261127040216938","potions_obtained":[{"floor":9.0,"key":"DuplicationPotion"},{"floor":12.0,"key":"potionbrewer:SplittingPotion"},{"floor":13.0,"key":"Block Potion"},{"floor":13.0,"key":"potionbrewer:AcidPotion"},{"floor":16.0,"key":"potionbrewer:InfectionPotion"},{"floor":16.0,"key":"potionbrewer:NoxiousPotion"},{"floor":21.0,"key":"potionbrewer:BlacksmithPotion"},{"floor":25.0,"key":"potionbrewer:StunPotion"},{"floor":32,"key":"potionbrewer:BoundlessPotion"},{"floor":33,"key":"Explosive Potion"},{"floor":39,"key":"GamblersBrew"}],"is_trial":false,"path_per_floor":["R","M","E","?","E","R","T","E","M","R","$","$","M","$","M","B",null,"R","M","M","E","?","R","T","$","M","R","$","?","?","$","M","B",null,"R","M","M","M","M","E"],"character_chosen":"THE_SPIRIT","items_purchased":["hexamod:FourthSeal","hexamod:GhostShield","hexamod:InspiringFlames","Go for the Eyes","PreservedInsect","hexamod:AdvancingGuard","hexamod:NightmareGuise","hexamod:StepThrough","hexamod:HeatMetal"],"campfire_rested":3,"item_purchase_floors":[11,11,11,25,28,28,31,31,31],"current_hp_per_floor":[77,77,52,52,15,38,38,4,4,40,55,70,68,83,70,57,87,87,79,67,52,44,44,44,49,49,78,73,73,66,81,81,74,97,97,76,66,40,20,0,0],"gold":564,"neow_bonus":"TEN_PERCENT_HP_BONUS","is_daily":false,"chose_seed":false,"campfire_upgraded":3,"win_rate":0.0,"timestamp":1608258060,"path_taken":["R","M","E","?","E","R","T","E","?","R","$","$","?","$","M","BOSS","R","M","M","E","?","R","T","?","M","R","$","?","?","$","M","BOSS","R","M","M","M","M","E"],"items_purchased_type":["Card","Card","Card","Card","Relic","Card","Card","Card","Card"],"build_version":"2020-12-13","purchased_purges":0,"victory":false,"max_hp_per_floor":[77,77,77,77,77,77,77,77,77,87,87,87,87,87,87,87,87,87,87,87,97,97,97,97,97,97,97,97,97,97,97,97,97,97,97,99,99,99,99,99,99],"card_choices":[{"not_picked":["hexamod:RainOfEmbers","hexamod:GhostLash"],"picked":"hexamod:NightmareGuise","floor":2.0},{"not_picked":["hexamod:BacktrackSmack","hexamod:ParanormalForm"],"picked":"hexamod:RadiantFlame","floor":3.0},{"not_picked":["hexamod:HeatShield","hexamod:SoulSteal"],"picked":"hexamod:UnleashSpirits","floor":5.0},{"not_picked":["hexamod:ChargedBarrage","hexamod:HeatCrush"],"picked":"hexamod:SpectersWail","floor":8.0},{"not_picked":["hexamod:RainOfEmbers","hexamod:PhantomFireball","hexamod:SpectersWail"],"picked":"hexamod:GhostLash","floor":9.0},{"not_picked":["hexamod:FourthSeal","hexamod:AdvancingGuard","hexamod:UnleashSpirits"],"picked":"hexamod:FastForward","floor":11.0},{"not_picked":["hexamod:BurningTouch","hexamod:SwordOfDarkness","hexamod:GhostOfSpirePresent"],"picked":"hexamod:SoulSteal","floor":12.0},{"not_picked":["hexamod:ChargedBarrage","hexamod:RainOfEmbers","hexamod:InspiringFlames"],"picked":"hexamod:SkipABeat","floor":13.0},{"not_picked":["hexamod:NightmareStrike","hexamod:RadiantFlame","hexamod:ThermalTransfer"],"picked":"hexamod:SixthSeal","floor":14.0},{"not_picked":["hexamod:GhostShield","hexamod:ThermalTransfer","hexamod:PhantomFireball"],"picked":"hexamod:SpectersWail","floor":15.0},{"not_picked":["hexamod:WildfireWeapon","hexamod:CrushingStance","hexamod:TurnItUp"],"picked":"hexamod:ParanormalForm","floor":16.0},{"not_picked":["Go for the Eyes","hexamod:RetreatToShadows+1","Glacier+1","Consume"],"picked":"Ball Lightning","floor":19.0},{"not_picked":["Rebound","Cold Snap","hexamod:InspiringFlames+1","hexamod:SpectralAdrenaline"],"picked":"hexamod:EtherealExpedition","floor":20.0},{"not_picked":["hexamod:ShieldOfDarkness","hexamod:EtherealExpedition","Melter+1","hexamod:ThermalTransfer"],"picked":"Turbo+1","floor":21.0},{"not_picked":["hexamod:ShieldOfDarkness","Barrage","hexamod:CrushingStance","Rebound"],"picked":"Coolheaded+1","floor":25.0},{"not_picked":["hexamod:StepThrough+1","hexamod:NightmareStrike+1","BootSequence+1","Recycle+1"],"picked":"hexamod:EtherealExpedition+1","floor":26.0},{"not_picked":["hexamod:SkipABeat","Gash","Redo","Coolheaded"],"picked":"Static Discharge","floor":32},{"not_picked":["hexamod:CrushingStance","Thunder Strike","All For One","Biased Cognition"],"picked":"hexamod:UnleashSpirits","floor":33},{"not_picked":["hexamod:Firestarter","Double Energy","hexamod:AdvancingGuard","Undo+1","hexamod:ShieldOfDarkness"],"picked":"Singing Bowl","floor":36},{"not_picked":["hexamod:SwordOfDarkness+1","Barrage+1","Multi-Cast","hexamod:ShieldOfDarkness+1"],"picked":"hexamod:HauntingEcho","floor":37},{"not_picked":["hexamod:RecurringNightmare+1","hexamod:FastForward","hexamod:ThermalTransfer+1","hexamod:CatchUp"],"picked":"hexamod:NightmareStrike+1","floor":38},{"not_picked":["hexamod:BurningTouch","hexamod:ThermalTransfer+1","hexamod:RainOfEmbers+1","hexamod:HeatShield"],"picked":"hexamod:Hexaguard","floor":39}],"player_experience":322486,"relics_obtained":[{"floor":3.0,"key":"Matryoshka"},{"floor":5.0,"key":"MealTicket"},{"floor":7.0,"key":"aspiration:FetidBarrel"},{"floor":8.0,"key":"Question Card"},{"floor":21.0,"key":"aspiration:SeaSaltIceCream"},{"floor":24.0,"key":"Angel_Ring"},{"floor":24.0,"key":"Singing Bowl"}],"event_choices":[],"is_beta":false,"boss_relics":[{"not_picked":["Cursed Key","Pandora\u0027s Box"],"picked":"aspiration:DefectSkillbook"},{"not_picked":["Runic Dome","Empty Cage","Fusion Hammer"]}],"items_purged_floors":[],"is_endless":false,"potions_floor_spawned":[9,13,16,19,20,21,33,39],"killed_by":"Nemesis","ascension_level":0}}