{"host":"xybzl0rjisqh1oi7","time":1608295652,"event":{"mods":["BaseMod","Minty Spire (QoL Compilation)","MostiFishMod","Permanent Neow","Quick Restart","Shop Mod","Spicy Shops","StSLib","óô»ðÖ¸ÄÏ"],"gold_per_floor":[112,123,123,64,79,79,110,129,129,143,161,190,15,25,25,97,97,110,126,216,226,53,53,53],"floor_reached":23,"playtime":578,"items_purged":["Strike_R","Defend_R"],"score":610,"play_id":"062fb4a4-c6e3-4404-bdfa-4c7e97bfd3b6","local_time":"20201218204732","is_ascension_mode":true,"campfire_choices":[{"data":"Heavy Blade","floor":6.0,"key":"SMITH"},{"data":"Armaments","floor":15.0,"key":"SMITH"}],"circlet_count":0,"master_deck":["AscendersBane","Strike_R","Strike_R","Strike_R","Strike_R","Defend_R","Defend_R","Defend_R","Bash","Entrench","Heavy Blade+1","Whirlwind","Armaments+1","Offering","Inflame","MostiFishMod:PerfectForm"],"relics":["DaveBox","BirthdayGift-Icosahedron","PatriotShield","Question Card","Eternal Feather","StrikeDummy","Singing Bowl","ImportantClient","FeatherPendant"],"acts_visited":["Exordium","TheCity"],"potions_floor_usage":[],"damage_taken":[{"damage":0.0,"enemies":"2 Louse","floor":1.0,"turns":2.0},{"damage":0.0,"enemies":"Small Slimes","floor":2.0,"turns":2.0},{"damage":0.0,"enemies":"Cultist","floor":5.0,"turns":1.0},{"damage":0.0,"enemies":"Lagavulin","floor":7.0,"turns":1.0},{"damage":0.0,"enemies":"Large Slime","floor":8.0,"turns":1.0},{"damage":0.0,"enemies":"3 Louse","floor":10.0,"turns":2.0},{"damage":0.0,"enemies":"Looter","floor":11.0,"turns":1.0},{"damage":0.0,"enemies":"Gremlin Nob","floor":12.0,"turns":1.0},{"damage":0.0,"enemies":"Blue Slaver","floor":14.0,"turns":1.0},{"damage":0.0,"enemies":"Hexaghost","floor":16.0,"turns":4.0},{"damage":12.0,"enemies":"2 Thieves","floor":18.0,"turns":1.0},{"damage":0.0,"enemies":"3 Byrds","floor":19.0,"turns":2.0},{"damage":0.0,"enemies":"Cultist and Chosen","floor":21.0,"turns":2.0}],"seed_played":"5645055571141930328","potions_obtained":[{"floor":2.0,"key":"Ancient Potion"},{"floor":7.0,"key":"SkillPotion"}],"is_trial":false,"path_per_floor":["M","M","?","$","M","R","E","M","T","M","M","E","$","M","R","B",null,"M","M","?","M","$","R"],"character_chosen":"IRONCLAD","items_purchased":["Heavy Blade","MostiFishMod:PerfectForm"],"campfire_rested":0,"item_purchase_floors":[4,22],"current_hp_per_floor":[69,70,70,70,71,71,72,73,73,74,75,77,77,79,79,79,79,70,73,61,62,62,71,71],"gold":53,"neow_bonus":"BOSS_RELIC","is_daily":false,"chose_seed":false,"campfire_upgraded":2,"win_rate":0.0,"timestamp":1608295652,"path_taken":["M","M","?","$","M","R","E","M","T","M","M","E","$","M","R","BOSS","M","M","?","M","$","R"],"items_purchased_type":["Card","Card"],"build_version":"2020-12-13","purchased_purges":2,"victory":false,"max_hp_per_floor":[75,75,75,75,75,75,75,75,75,75,75,77,77,79,79,79,79,81,83,83,83,83,83,83],"card_choices":[{"not_picked":["Warcry","Pommel Strike","Iron Wave"],"picked":"SKIP","floor":1.0},{"not_picked":["Shrug It Off","Rupture","Flame Barrier"],"picked":"Entrench","floor":2.0},{"not_picked":["Shrug It Off","Heavy Blade","Clothesline","True Grit"],"picked":"SKIP","floor":5.0},{"not_picked":["Intimidate","Reckless Charge","Fire Breathing","Blood for Blood"],"picked":"SKIP","floor":7.0},{"not_picked":["Anger","Offering","Iron Wave","Perfected Strike"],"picked":"SKIP","floor":8.0},{"not_picked":["Sword Boomerang","Rupture","Armaments"],"picked":"Whirlwind","floor":10.0},{"not_picked":["Flame Barrier","Iron Wave","Anger"],"picked":"Armaments","floor":11.0},{"not_picked":["Shockwave","Sever Soul","Berserk","Evolve"],"picked":"Singing Bowl","floor":12.0},{"not_picked":["Reckless Charge","Hemokinesis","Heavy Blade","Intimidate"],"picked":"Singing Bowl","floor":14.0},{"not_picked":["MostiFishMod:TemporaryOutbreak","MostiFishMod:ChineseTea","Impervious"],"picked":"Offering","floor":16.0},{"not_picked":["True Grit","Sword Boomerang","Headbutt","Inflame"],"picked":"Singing Bowl","floor":18.0},{"not_picked":["Iron Wave","Sentinel","MostiFishMod:NewArrival","Cleave"],"picked":"Singing Bowl","floor":19.0},{"not_picked":["Twin Strike","Heavy Blade","Flex"],"picked":"Inflame","floor":21.0}],"player_experience":350742,"relics_obtained":[{"floor":1.0,"key":"Question Card"},{"floor":7.0,"key":"Eternal Feather"},{"floor":9.0,"key":"StrikeDummy"},{"floor":12.0,"key":"Singing Bowl"},{"floor":16.0,"key":"ImportantClient"}],"event_choices":[{"damage_healed":0.0,"max_hp_gain":0.0,"max_hp_loss":0.0,"gold_gain":0.0,"event_name":"Liars Game","player_choice":"Ignored","floor":3.0,"gold_loss":0.0,"damage_taken":0.0},{"damage_healed":0.0,"max_hp_gain":0.0,"max_hp_loss":0.0,"gold_gain":90.0,"event_name":"Knowing Skull","player_choice":"GOLD ","floor":20.0,"potions_obtained":[],"gold_loss":0.0,"damage_taken":12.0,"cards_obtained":[]}],"is_beta":false,"boss_relics":[{"not_picked":["Empty Cage","MostiFishMod:Hod"],"picked":"FeatherPendant"}],"items_purged_floors":[13,13],"is_endless":false,"potions_floor_spawned":[2,7,14,16,19,21],"ascension_level":20}}