{"host":"w7o06k3e8uel8euj","time":1608288025,"event":{"mods":["AchievementEnabler","BaseMod","Colored Powertips","Custom Start","DeckTracker","Keyboard Shortcuts","Minty Spire (QoL Compilation)","Quick Restart","Relic Stats","StSLib","SuperFastMode","everything is the same but u backflip on backflip"],"gold_per_floor":[111,111,111,123,123,156,156,182,232,232,157,157,177,77,77,151,151,171,46,46,57,70,70,98,98,98,116,116,149,168,199,199,199,199],"floor_reached":33,"playtime":625,"items_purged":["Strike_P","Defend_P","Defend_P"],"score":596,"play_id":"a9248b2d-7f8c-4b4a-bb1d-9a6c4255177c","local_time":"20201218194025","is_ascension_mode":true,"campfire_choices":[{"data":"Eruption","floor":7.0,"key":"SMITH"},{"data":"Adaptation","floor":10.0,"key":"SMITH"},{"data":"Ragnarok","floor":12.0,"key":"SMITH"},{"floor":15.0,"key":"REST"},{"data":"Adaptation","floor":23.0,"key":"SMITH"},{"data":"TalkToTheHand","floor":25.0,"key":"SMITH"},{"data":"TalkToTheHand","floor":28.0,"key":"SMITH"},{"data":"MentalFortress","floor":32,"key":"SMITH"}],"circlet_count":0,"master_deck":["AscendersBane","Strike_P","Strike_P","Strike_P+1","Defend_P+1","Defend_P+1","Eruption+1","Vigilance+1","CarveReality","Adaptation+1","Ragnarok+1","TalkToTheHand+1","Adaptation+1","Tantrum","TalkToTheHand+1","EmptyMind","MentalFortress+1"],"relics":["PureWater","NeowsBlessing","Dream Catcher","Thread and Needle","Turnip","Anchor","Runic Pyramid","MealTicket","Letter Opener","War Paint","Happy Flower"],"acts_visited":["Exordium","TheCity"],"potions_floor_usage":[29,29,29,33],"damage_taken":[{"damage":0.0,"enemies":"Cultist","floor":1.0,"turns":1.0},{"damage":0.0,"enemies":"Small Slimes","floor":4.0,"turns":1.0},{"damage":0.0,"enemies":"Lagavulin","floor":6.0,"turns":1.0},{"damage":35.0,"enemies":"3 Sentries","floor":8.0,"turns":6.0},{"damage":0.0,"enemies":"2 Louse","floor":13.0,"turns":2.0},{"damage":21.0,"enemies":"Hexaghost","floor":16.0,"turns":6.0},{"damage":0.0,"enemies":"Spheric Guardian","floor":18.0,"turns":3.0},{"damage":19.0,"enemies":"2 Thieves","floor":21.0,"turns":3.0},{"damage":4.0,"enemies":"Shelled Parasite and Fungi","floor":22.0,"turns":3.0},{"damage":44.0,"enemies":"Gremlin Leader","floor":24.0,"turns":5.0},{"damage":0.0,"enemies":"Centurion and Healer","floor":27.0,"turns":3.0},{"damage":17,"enemies":"Slavers","floor":29,"turns":3},{"damage":0,"enemies":"Sentry and Sphere","floor":30,"turns":3},{"damage":0,"enemies":"Gremlin Leader","floor":31,"turns":4},{"damage":31,"enemies":"Automaton","floor":33,"turns":8}],"seed_played":"3125628237798577360","potions_obtained":[{"floor":4.0,"key":"FairyPotion"},{"floor":8.0,"key":"Regen Potion"},{"floor":16.0,"key":"Dexterity Potion"},{"floor":24.0,"key":"EntropicBrew"},{"floor":30,"key":"LiquidBronze"}],"is_trial":false,"path_per_floor":["M","?","?","M","?","E","R","E","T","R","$","R","M","$","R","B",null,"M","$","?","M","M","R","E","R","T","M","R","E","M","E","R","B"],"character_chosen":"WATCHER","items_purchased":[],"campfire_rested":1,"item_purchase_floors":[],"current_hp_per_floor":[65,51,56,56,49,49,49,14,14,14,14,14,14,14,37,30,65,65,65,65,46,42,42,23,23,23,23,23,6,6,6,6,0,0],"gold":199,"neow_bonus":"THREE_ENEMY_KILL","is_daily":false,"chose_seed":false,"campfire_upgraded":7,"win_rate":0.0,"timestamp":1608288025,"path_taken":["M","?","?","M","?","E","R","E","T","R","$","R","M","$","R","BOSS","M","$","?","M","M","R","E","R","T","M","R","E","M","E","R","BOSS"],"items_purchased_type":[],"build_version":"2020-12-13","purchased_purges":3,"victory":false,"max_hp_per_floor":[72,72,77,77,77,77,77,77,77,77,77,77,77,77,77,77,77,77,77,77,77,77,77,77,77,77,77,77,77,77,77,77,77,77],"relic_stats":{"Dream Catcher":1,"Happy Flower":[2],"counters":[15,52],"MealTicket":0,"Turnip":[10],"Letter Opener":[25],"War Paint":["Vigilance","Defend_P"],"obtain_stats":[{"Dream Catcher":5,"Anchor":9,"NeowsBlessing":0,"Happy Flower":31,"Thread and Needle":6,"MealTicket":24,"Turnip":8,"Letter Opener":26,"PureWater":0,"War Paint":29,"Runic Pyramid":17},{"Dream Catcher":2,"Anchor":4,"NeowsBlessing":0,"Happy Flower":14,"Thread and Needle":3,"MealTicket":10,"Turnip":4,"Letter Opener":10,"PureWater":0,"War Paint":12,"Runic Pyramid":6},{"Dream Catcher":2,"Anchor":9,"NeowsBlessing":0,"Happy Flower":44,"Thread and Needle":3,"MealTicket":31,"Turnip":9,"Letter Opener":31,"PureWater":0,"War Paint":37,"Runic Pyramid":17}]},"card_choices":[{"not_picked":["FlurryOfBlows","Evaluate","ThirdEye"],"picked":"SKIP","floor":1.0},{"not_picked":["Meditate","PathToVictory"],"picked":"CarveReality","floor":4.0},{"not_picked":["Establishment","Evaluate"],"picked":"Adaptation","floor":6.0},{"not_picked":["Consecrate","FollowUp"],"picked":"Ragnarok","floor":8.0},{"not_picked":["FollowUp","ForeignInfluence","Evaluate"],"picked":"SKIP","floor":13.0},{"not_picked":["FollowUp","Prostrate"],"picked":"TalkToTheHand","floor":15.0},{"not_picked":["Crescendo","EmptyFist","SashWhip"],"picked":"SKIP","floor":18.0},{"not_picked":["Consecrate","EmptyBody"],"picked":"Tantrum","floor":21.0},{"not_picked":["FollowUp","Fasting2","Vengeance"],"picked":"SKIP","floor":22.0},{"not_picked":["Sanctity","FollowUp"],"picked":"TalkToTheHand","floor":24.0},{"not_picked":["JustLucky","BowlingBash","ClearTheMind"],"picked":"SKIP","floor":27.0},{"not_picked":["Perseverance","FollowUp+1"],"picked":"EmptyMind","floor":29},{"not_picked":["CutThroughFate","FearNoEvil"],"picked":"MentalFortress","floor":30},{"not_picked":["Conclude","Collect","Blasphemy"],"picked":"SKIP","floor":31}],"player_experience":559208,"relics_obtained":[{"floor":6.0,"key":"Thread and Needle"},{"floor":8.0,"key":"Turnip"},{"floor":9.0,"key":"Anchor"},{"floor":24.0,"key":"MealTicket"},{"floor":26.0,"key":"Letter Opener"},{"floor":29,"key":"War Paint"},{"floor":31,"key":"Happy Flower"}],"event_choices":[{"damage_healed":0.0,"max_hp_gain":0.0,"max_hp_loss":0.0,"gold_gain":0.0,"event_name":"Shining Light","player_choice":"Entered Light","floor":2.0,"gold_loss":0.0,"damage_taken":14.0,"cards_upgraded":["Strike_P","Defend_P"]},{"damage_healed":0.0,"max_hp_gain":5.0,"max_hp_loss":0.0,"gold_gain":0.0,"event_name":"Big Fish","player_choice":"Donut","floor":3.0,"gold_loss":0.0,"damage_taken":0.0},{"damage_healed":0.0,"max_hp_gain":0.0,"max_hp_loss":0.0,"gold_gain":0.0,"event_name":"Scrap Ooze","player_choice":"Success","floor":5.0,"gold_loss":0.0,"damage_taken":7.0,"relics_obtained":["Dream Catcher"]},{"damage_healed":0.0,"max_hp_gain":0.0,"max_hp_loss":0.0,"gold_gain":0.0,"event_name":"The Library","player_choice":"Read","floor":20.0,"gold_loss":0.0,"damage_taken":0.0,"cards_obtained":["Adaptation"]}],"is_beta":false,"boss_relics":[{"not_picked":["Empty Cage","HolyWater"],"picked":"Runic Pyramid"}],"items_purged_floors":[11,14,19],"is_endless":false,"potions_floor_spawned":[4,8,16,18,24,30,31],"killed_by":"Automaton","ascension_level":13}}