{"host":"qw1m3zcvi888b4j7","time":1608320657,"event":{"mods":["AchievementEnabler","Act Like it!","BaseMod","Best Route Mod","Block Reminder","Colored Map","Colored Powertips","Curses Come First","DeckTracker","Hermit","Highlight Path","Hubris","Minty Spire (QoL Compilation)","Quick Restart","Rare Cards Sparkle","Relic Sorter","Relic Stats","Replay The Spire","StSLib","SuperFastMode","The Blue Laboratory","The Cursed","everything is the same but u backflip on backflip"],"gold_per_floor":[119,119,134,134,221,249,261,261,261,281,296,322,337,372,372,372,372],"floor_reached":16,"playtime":659,"items_purged":[],"score":181,"play_id":"859229db-f70a-4970-bbdf-06bf43616f27","local_time":"20201218204417","is_ascension_mode":true,"campfire_choices":[{"floor":8,"key":"RECALL"},{"floor":15,"key":"REST"}],"circlet_count":0,"master_deck":["Strike_B+1","Strike_B","Strike_B","Strike_B","Defend_B","Defend_B","Defend_B","Defend_B","Zap+1","Dualcast","Go for the Eyes","Go for the Eyes","Regret","Gash","Static Discharge","Cold Snap","Gash","Cold Snap","Cold Snap","Ball Lightning","ReplayTheSpireMod:Calculation Training","Steam","ReplayTheSpireMod:Repulse"],"relics":["Cracked Core","NeowsBlessing","hubris:SoftwareUpdate","Strawberry","hubris:RGBLights","Vajra","Chameleon Ring"],"acts_visited":["Exordium"],"potions_floor_usage":[12,12,16,16],"damage_taken":[{"damage":0,"enemies":"2 Louse","floor":1,"turns":1},{"damage":0,"enemies":"Jaw Worm","floor":3,"turns":1},{"damage":0,"enemies":"3 Sentries","floor":6,"turns":1},{"damage":1,"enemies":"Cultist","floor":7,"turns":3},{"damage":12,"enemies":"Gremlin Gang","floor":10,"turns":3},{"damage":5,"enemies":"Blue Slaver","floor":11,"turns":3},{"damage":1,"enemies":"Lagavulin","floor":12,"turns":3},{"damage":1,"enemies":"Large Slime","floor":13,"turns":5},{"damage":10,"enemies":"Replay:BlueRogue","floor":14,"turns":4},{"damage":53,"enemies":"Fading Forest","floor":16,"turns":9}],"seed_played":"-4384152002344074751","potions_obtained":[{"floor":6,"key":"blueLaboratory:BiasPotion"},{"floor":7,"key":"Swift Potion"},{"floor":10,"key":"DuplicationPotion"},{"floor":14,"key":"blueLaboratory:BottledHope"}],"is_trial":false,"path_per_floor":["M","?","M","?","?","E","M","R","T","M","M","E","M","E","R","B"],"character_chosen":"DEFECT","items_purchased":[],"campfire_rested":1,"item_purchase_floors":[],"current_hp_per_floor":[75,60,60,60,42,49,48,48,48,36,31,30,29,19,43,0,0],"gold":372,"neow_bonus":"THREE_ENEMY_KILL","is_daily":false,"chose_seed":false,"campfire_upgraded":0,"win_rate":0.0,"timestamp":1608320657,"path_taken":["M","?","M","?","?","E","?","R","T","M","M","E","?","E","R","BOSS"],"items_purchased_type":[],"build_version":"2020-12-13","purchased_purges":0,"victory":false,"max_hp_per_floor":[75,75,75,75,75,82,82,82,82,82,82,82,82,82,82,82,82],"relic_stats":{"counters":[10,33],"obtain_stats":[{"Chameleon Ring":14,"NeowsBlessing":0,"hubris:SoftwareUpdate":4,"Strawberry":6,"Vajra":12,"Cracked Core":0,"hubris:RGBLights":9},{"Chameleon Ring":9,"NeowsBlessing":0,"hubris:SoftwareUpdate":2,"Strawberry":3,"Vajra":7,"Cracked Core":0,"hubris:RGBLights":4},{"Chameleon Ring":24,"NeowsBlessing":0,"hubris:SoftwareUpdate":2,"Strawberry":3,"Vajra":15,"Cracked Core":0,"hubris:RGBLights":6}]},"card_choices":[{"not_picked":["Sweeping Beam","FTL"],"picked":"Go for the Eyes","floor":1},{"not_picked":["Steam","Chill"],"picked":"Go for the Eyes","floor":3},{"not_picked":["Cold Snap","Undo"],"picked":"Gash","floor":5},{"not_picked":["Self Repair","Leap"],"picked":"Static Discharge","floor":5},{"not_picked":["Stack","Compile Driver"],"picked":"Cold Snap","floor":5},{"not_picked":["Redo","Self Repair"],"picked":"Gash","floor":6},{"not_picked":["Redo","Doom and Gloom"],"picked":"Cold Snap","floor":7},{"not_picked":["Coolheaded","Rebound"],"picked":"Cold Snap","floor":10},{"not_picked":["ReplayTheSpireMod:Reroute Power","Chaos"],"picked":"Ball Lightning","floor":11},{"not_picked":["Recycle","Creative AI"],"picked":"ReplayTheSpireMod:Calculation Training","floor":12},{"not_picked":["Force Field","Chill"],"picked":"Steam","floor":13},{"not_picked":["Cold Snap","Undo"],"picked":"ReplayTheSpireMod:Repulse","floor":14}],"player_experience":113453,"relics_obtained":[{"floor":6,"key":"Strawberry"},{"floor":9,"key":"hubris:RGBLights"},{"floor":12,"key":"Vajra"},{"floor":14,"key":"Chameleon Ring"}],"event_choices":[{"damage_healed":0,"gold_gain":0,"player_choice":"Entered Light","damage_taken":15,"max_hp_gain":0,"max_hp_loss":0,"event_name":"Shining Light","floor":2,"gold_loss":0,"cards_upgraded":["Strike_B","Zap"]},{"damage_healed":0,"gold_gain":0,"player_choice":"Box","damage_taken":0,"relics_obtained":["hubris:SoftwareUpdate"],"max_hp_gain":0,"max_hp_loss":0,"event_name":"Big Fish","floor":4,"gold_loss":0,"cards_obtained":["Regret"]}],"is_beta":false,"boss_relics":[],"items_purged_floors":[],"is_endless":false,"potions_floor_spawned":[6,7,10,14],"killed_by":"Fading Forest","ascension_level":1}}