{"host":"9d9dhukr2jywmy0f","time":1608281170,"event":{"mods":["2.2 Compatiblity","Alarm Clock","Aspiration","BaseMod","Bestiary","Block Reminder","Colored Map","Colored Powertips","Curses Come First","DeckTracker","Displayed Cursed Tome","Highlight Path","Key Reminder","Keyboard Shortcuts","Minty Spire (QoL Compilation)","MonsterHotkey","Potion Indicator Mod","Quick Restart","RNG Fix","Rare Cards Sparkle","Relic Sorter","Relic Stats","SacredBarkPlus","Spire Birthday Party","StSLib","Synergy Search","The Blue Laboratory","Unceasing Turn Reminder","Unknown Chances","¡¾ÒÅÎï¿¨ÅÆ¡¿REMEMod"],"gold_per_floor":[111,111,36,53,53,82,95,111,111,131,131,161,161,14,14,90,90,90,90],"floor_reached":18,"playtime":1037,"items_purged":["Strike_R"],"score":280,"play_id":"de07cffd-7729-4d73-b4fd-edc05b797fdc","local_time":"20201218164610","is_ascension_mode":true,"campfire_choices":[{"data":"Armaments","floor":11,"key":"SMITH"},{"data":"Disarm","floor":13,"key":"SMITH"}],"circlet_count":0,"master_deck":["AscendersBane","Strike_R","Strike_R","Strike_R","Defend_R","Defend_R","Defend_R","Defend_R","Bash","Second Wind","Wild Strike","Core Surge","Shrug It Off","Disarm+1","Armaments+1","Offering"],"relics":["Burning Blood","REME_ComplimentaryCards","Torii","Art of War","keyreminder:keyreminder","Juzu Bracelet","Medical Kit","aspiration:SilentSkillbook"],"acts_visited":["Exordium","TheCity"],"potions_floor_usage":[16],"damage_taken":[{"damage":11.0,"enemies":"Cultist","floor":1.0,"turns":5.0},{"damage":0.0,"enemies":"2 Louse","floor":4.0,"turns":3.0},{"damage":47.0,"enemies":"3 Sentries","floor":6.0,"turns":12.0},{"damage":1.0,"enemies":"Small Slimes","floor":7.0,"turns":4.0},{"damage":0.0,"enemies":"Exordium Wildlife","floor":8.0,"turns":4.0},{"damage":21.0,"enemies":"Gremlin Gang","floor":10.0,"turns":8.0},{"damage":7,"enemies":"Hexaghost","floor":16,"turns":20},{"damage":0,"enemies":"Chosen","floor":18,"turns":1}],"seed_played":"-5255796230045426828","potions_obtained":[{"floor":4.0,"key":"Weak Potion"},{"floor":7.0,"key":"Swift Potion"},{"floor":8.0,"key":"blueLaboratory:BottledHope"},{"floor":16,"key":"blueLaboratory:EntrenchedPotion"}],"is_trial":false,"path_per_floor":["M","?","$","M","$","E","M","M","T","M","R","?","R","$","R","B",null,"M"],"character_chosen":"IRONCLAD","items_purchased":["Medical Kit"],"campfire_rested":0,"item_purchase_floors":[14],"current_hp_per_floor":[63,63,63,68,68,27,32,38,38,23,23,23,23,23,23,22,57,57,57],"gold":90,"neow_bonus":"ONE_RARE_RELIC","is_daily":false,"chose_seed":false,"campfire_upgraded":2,"win_rate":0.0,"timestamp":1608281170,"path_taken":["M","?","$","M","?","E","M","M","T","M","R","?","R","$","R","BOSS","M"],"items_purchased_type":["Relic"],"build_version":"2020-11-30","purchased_purges":1,"victory":false,"max_hp_per_floor":[68,68,68,68,68,68,68,68,68,68,68,68,68,68,68,68,68,68,68],"relic_stats":{"Torii":15,"counters":[8,57],"Art of War":[1],"Juzu Bracelet":0,"Medical Kit":[16],"obtain_stats":[{"keyreminder:keyreminder":9,"Torii":0,"aspiration:SilentSkillbook":17,"Art of War":6,"Juzu Bracelet":12,"Medical Kit":14,"Burning Blood":0,"REME_ComplimentaryCards":0},{"keyreminder:keyreminder":5,"Torii":0,"aspiration:SilentSkillbook":7,"Art of War":3,"Juzu Bracelet":6,"Medical Kit":6,"Burning Blood":0,"REME_ComplimentaryCards":0},{"keyreminder:keyreminder":28,"Torii":0,"aspiration:SilentSkillbook":56,"Art of War":20,"Juzu Bracelet":36,"Medical Kit":36,"Burning Blood":0,"REME_ComplimentaryCards":0}],"Burning Blood":41},"card_choices":[{"not_picked":["Dark Embrace","Headbutt"],"picked":"Second Wind","floor":1.0},{"not_picked":["Heavy Blade","Clothesline"],"picked":"Wild Strike","floor":4.0},{"not_picked":["REME_SingleHolding","Sword Boomerang"],"picked":"Shrug It Off","floor":6.0},{"not_picked":["REME_SingleHolding","Twin Strike"],"picked":"Disarm","floor":7.0},{"not_picked":["Pummel","Combust"],"picked":"Armaments","floor":8.0},{"not_picked":["Pummel","Seeing Red","Havoc"],"picked":"SKIP","floor":10.0},{"not_picked":["Limit Break","Double Tap"],"picked":"Offering","floor":16}],"player_experience":702281,"relics_obtained":[{"floor":6.0,"key":"Art of War"}],"event_choices":[{"cards_removed":["Strike_R"],"damage_healed":0.0,"max_hp_gain":0.0,"max_hp_loss":0.0,"gold_gain":0.0,"event_name":"Living Wall","player_choice":"Forget","floor":2.0,"gold_loss":0.0,"damage_taken":0.0},{"damage_healed":0,"gold_gain":30,"player_choice":"Searched \u00273\u0027 times","damage_taken":0,"relics_obtained":["Juzu Bracelet"],"max_hp_gain":0,"max_hp_loss":0,"event_name":"Dead Adventurer","floor":12,"gold_loss":0}],"is_beta":false,"boss_relics":[{"not_picked":["Sozu","Ectoplasm"],"picked":"aspiration:SilentSkillbook"}],"items_purged_floors":[3],"is_endless":false,"potions_floor_spawned":[4,7,8,16],"killed_by":"Chosen","ascension_level":15}}