{"host":"2brg86hfzr3u5cix","time":1608272630,"event":{"mods":["AchievementEnabler","Ascension Unlocker","BaseMod","CapriCore","DeckTracker","Highlight Path","Keyboard Shortcuts","Koishi","Minty Spire (QoL Compilation)","Permanent Neow","Relic Stats","Replay The Spire","StSLib","Twitch Utils","Uncapped","UnlockEverythingMod"],"gold_per_floor":[110,121,135,155,35,35,35,55,55,75,92,120,130,142,142,244,244,254,254,282,349,73,73,73,123,123,123,138,206,206,218,218,323,373,386,436,486,588,76,76,142,156,156,156,172,185,215,317,317,317,317],"floor_reached":50,"playtime":2656,"items_purged":["Koishi:BasicStrike","Koishi:BasicStrike","Koishi:BasicStrike"],"score":655,"play_id":"d99de518-7988-4525-9656-83dcb0bc3dfd","local_time":"20201218152350","is_ascension_mode":false,"campfire_choices":[{"data":"Koishi:SubterraneanRose","floor":6.0,"key":"SMITH"},{"data":"Koishi:HauntingSlash","floor":15.0,"key":"SMITH"},{"floor":23,"key":"RECALL"},{"floor":27,"key":"REST"},{"data":"Koishi:FourthEye","floor":30,"key":"SMITH"},{"data":"Apotheosis","floor":32,"key":"SMITH"},{"data":"Koishi:Untouchable","floor":40,"key":"SMITH"},{"data":"Koishi:MassHysteria","floor":44,"key":"SMITH"},{"floor":49,"key":"REST"}],"circlet_count":0,"master_deck":["Koishi:BasicDefend","Koishi:BasicDefend","Koishi:BasicDefend","Koishi:Provoke","Koishi:HauntingSlash+1","Koishi:SubterraneanRose+1","Koishi:TraumaticStroke","Koishi:DreadfulBlow","Koishi:RacingHeart","Koishi:EmbryosDream","Koishi:FleetingPhantom","Koishi:PhantomBarrier","Koishi:BramblyRoseGarden","Pot Of Greed","Pot Of Greed","Koishi:RoseHell","Koishi:PhantomStrike","Koishi:PerfectMindControl","Koishi:Whimsy","Koishi:FourthEye+1","Apotheosis+1","Koishi:TremblingHands","Koishi:SubconsciousSweep","Pot Of Greed+1","Koishi:RuptureMind","Koishi:SubterraneanRose+1","Koishi:Untouchable+1","Metamorphosis","Panacea","Koishi:MassHysteria+1","Koishi:MindStellarRelief"],"relics":["Koishi:ImaginaryFriend","Replay:Accelerometer","Grinning Jar","Koishi:ColorfulDays","SsserpentHead","Art of War","Tiny House","Vajra","Koishi:BloodstainedWhiteRose","White Beast Statue","Replay:Rubber Ducky","Frozen Eye"],"acts_visited":["Exordium","TheCity","TheBeyond"],"potions_floor_usage":[28,31,45,45,50,50],"damage_taken":[{"damage":2.0,"enemies":"Cultist","floor":1.0,"turns":4.0},{"damage":4.0,"enemies":"Jaw Worm","floor":2.0,"turns":4.0},{"damage":2.0,"enemies":"Small Slimes","floor":3.0,"turns":3.0},{"damage":0.0,"enemies":"Gremlin Gang","floor":4.0,"turns":3.0},{"damage":2.0,"enemies":"Blue Slaver","floor":8.0,"turns":5.0},{"damage":4.0,"enemies":"Lots of Slimes","floor":10.0,"turns":4.0},{"damage":6.0,"enemies":"2 Fungi Beasts","floor":11.0,"turns":3.0},{"damage":12.0,"enemies":"Lagavulin","floor":12.0,"turns":11.0},{"damage":4.0,"enemies":"Blue Slaver","floor":13.0,"turns":4.0},{"damage":7.0,"enemies":"3 Louse","floor":14.0,"turns":3.0},{"damage":37.0,"enemies":"Slime Boss","floor":16.0,"turns":11.0},{"damage":22.0,"enemies":"Chosen","floor":18.0,"turns":6.0},{"damage":7.0,"enemies":"2 Thieves","floor":20.0,"turns":6.0},{"damage":15.0,"enemies":"Sentry and Sphere","floor":21.0,"turns":6.0},{"damage":0,"enemies":"3 Cultists","floor":28,"turns":5},{"damage":4,"enemies":"Snake Plant","floor":29,"turns":4},{"damage":19,"enemies":"Snecko","floor":31,"turns":6},{"damage":34,"enemies":"Pondfish","floor":33,"turns":10},{"damage":25,"enemies":"3 Darklings","floor":35,"turns":6},{"damage":0,"enemies":"Orb Walker","floor":41,"turns":5},{"damage":1,"enemies":"Sphere and 2 Shapes","floor":42,"turns":4},{"damage":0,"enemies":"Spire Growth","floor":45,"turns":5},{"damage":14,"enemies":"Transient","floor":46,"turns":5},{"damage":57,"enemies":"Giant Head","floor":47,"turns":11},{"damage":59,"enemies":"Time Eater","floor":50,"turns":12}],"seed_played":"2596401780396730556","potions_obtained":[{"floor":2.0,"key":"SkillPotion"},{"floor":3.0,"key":"AttackPotion"},{"floor":4.0,"key":"SkillPotion"},{"floor":13.0,"key":"Elixir"},{"floor":16.0,"key":"Strength Potion"},{"floor":28,"key":"FearPotion"},{"floor":29,"key":"Languid Potion"},{"floor":33,"key":"Dexterity Potion"},{"floor":34,"key":"Elixir"},{"floor":42,"key":"AttackPotion"},{"floor":46,"key":"Swift Potion"}],"is_trial":false,"path_per_floor":["M","M","M","M","$","R","?","M","T","M","M","E","M","M","R","B",null,"M","?","M","M","$","R","$","?","T","R","M","M","R","M","R","B",null,"M","?","?","?","$","R","M","M","T","R","M","M","E","T","R","B"],"character_chosen":"KOISHI","items_purchased":["Koishi:EmbryosDream","Apotheosis","Koishi:BloodstainedWhiteRose","Metamorphosis","Panacea"],"campfire_rested":2,"item_purchase_floors":[5,22,39,39,39],"current_hp_per_floor":[60,57,56,56,56,56,56,58,58,54,49,47,47,42,42,7,60,46,46,44,36,36,36,36,36,36,54,58,60,60,48,48,41,65,42,42,42,42,42,42,51,57,57,57,62,56,24,24,42,0,0],"gold":317,"neow_bonus":"TRANSFORM_CARD","is_daily":false,"chose_seed":false,"campfire_upgraded":6,"win_rate":0.0,"timestamp":1608272630,"path_taken":["M","M","?","M","$","R","?","M","T","M","M","E","M","M","R","BOSS","M","?","M","?","$","R","$","?","T","R","M","?","R","M","R","BOSS","M","?","?","?","?","R","?","M","T","R","M","M","E","?","R","BOSS"],"items_purchased_type":["Card","Card","Relic","Card","Card"],"build_version":"2020-12-13","purchased_purges":3,"victory":false,"max_hp_per_floor":[60,60,60,60,60,60,60,60,60,60,60,60,60,60,60,60,60,60,60,60,60,60,60,60,60,60,60,60,60,60,60,60,60,65,65,62,62,62,62,62,62,62,62,62,62,62,62,62,62,62,62],"relic_stats":{"SsserpentHead":450,"counters":[25,143],"Art of War":[15],"obtain_stats":[{"Replay:Accelerometer":9,"SsserpentHead":19,"Frozen Eye":28,"Tiny House":34,"Vajra":38,"Art of War":26,"Grinning Jar":12,"Koishi:BloodstainedWhiteRose":39,"White Beast Statue":47,"Koishi:ImaginaryFriend":0,"Koishi:ColorfulDays":17,"Replay:Rubber Ducky":48},{"Replay:Accelerometer":5,"SsserpentHead":12,"Frozen Eye":15,"Tiny House":18,"Vajra":19,"Art of War":14,"Grinning Jar":8,"Koishi:BloodstainedWhiteRose":19,"White Beast Statue":24,"Koishi:ImaginaryFriend":0,"Koishi:ColorfulDays":11,"Replay:Rubber Ducky":24},{"Replay:Accelerometer":19,"SsserpentHead":61,"Frozen Eye":75,"Tiny House":96,"Vajra":101,"Art of War":73,"Grinning Jar":37,"Koishi:BloodstainedWhiteRose":101,"White Beast Statue":131,"Koishi:ImaginaryFriend":0,"Koishi:ColorfulDays":55,"Replay:Rubber Ducky":131}]},"card_choices":[{"not_picked":["Koishi:Prune","Koishi:IdleWhim"],"picked":"Koishi:TraumaticStroke","floor":1.0},{"not_picked":["Koishi:DanmakuParanoia","Koishi:RorschachInDanmaku"],"picked":"Koishi:DreadfulBlow","floor":2.0},{"not_picked":["Koishi:EmbryosDream","Koishi:Jaunt"],"picked":"Koishi:RacingHeart","floor":3.0},{"not_picked":["Koishi:Catatonia","Koishi:Prune"],"picked":"Koishi:SpiritedAway","floor":4.0},{"not_picked":["Koishi:DreadfulBlow","Koishi:Jaunt"],"picked":"Koishi:FleetingPhantom","floor":8.0},{"not_picked":["Koishi:PhantomStrike","Koishi:HeartAttack"],"picked":"Koishi:PhantomBarrier","floor":10.0},{"not_picked":["Koishi:Vanish","Koishi:SpiritedAway"],"picked":"Koishi:BramblyRoseGarden","floor":11.0},{"not_picked":["Koishi:BramblyRoseGarden","Koishi:TraumaticStroke","Koishi:FidgetySnatcher"],"picked":"SKIP","floor":12.0},{"not_picked":["Koishi:SubconsciousSweep","Koishi:LastRemote"],"picked":"Koishi:RoseHell","floor":13.0},{"not_picked":["Koishi:DNAsFlaw","Koishi:DanmakuParanoia"],"picked":"Koishi:PhantomStrike","floor":14.0},{"not_picked":["Koishi:RoseHell","Koishi:FadingMemory"],"picked":"Koishi:PerfectMindControl","floor":16.0},{"not_picked":["Koishi:PhantomBarrier","Koishi:JumpScare"],"picked":"Koishi:Whimsy","floor":18.0},{"not_picked":["Koishi:HeartfeltFancy","Koishi:PhantomStrike","Koishi:ReleaseOfTheId"],"picked":"SKIP","floor":20.0},{"not_picked":["Koishi:RoseHell","Koishi:Prune"],"picked":"Koishi:FourthEye","floor":21.0},{"not_picked":["Koishi:Jaunt","Koishi:UnansweredLove","Koishi:PhantomStrike"],"picked":"SKIP","floor":28},{"not_picked":["Koishi:EmbryosDream","Koishi:JumpScare"],"picked":"Koishi:TremblingHands","floor":29},{"not_picked":["Koishi:Catatonia+1","Koishi:EmbryosDream+1"],"picked":"Koishi:SubconsciousSweep","floor":31},{"not_picked":["Koishi:RoseHell","Koishi:PerfectMindControl"],"picked":"Koishi:RuptureMind","floor":33},{"not_picked":["Koishi:GhostParty+1","Koishi:CatchAndRose+1"],"picked":"Koishi:SubterraneanRose+1","floor":35},{"not_picked":["Koishi:StingingMind","Koishi:BloodcurdlingScream"],"picked":"Koishi:Untouchable","floor":38},{"not_picked":["Koishi:ApparitionsStalkTheNight","Koishi:UnseenTerror"],"picked":"Koishi:MassHysteria","floor":41},{"not_picked":["Koishi:ParalyzingFear","Koishi:Jaunt+1","Koishi:SubconsciousSweep+1"],"picked":"SKIP","floor":42},{"not_picked":["Koishi:RorschachInDanmaku+1","Koishi:PhantomStrike+1","Koishi:SubterraneanRose"],"picked":"SKIP","floor":45},{"not_picked":["Koishi:Prune","Koishi:UnconsciousUprising","Koishi:StingingMind"],"picked":"SKIP","floor":46},{"not_picked":["Koishi:PhantomStrike","Koishi:JumpScare+1"],"picked":"Koishi:MindStellarRelief","floor":47}],"player_experience":311550,"relics_obtained":[{"floor":9.0,"key":"Replay:Accelerometer"},{"floor":12.0,"key":"Grinning Jar"},{"floor":26,"key":"Art of War"},{"floor":38,"key":"Vajra"},{"floor":47,"key":"White Beast Statue"},{"floor":48,"key":"Replay:Rubber Ducky"}],"event_choices":[{"cards_removed":["Koishi:BasicDefend"],"damage_healed":0.0,"max_hp_gain":0.0,"max_hp_loss":0.0,"gold_gain":0.0,"event_name":"Living Wall","player_choice":"Forget","floor":7.0,"gold_loss":0.0,"damage_taken":0.0},{"damage_healed":0.0,"max_hp_gain":0.0,"max_hp_loss":0.0,"gold_gain":0.0,"event_name":"FaceTrader","player_choice":"Trade","floor":19.0,"gold_loss":0.0,"damage_taken":0.0,"relics_obtained":["SsserpentHead"]},{"damage_healed":0,"gold_gain":0,"player_choice":"Ignored","damage_taken":0,"max_hp_gain":0,"max_hp_loss":0,"event_name":"NoteForYourself","floor":25,"gold_loss":0},{"damage_healed":0,"gold_gain":0,"player_choice":"Max HP","damage_taken":0,"max_hp_gain":0,"max_hp_loss":3,"event_name":"Winding Halls","floor":36,"gold_loss":0},{"cards_removed":["Koishi:SpiritedAway"],"damage_healed":0,"gold_gain":0,"player_choice":"Removed Attack","damage_taken":0,"max_hp_gain":0,"max_hp_loss":0,"event_name":"Falling","floor":37,"gold_loss":0}],"is_beta":false,"boss_relics":[{"not_picked":["Runic Dome","Replay:Bronze Core"],"picked":"Koishi:ColorfulDays"},{"not_picked":["Snecko Eye","Philosopher\u0027s Stone"],"picked":"Tiny House"}],"items_purged_floors":[5,22,39],"is_endless":false,"potions_floor_spawned":[2,3,4,13,16,28,29,33,35,42,46],"killed_by":"Time Eater","ascension_level":0}}