{"host":"lhth1efayex2023z","time":1608333058,"event":{"mods":["BaseMod","Colored Map","Googly Eyes","Minty Spire (QoL Compilation)","StSLib"],"gold_per_floor":[113,129,149,149,162,193,210,210,234,234,263,38,53,79,79,181,181,201,15,30,40,66,101,101,101,101,101,127,143,176,192,192,287,287,302,302,302,315,329,358,358,372,397,426,426,426,426],"floor_reached":46,"playtime":3974,"items_purged":["Blood for Blood"],"score":904,"play_id":"cd6999de-39b8-4870-a9a0-f78a9799d64f","local_time":"20201218161058","is_ascension_mode":true,"campfire_choices":[{"data":"Body Slam","floor":8.0,"key":"SMITH"},{"floor":10.0,"key":"REST"},{"data":"Juggernaut","floor":15.0,"key":"SMITH"},{"data":"RitualDagger","floor":27.0,"key":"SMITH"},{"data":"Dual Wield","floor":32.0,"key":"SMITH"},{"floor":41.0,"key":"RECALL"}],"circlet_count":0,"master_deck":["Strike_R","Strike_R","Strike_R","Strike_R","Defend_R+1","Defend_R","Defend_R","Defend_R","Bash","Impatience+1","Body Slam+1","Rampage","Rage","Battle Trance","Anger","Thunderclap","Juggernaut+1","Reaper","Flex","Spot Weakness","Seeing Red","Armaments+1","Iron Wave+1","RitualDagger+1","Ghostly","Ghostly","Ghostly","Ghostly","Ghostly","Entrench","Dual Wield+1","Barricade+1","CurseOfTheBell","True Grit+1","Madness","Madness","Havoc+1","Berserk+1","Flame Barrier+1"],"relics":["Burning Blood","Bag of Preparation","War Paint","Red Skull","Anchor","MealTicket","Runic Pyramid","Red Mask","Tiny Chest","Frozen Egg 2","Orichalcum","Question Card","Calling Bell","Happy Flower","Gremlin Horn","FossilizedHelix","TungstenRod","Juzu Bracelet","Letter Opener"],"acts_visited":["Exordium","TheCity","TheBeyond"],"potions_floor_usage":[],"damage_taken":[{"damage":1.0,"enemies":"Cultist","floor":1.0,"turns":4.0},{"damage":18.0,"enemies":"Jaw Worm","floor":2.0,"turns":4.0},{"damage":3.0,"enemies":"2 Louse","floor":3.0,"turns":3.0},{"damage":16.0,"enemies":"2 Fungi Beasts","floor":5.0,"turns":6.0},{"damage":29.0,"enemies":"Lagavulin","floor":6.0,"turns":7.0},{"damage":17.0,"enemies":"Large Slime","floor":7.0,"turns":7.0},{"damage":8.0,"enemies":"Gremlin Nob","floor":11.0,"turns":3.0},{"damage":5.0,"enemies":"Looter","floor":13.0,"turns":3.0},{"damage":10.0,"enemies":"3 Sentries","floor":14.0,"turns":5.0},{"damage":17.0,"enemies":"Slime Boss","floor":16.0,"turns":7.0},{"damage":16.0,"enemies":"Spheric Guardian","floor":18.0,"turns":4.0},{"damage":25.0,"enemies":"3 Byrds","floor":20.0,"turns":5.0},{"damage":10.0,"enemies":"Shelled Parasite and Fungi","floor":21.0,"turns":7.0},{"damage":18.0,"enemies":"Masked Bandits","floor":22.0,"turns":4.0},{"damage":38.0,"enemies":"Slavers","floor":23.0,"turns":6.0},{"damage":26.0,"enemies":"Book of Stabbing","floor":28.0,"turns":8.0},{"damage":0.0,"enemies":"Chosen and Byrds","floor":29.0,"turns":8.0},{"damage":28.0,"enemies":"Gremlin Leader","floor":30.0,"turns":8.0},{"damage":21.0,"enemies":"3 Cultists","floor":31.0,"turns":6.0},{"damage":39.0,"enemies":"Automaton","floor":33.0,"turns":10.0},{"damage":0.0,"enemies":"Orb Walker","floor":35.0,"turns":6.0},{"damage":0.0,"enemies":"3 Shapes","floor":38.0,"turns":4.0},{"damage":0.0,"enemies":"Sphere and 2 Shapes","floor":39.0,"turns":4.0},{"damage":0.0,"enemies":"Giant Head","floor":40.0,"turns":7.0},{"damage":0.0,"enemies":"3 Darklings","floor":42.0,"turns":6.0},{"damage":30.0,"enemies":"Reptomancer","floor":44.0,"turns":6.0},{"damage":24,"enemies":"Giant Head","floor":46,"turns":6}],"seed_played":"-8138919708607513142","potions_obtained":[{"floor":2.0,"key":"LiquidMemories"},{"floor":11.0,"key":"Weak Potion"},{"floor":13.0,"key":"ColorlessPotion"},{"floor":14.0,"key":"SkillPotion"},{"floor":16.0,"key":"Ancient Potion"},{"floor":18.0,"key":"Weak Potion"},{"floor":23.0,"key":"SmokeBomb"},{"floor":31.0,"key":"SkillPotion"},{"floor":33.0,"key":"SpeedPotion"},{"floor":35.0,"key":"GamblersBrew"},{"floor":38.0,"key":"Fruit Juice"},{"floor":40.0,"key":"EssenceOfSteel"}],"is_trial":false,"path_per_floor":["M","M","M","?","M","E","M","R","T","R","E","$","M","E","R","B",null,"M","$","M","M","?","E","?","?","T","R","E","M","E","M","R","B",null,"M","?","T","M","M","E","R","M","T","E","?","E"],"character_chosen":"IRONCLAD","items_purchased":["Juggernaut","Anchor","Spot Weakness","Seeing Red"],"campfire_rested":1,"item_purchase_floors":[12,12,19,19],"current_hp_per_floor":[77,65,68,68,58,35,24,24,24,48,46,46,47,43,43,32,68,62,77,68,71,68,66,60,40,40,40,31,40,36,36,36,13,33,39,34,34,45,45,45,45,45,45,21,21,0,0],"gold":426,"neow_bonus":"RANDOM_COLORLESS","is_daily":false,"chose_seed":false,"campfire_upgraded":4,"win_rate":0.0,"timestamp":1608333058,"path_taken":["M","M","?","?","M","E","M","R","T","R","E","$","M","E","R","BOSS","M","$","M","M","?","E","?","?","T","R","E","M","E","M","R","BOSS","M","?","?","M","M","E","R","M","T","E","?","E"],"items_purchased_type":["Card","Relic","Card","Card"],"build_version":"2020-12-13","purchased_purges":1,"victory":false,"max_hp_per_floor":[80,80,80,80,80,80,80,80,80,80,80,80,80,80,80,80,80,80,80,80,80,80,80,80,40,40,40,40,40,40,40,40,40,40,40,40,40,45,45,45,45,45,45,45,45,45,45],"card_choices":[{"not_picked":["Dramatic Entrance","Deep Breath"],"picked":"Impatience","floor":0.0},{"not_picked":["Anger","Wild Strike"],"picked":"Blood for Blood","floor":1.0},{"not_picked":["Shrug It Off","Headbutt"],"picked":"Body Slam","floor":2.0},{"not_picked":["Warcry","Perfected Strike"],"picked":"Rampage","floor":3.0},{"not_picked":["Iron Wave","Combust"],"picked":"Rage","floor":5.0},{"not_picked":["Blood for Blood","Heavy Blade"],"picked":"Battle Trance","floor":6.0},{"not_picked":["Thunderclap","Havoc"],"picked":"Anger","floor":7.0},{"not_picked":["Disarm","Body Slam"],"picked":"Thunderclap","floor":11.0},{"not_picked":["Carnage","Infernal Blade","Twin Strike"],"picked":"SKIP","floor":13.0},{"not_picked":["Sever Soul","Searing Blow","Sword Boomerang"],"picked":"SKIP","floor":14.0},{"not_picked":["Fiend Fire","Berserk"],"picked":"Reaper","floor":16.0},{"not_picked":["Iron Wave","Sever Soul"],"picked":"Flex","floor":18.0},{"not_picked":["Cleave","Sword Boomerang+1"],"picked":"Armaments+1","floor":20.0},{"not_picked":["Second Wind","Blood for Blood","Iron Wave"],"picked":"SKIP","floor":21.0},{"not_picked":["Thunderclap","Clothesline"],"picked":"Iron Wave+1","floor":22.0},{"not_picked":["Wild Strike","Reckless Charge","Armaments"],"picked":"SKIP","floor":23.0},{"not_picked":["Iron Wave","Anger"],"picked":"Entrench","floor":28.0},{"not_picked":["Inflame+1","Sword Boomerang+1","Rampage"],"picked":"SKIP","floor":29.0},{"not_picked":["Iron Wave","Rupture+1","Pommel Strike"],"picked":"SKIP","floor":30.0},{"not_picked":["Battle Trance","Brutality+1","Spot Weakness+1"],"picked":"Dual Wield","floor":31.0},{"not_picked":["Immolate","Double Tap","Brutality+1"],"picked":"Barricade+1","floor":33.0},{"not_picked":["Battle Trance","Sword Boomerang","Hemokinesis+1"],"picked":"True Grit+1","floor":35.0},{"not_picked":["Iron Wave","Sword Boomerang+1","Body Slam"],"picked":"Havoc+1","floor":38.0},{"not_picked":["Headbutt","Body Slam","Anger","Infernal Blade+1"],"picked":"SKIP","floor":39.0},{"not_picked":["Immolate","Heavy Blade+1","Flex"],"picked":"Berserk+1","floor":40.0},{"not_picked":["Hemokinesis+1","Wild Strike+1","Rupture+1"],"picked":"Flame Barrier+1","floor":42.0},{"not_picked":["Battle Trance","Demon Form+1","Dark Embrace+1","Headbutt+1"],"picked":"SKIP","floor":44.0}],"player_experience":366264,"relics_obtained":[{"floor":6.0,"key":"Bag of Preparation"},{"floor":9.0,"key":"War Paint"},{"floor":11.0,"key":"Red Skull"},{"floor":14.0,"key":"MealTicket"},{"floor":22.0,"key":"Red Mask"},{"floor":23.0,"key":"Tiny Chest"},{"floor":26.0,"key":"Frozen Egg 2"},{"floor":28.0,"key":"Orichalcum"},{"floor":30.0,"key":"Question Card"},{"floor":34.0,"key":"Happy Flower"},{"floor":34.0,"key":"Gremlin Horn"},{"floor":34.0,"key":"FossilizedHelix"},{"floor":40.0,"key":"TungstenRod"},{"floor":43.0,"key":"Juzu Bracelet"},{"floor":44.0,"key":"Letter Opener"}],"event_choices":[{"cards_removed":["Strike_R"],"damage_healed":0.0,"max_hp_gain":0.0,"max_hp_loss":0.0,"gold_gain":0.0,"event_name":"Living Wall","player_choice":"Forget","floor":4.0,"gold_loss":0.0,"damage_taken":0.0},{"damage_healed":0.0,"max_hp_gain":0.0,"max_hp_loss":0.0,"gold_gain":0.0,"event_name":"Masked Bandits","player_choice":"Fought Bandits","floor":22.0,"gold_loss":0.0,"damage_taken":0.0},{"damage_healed":0.0,"max_hp_gain":0.0,"max_hp_loss":0.0,"gold_gain":0.0,"event_name":"Nest","player_choice":"Joined the Cult","floor":24.0,"gold_loss":0.0,"damage_taken":6.0,"cards_obtained":["RitualDagger"]},{"damage_healed":0.0,"max_hp_gain":0.0,"max_hp_loss":40.0,"gold_gain":0.0,"event_name":"Ghosts","player_choice":"Became a Ghost","floor":25.0,"gold_loss":0.0,"damage_taken":0.0,"cards_obtained":["Ghostly","Ghostly","Ghostly","Ghostly","Ghostly"]},{"damage_healed":0.0,"max_hp_gain":0.0,"max_hp_loss":0.0,"gold_gain":0.0,"event_name":"Winding Halls","player_choice":"Embrace Madness","floor":36.0,"gold_loss":0.0,"damage_taken":5.0,"cards_obtained":["Madness","Madness"]},{"damage_healed":0.0,"max_hp_gain":0.0,"max_hp_loss":0.0,"gold_gain":0.0,"event_name":"The Moai Head","player_choice":"Ignored","floor":45.0,"gold_loss":0.0,"damage_taken":0.0}],"is_beta":false,"boss_relics":[{"not_picked":["Velvet Choker","Tiny House"],"picked":"Runic Pyramid"},{"not_picked":["Fusion Hammer","Runic Cube"],"picked":"Calling Bell"}],"items_purged_floors":[19],"is_endless":false,"potions_floor_spawned":[2,11,13,14,16,18,23,31,33,35,38,40],"killed_by":"Giant Head","ascension_level":8}}