{"host":"6azrrw3tf7wb0f4b","time":1608259124,"event":{"mods":["BaseMod","DeckTracker","Minty Spire (QoL Compilation)","SuperFastMode"],"gold_per_floor":[113,129,204,223,193,193,208,239,239,9,39,50,50,60,60,164,164,180,95,95,107,127,127,127,127,127,144,53,53,53,83,83,185,185,198,298,309,173,192,192,192],"floor_reached":40,"playtime":901,"items_purged":["Strike_B","Defend_B"],"score":573,"play_id":"fed8614d-5e96-4e67-95fd-581e83a4e77f","local_time":"20201218113844","is_ascension_mode":true,"campfire_choices":[{"data":"Zap","floor":6,"key":"SMITH"},{"floor":13,"key":"REST"},{"floor":15,"key":"REST"},{"data":"Storm","floor":23,"key":"SMITH"},{"floor":29,"key":"REST"},{"floor":32,"key":"REST"}],"circlet_count":0,"master_deck":["Strike_B","Strike_B+1","Strike_B","Defend_B","Defend_B","Zap+1","Dualcast","Static Discharge","Storm+1","Cold Snap","Ball Lightning+1","Hologram","Biased Cognition","Leap","Electrodynamics","Reboot","Hologram+1","Turbo","Panacea+1","Echo Form","Leap+1","Leap+1","Darkness+1"],"relics":["Cracked Core","Omamori","Whetstone","Singing Bowl","Odd Mushroom","SacredBark","TungstenRod","Toxic Egg 2","Eternal Feather","Centennial Puzzle","Calling Bell","Orichalcum","InkBottle","FossilizedHelix"],"acts_visited":["Exordium","TheCity","TheBeyond"],"potions_floor_usage":[7,7,8,22,31,33,33],"damage_taken":[{"damage":1,"enemies":"Cultist","floor":1,"turns":3},{"damage":1,"enemies":"Small Slimes","floor":2,"turns":4},{"damage":10,"enemies":"2 Louse","floor":4,"turns":3},{"damage":10,"enemies":"Large Slime","floor":7,"turns":3},{"damage":11,"enemies":"Lagavulin","floor":8,"turns":7},{"damage":17,"enemies":"The Mushroom Lair","floor":11,"turns":3},{"damage":5,"enemies":"Looter","floor":12,"turns":2},{"damage":9,"enemies":"Exordium Thugs","floor":14,"turns":2},{"damage":19,"enemies":"Hexaghost","floor":16,"turns":8},{"damage":11,"enemies":"Chosen","floor":18,"turns":5},{"damage":15,"enemies":"Spheric Guardian","floor":21,"turns":4},{"damage":4,"enemies":"Snecko","floor":22,"turns":5},{"damage":13,"enemies":"Snake Plant","floor":27,"turns":4},{"damage":45,"enemies":"Slavers","floor":31,"turns":4},{"damage":25,"enemies":"Champ","floor":33,"turns":10},{"damage":9,"enemies":"Orb Walker","floor":35,"turns":4},{"damage":13,"enemies":"3 Darklings","floor":37,"turns":3},{"damage":31,"enemies":"4 Shapes","floor":39,"turns":6},{"damage":20,"enemies":"Giant Head","floor":40,"turns":6}],"seed_played":"-4997900547131126451","potions_obtained":[{"floor":1,"key":"Energy Potion"},{"floor":2,"key":"AttackPotion"},{"floor":5,"key":"DuplicationPotion"},{"floor":11,"key":"Block Potion"},{"floor":12,"key":"SteroidPotion"},{"floor":22,"key":"SkillPotion"},{"floor":31,"key":"Dexterity Potion"},{"floor":37,"key":"FearPotion"}],"is_trial":false,"path_per_floor":["M","M","?","M","?","R","M","E","T","$","?","M","R","M","R","B",null,"M","?","?","M","M","R","?","T","T","M","$","R","?","E","R","B",null,"M","?","M","$","M","E"],"character_chosen":"DEFECT","items_purchased":["Biased Cognition","Panacea+1","Darkness+1"],"campfire_rested":4,"item_purchase_floors":[10,28,38],"current_hp_per_floor":[67,66,55,45,45,45,35,24,24,24,9,4,27,18,41,22,63,52,52,52,37,35,35,35,35,35,24,24,60,46,3,41,16,70,61,61,48,48,19,0,0],"gold":192,"neow_bonus":"RANDOM_COMMON_RELIC","is_daily":false,"chose_seed":false,"campfire_upgraded":2,"win_rate":0.0,"timestamp":1608259124,"path_taken":["M","M","?","M","?","R","?","E","T","?","?","M","R","M","R","BOSS","M","?","?","M","M","R","?","?","T","?","$","R","?","E","R","BOSS","M","?","M","$","M","E"],"items_purchased_type":["Card","Card","Card"],"build_version":"2020-12-13","purchased_purges":2,"victory":false,"max_hp_per_floor":[75,75,75,75,75,75,75,75,75,75,77,77,77,77,77,77,77,77,77,77,77,79,79,79,79,79,81,81,81,86,88,88,88,88,88,88,88,88,90,90,90],"card_choices":[{"not_picked":["FTL","Sweeping Beam"],"picked":"Static Discharge","floor":1},{"not_picked":["Sweeping Beam","Gash"],"picked":"Storm","floor":2},{"not_picked":["Stack","Turbo"],"picked":"Cold Snap","floor":4},{"not_picked":["Cold Snap","Sweeping Beam"],"picked":"Ball Lightning","floor":7},{"not_picked":["Lockon","Turbo"],"picked":"Hologram","floor":8},{"not_picked":["FTL","Stack","Redo"],"picked":"Singing Bowl","floor":11},{"not_picked":["Chaos","Gash"],"picked":"Leap","floor":12},{"not_picked":["Blizzard","Ball Lightning"],"picked":"Electrodynamics","floor":14},{"not_picked":["Hyperbeam","Fission"],"picked":"Reboot","floor":16},{"not_picked":["Undo","Rebound"],"picked":"Hologram+1","floor":18},{"not_picked":["Ball Lightning","Compile Driver"],"picked":"Turbo","floor":21},{"not_picked":["Cold Snap+1","Chill","Hologram"],"picked":"Singing Bowl","floor":22},{"not_picked":["Blizzard","Ball Lightning","Turbo+1"],"picked":"Singing Bowl","floor":27},{"not_picked":["Ball Lightning","Tempest+1","Compile Driver"],"picked":"Singing Bowl","floor":31},{"not_picked":["Electrodynamics","All For One"],"picked":"Echo Form","floor":33},{"not_picked":["Self Repair+1","Tempest+1"],"picked":"Leap+1","floor":35},{"not_picked":["Hologram+1","Compile Driver"],"picked":"Leap+1","floor":37},{"not_picked":["Stack+1","Turbo+1","Static Discharge+1"],"picked":"Singing Bowl","floor":39}],"player_experience":598673,"relics_obtained":[{"floor":8,"key":"Whetstone"},{"floor":9,"key":"Singing Bowl"},{"floor":11,"key":"Odd Mushroom"},{"floor":25,"key":"Toxic Egg 2"},{"floor":26,"key":"Eternal Feather"},{"floor":31,"key":"Centennial Puzzle"},{"floor":34,"key":"Orichalcum"},{"floor":34,"key":"InkBottle"},{"floor":34,"key":"FossilizedHelix"}],"event_choices":[{"damage_healed":0,"gold_gain":75,"player_choice":"Gather Gold","damage_taken":11,"max_hp_gain":0,"max_hp_loss":0,"event_name":"World of Goop","floor":3,"gold_loss":0},{"damage_healed":0,"gold_gain":0,"player_choice":"Bought 2 Potions","damage_taken":0,"max_hp_gain":0,"max_hp_loss":0,"event_name":"The Woman in Blue","floor":5,"gold_loss":0},{"damage_healed":0,"gold_gain":0,"player_choice":"Fought Mushrooms","damage_taken":0,"max_hp_gain":0,"max_hp_loss":0,"event_name":"Mushrooms","floor":11,"gold_loss":0},{"damage_healed":0,"gold_gain":0,"player_choice":"Obtained Relic","damage_taken":0,"relics_obtained":["TungstenRod"],"max_hp_gain":0,"max_hp_loss":0,"event_name":"Addict","floor":19,"gold_loss":85},{"cards_removed":["Defend_B"],"damage_healed":0,"gold_gain":0,"player_choice":"Elegance","damage_taken":0,"max_hp_gain":0,"max_hp_loss":0,"event_name":"Back to Basics","floor":20,"gold_loss":0},{"damage_healed":0,"gold_gain":0,"player_choice":"Ignored","damage_taken":0,"max_hp_gain":0,"max_hp_loss":0,"event_name":"Cursed Tome","floor":24,"gold_loss":0},{"damage_healed":0,"gold_gain":0,"player_choice":"Shed Blood","damage_taken":20,"max_hp_gain":5,"max_hp_loss":0,"event_name":"Forgotten Altar","floor":30,"gold_loss":0},{"damage_healed":0,"gold_gain":100,"player_choice":"Pray","damage_taken":0,"max_hp_gain":0,"max_hp_loss":0,"event_name":"Golden Shrine","floor":36,"gold_loss":0}],"is_beta":false,"boss_relics":[{"not_picked":["FrozenCore","Ectoplasm"],"picked":"SacredBark"},{"not_picked":["Sozu","Empty Cage"],"picked":"Calling Bell"}],"items_purged_floors":[10,38],"is_endless":false,"potions_floor_spawned":[1,2,11,12,22,31,37],"killed_by":"Giant Head","ascension_level":7}}