{"host":"ovxa65d68iy9l57e","time":1608287373,"event":{"mods":["AchievementEnabler","BaseMod","Better Vampires","Colored Map","Curses Come First","Minty Spire (QoL Compilation)","Relic Stats","StSLib","The Alterego"],"gold_per_floor":[110,120,120,120,120,152,152,227,301,301,301],"floor_reached":10,"playtime":669,"items_purged":[],"score":70,"play_id":"a64f6acf-74a2-468f-9123-108726239e33","local_time":"20201218112933","is_ascension_mode":true,"campfire_choices":[{"data":"Dagger Spray","floor":7,"key":"SMITH"}],"circlet_count":0,"master_deck":["Strike_G","Strike_G","Strike_G","Strike_G","Defend_G","Defend_G","Defend_G","Defend_G","Defend_G","Survivor","Neutralize","Dagger Spray+1","Deadly Poison","Wraith Form v2","Pain","Acrobatics"],"relics":["Ring of the Snake","WarpedTongs","Juzu Bracelet","InkBottle"],"acts_visited":[],"potions_floor_usage":[],"damage_taken":[{"damage":7,"enemies":"Cultist","floor":1,"turns":6},{"damage":0,"enemies":"Small Slimes","floor":2,"turns":2},{"damage":28,"enemies":"3 Sentries","floor":6,"turns":11},{"damage":45,"enemies":"Lagavulin","floor":10,"turns":8}],"seed_played":"6219209543111835676","potions_obtained":[],"is_trial":false,"path_per_floor":["M","M","$","?","?","E","R","?","T","E"],"character_chosen":"THE_SILENT","items_purchased":[],"campfire_rested":0,"item_purchase_floors":[],"current_hp_per_floor":[70,70,70,70,70,42,42,31,31,0,0],"gold":301,"neow_bonus":"TEN_PERCENT_HP_BONUS","is_daily":false,"chose_seed":false,"campfire_upgraded":1,"win_rate":0.0,"timestamp":1608287373,"path_taken":["M","?","$","?","?","E","R","?","T","E"],"items_purchased_type":[],"build_version":"2020-12-13","purchased_purges":0,"victory":false,"max_hp_per_floor":[77,77,77,77,77,77,77,77,77,77,77],"relic_stats":{"counters":[4,27],"Juzu Bracelet":1,"obtain_stats":[{"Juzu Bracelet":6,"InkBottle":9,"Ring of the Snake":0,"WarpedTongs":5},{"Juzu Bracelet":3,"InkBottle":3,"Ring of the Snake":0,"WarpedTongs":2},{"Juzu Bracelet":19,"InkBottle":19,"Ring of the Snake":0,"WarpedTongs":8}],"InkBottle":[2],"Ring of the Snake":[8],"WarpedTongs":[19]},"card_choices":[{"not_picked":["Sucker Punch","Dodge and Roll"],"picked":"Dagger Spray","floor":1},{"not_picked":["Prepared","Quick Slash"],"picked":"Deadly Poison","floor":2},{"not_picked":["Dagger Throw","Bane"],"picked":"Acrobatics","floor":6}],"player_experience":217046,"relics_obtained":[{"floor":6,"key":"Juzu Bracelet"},{"floor":9,"key":"InkBottle"}],"event_choices":[{"damage_healed":0,"gold_gain":0,"cards_transformed":["Strike_G"],"player_choice":"Change","damage_taken":0,"max_hp_gain":0,"max_hp_loss":0,"event_name":"Living Wall","floor":4,"gold_loss":0,"cards_obtained":["Wraith Form v2"]},{"damage_healed":0,"gold_gain":0,"player_choice":"Rummage","damage_taken":0,"relics_obtained":["WarpedTongs"],"max_hp_gain":0,"max_hp_loss":0,"event_name":"Accursed Blacksmith","floor":5,"gold_loss":0,"cards_obtained":["Pain"]},{"damage_healed":0,"gold_gain":75,"player_choice":"Gather Gold","damage_taken":11,"max_hp_gain":0,"max_hp_loss":0,"event_name":"World of Goop","floor":8,"gold_loss":0}],"is_beta":false,"boss_relics":[],"items_purged_floors":[],"is_endless":false,"potions_floor_spawned":[],"killed_by":"Lagavulin","ascension_level":2}}