{"host":"yxj2o0a3fwpf3ar7","time":1608323584,"event":{"mods":["BaseMod","Colored Powertips","Minty Spire (QoL Compilation)","StSLib","Waifu the Spire"],"gold_per_floor":[118,293,293,368,380,405,425,110,136,171,171,187,187,32,32,132,432,445,459,558,574,285,312,312,312],"floor_reached":24,"playtime":791,"items_purged":["PathToVictory"],"score":394,"play_id":"4a10541f-d950-4372-a14e-0676979236f2","local_time":"20201218213304","is_ascension_mode":true,"campfire_choices":[{"floor":11,"key":"REST"},{"floor":13,"key":"REST"},{"data":"FlurryOfBlows","floor":15,"key":"SMITH"}],"circlet_count":0,"master_deck":["Strike_P","Strike_P","Strike_P","Strike_P","Defend_P","Defend_P","Defend_P","Defend_P","Eruption","Vigilance","ClearTheMind","Doubt","FlurryOfBlows+1","FlurryOfBlows","FlurryOfBlows","Consecrate","EmptyFist","EmptyBody","EmptyFist","Establishment","CurseOfTheBell","FlurryOfBlows+1","Perseverance","Halt","WindmillStrike","FlurryOfBlows"],"relics":["PureWater","NeowsBlessing","Happy Flower","Blue Candle","Du-Vu Doll","Anchor","Bottled Flame","Orrery","Calling Bell","Nunchaku","HornCleat","Old Coin","MealTicket","Letter Opener"],"acts_visited":["Exordium","TheCity"],"potions_floor_usage":[10,21,23],"damage_taken":[{"damage":0,"enemies":"2 Louse","floor":1,"turns":1},{"damage":0,"enemies":"Jaw Worm","floor":5,"turns":1},{"damage":0,"enemies":"Gremlin Nob","floor":6,"turns":1},{"damage":2,"enemies":"Small Slimes","floor":7,"turns":4},{"damage":8,"enemies":"3 Sentries","floor":10,"turns":4},{"damage":1,"enemies":"Exordium Wildlife","floor":12,"turns":2},{"damage":0,"enemies":"Slime Boss","floor":16,"turns":6},{"damage":5,"enemies":"Shell Parasite","floor":18,"turns":4},{"damage":20,"enemies":"2 Thieves","floor":19,"turns":4},{"damage":1,"enemies":"Snecko","floor":21,"turns":3},{"damage":25,"enemies":"Gremlin Leader","floor":23,"turns":7},{"damage":26,"enemies":"Snake Plant","floor":24,"turns":4}],"seed_played":"-41805569653697325","potions_obtained":[{"floor":6,"key":"Energy Potion"},{"floor":7,"key":"LiquidBronze"},{"floor":12,"key":"GamblersBrew"},{"floor":16,"key":"PowerPotion"},{"floor":18,"key":"Swift Potion"}],"is_trial":false,"path_per_floor":["M","?","?","?","M","E","M","$","T","E","R","M","R","$","R","B",null,"M","M","?","M","$","E","M"],"character_chosen":"WATCHER","items_purchased":["Du-Vu Doll","Orrery","MealTicket","WindmillStrike"],"campfire_rested":2,"item_purchase_floors":[8,14,22,22],"current_hp_per_floor":[72,72,54,43,43,43,41,41,41,33,54,53,72,72,72,72,72,67,47,47,46,46,21,0,0],"gold":312,"neow_bonus":"THREE_ENEMY_KILL","is_daily":false,"chose_seed":false,"campfire_upgraded":1,"win_rate":0.0,"timestamp":1608323584,"path_taken":["M","?","?","?","M","E","M","$","T","E","R","M","R","$","R","BOSS","M","M","?","M","$","E","M"],"items_purchased_type":["Relic","Relic","Relic","Card"],"build_version":"2020-12-13","purchased_purges":1,"victory":false,"max_hp_per_floor":[72,72,72,72,72,72,72,72,72,72,72,72,72,72,72,72,72,72,72,72,72,72,72,72,72],"card_choices":[{"not_picked":["WreathOfFlame","WheelKick"],"picked":"ClearTheMind","floor":1},{"not_picked":["EmptyMind","ThirdEye"],"picked":"FlurryOfBlows","floor":5},{"not_picked":["FlyingSleeves","Omniscience"],"picked":"PathToVictory","floor":6},{"not_picked":["CutThroughFate","Consecrate"],"picked":"FlurryOfBlows","floor":7},{"not_picked":["BowlingBash","FearNoEvil"],"picked":"FlurryOfBlows","floor":10},{"not_picked":["FollowUp","CarveReality"],"picked":"Consecrate","floor":12},{"not_picked":["Wallop","Judgement"],"picked":"EmptyFist","floor":14},{"not_picked":["ClearTheMind","LikeWater"],"picked":"EmptyBody","floor":14},{"not_picked":["WheelKick","Prostrate"],"picked":"EmptyFist","floor":14},{"not_picked":["ConjureBlade","Omniscience"],"picked":"Establishment","floor":16},{"not_picked":["Perseverance+1","FlyingSleeves"],"picked":"FlurryOfBlows+1","floor":18},{"not_picked":["Protect","Blasphemy"],"picked":"Perseverance","floor":19},{"not_picked":["Collect+1","Evaluate"],"picked":"Halt","floor":21},{"not_picked":["Evaluate+1","WaveOfTheHand"],"picked":"FlurryOfBlows","floor":23}],"player_experience":260218,"relics_obtained":[{"floor":6,"key":"Blue Candle"},{"floor":9,"key":"Anchor"},{"floor":10,"key":"Bottled Flame"},{"floor":17,"key":"Nunchaku"},{"floor":17,"key":"HornCleat"},{"floor":17,"key":"Old Coin"},{"floor":23,"key":"Letter Opener"}],"event_choices":[{"damage_healed":0,"gold_gain":175,"player_choice":"AGREE","damage_taken":0,"max_hp_gain":0,"max_hp_loss":0,"event_name":"Liars Game","floor":2,"gold_loss":0,"cards_obtained":["Doubt"]},{"damage_healed":0,"gold_gain":0,"player_choice":"Success","damage_taken":18,"relics_obtained":["Happy Flower"],"max_hp_gain":0,"max_hp_loss":0,"event_name":"Scrap Ooze","floor":3,"gold_loss":0},{"damage_healed":0,"gold_gain":75,"player_choice":"Gather Gold","damage_taken":11,"max_hp_gain":0,"max_hp_loss":0,"event_name":"World of Goop","floor":4,"gold_loss":0},{"damage_healed":0,"gold_gain":99,"player_choice":"Stole From Cult","damage_taken":0,"max_hp_gain":0,"max_hp_loss":0,"event_name":"Nest","floor":20,"gold_loss":0}],"is_beta":false,"boss_relics":[{"not_picked":["Philosopher\u0027s Stone","Snecko Eye"],"picked":"Calling Bell"}],"items_purged_floors":[22],"is_endless":false,"potions_floor_spawned":[6,7,12,16,18],"killed_by":"Snake Plant","ascension_level":3}}