{"host":"9ndbo4kgsfoemf7y","time":1608305864,"event":{"mods":["AchievementEnabler","BaseMod","Colored Map","DeckTracker","Keyboard Shortcuts","Minty Spire (QoL Compilation)","Permanent Neow","Quick Restart","Relic Stats","StSLib","SuperFastMode"],"gold_per_floor":[14,33,133,148,161,161,189,206,206,240,240,240,240],"floor_reached":12,"playtime":403,"items_purged":[],"score":171,"play_id":"578229bb-0093-465b-b0c9-b20f3577dc43","local_time":"20201219003744","is_ascension_mode":true,"campfire_choices":[{"data":"Cleave","floor":6.0,"key":"SMITH"},{"data":"Pommel Strike","floor":11,"key":"SMITH"}],"circlet_count":0,"master_deck":["AscendersBane","Strike_R","Strike_R","Strike_R","Defend_R","Defend_R","Defend_R","Defend_R","Bash","Second Wind","Bludgeon","Rage","Evolve","Cleave+1","Shrug It Off","Pommel Strike+1","Blood for Blood"],"relics":["Burning Blood","Akabeko","Darkstone Periapt","Bottled Lightning"],"acts_visited":["Exordium"],"potions_floor_usage":[],"damage_taken":[{"damage":9.0,"enemies":"Jaw Worm","floor":1.0,"turns":3.0},{"damage":0.0,"enemies":"Cultist","floor":2.0,"turns":3.0},{"damage":9.0,"enemies":"Small Slimes","floor":4.0,"turns":3.0},{"damage":16.0,"enemies":"3 Louse","floor":5.0,"turns":5.0},{"damage":35.0,"enemies":"Lagavulin","floor":7.0,"turns":6.0},{"damage":0.0,"enemies":"Gremlin Gang","floor":8.0,"turns":3.0},{"damage":10.0,"enemies":"3 Sentries","floor":10.0,"turns":6.0},{"damage":32,"enemies":"Gremlin Nob","floor":12,"turns":3}],"seed_played":"-6688392507370681037","potions_obtained":[{"floor":1.0,"key":"SteroidPotion"},{"floor":4.0,"key":"SkillPotion"},{"floor":7.0,"key":"Swift Potion"},{"floor":8.0,"key":"GamblersBrew"}],"is_trial":false,"path_per_floor":["M","M","?","M","M","R","E","M","T","E","R","E"],"character_chosen":"IRONCLAD","items_purchased":[],"campfire_rested":0,"item_purchase_floors":[],"current_hp_per_floor":[65,71,71,68,58,58,29,35,35,31,31,0,0],"gold":240,"neow_bonus":"TRANSFORM_TWO_CARDS","is_daily":false,"chose_seed":false,"campfire_upgraded":2,"win_rate":0.0,"timestamp":1608305864,"path_taken":["M","M","?","M","?","R","E","M","T","E","R","E"],"items_purchased_type":[],"build_version":"2020-12-13","purchased_purges":0,"victory":false,"max_hp_per_floor":[75,75,75,75,75,75,75,75,75,75,75,75,75],"relic_stats":{"Darkstone Periapt":0,"counters":[8,32],"obtain_stats":[{"Darkstone Periapt":9,"Bottled Lightning":10,"Burning Blood":0,"Akabeko":7},{"Darkstone Periapt":6,"Bottled Lightning":7,"Burning Blood":0,"Akabeko":5},{"Darkstone Periapt":23,"Bottled Lightning":29,"Burning Blood":0,"Akabeko":20}],"Burning Blood":42},"card_choices":[{"not_picked":["Pummel","Rupture"],"picked":"Rage","floor":1.0},{"not_picked":["Thunderclap","Seeing Red"],"picked":"Evolve","floor":2.0},{"not_picked":["Shrug It Off","Ghostly Armor"],"picked":"Cleave","floor":4.0},{"not_picked":["Clothesline","Armaments"],"picked":"Shrug It Off","floor":5.0},{"not_picked":["Carnage","Dual Wield","Exhume"],"picked":"SKIP","floor":7.0},{"not_picked":["Carnage","Dual Wield","Exhume"],"picked":"SKIP","floor":7.0},{"not_picked":["True Grit","Havoc"],"picked":"Pommel Strike","floor":8.0},{"not_picked":["Headbutt","Havoc"],"picked":"Blood for Blood","floor":10.0}],"player_experience":700759,"relics_obtained":[{"floor":7.0,"key":"Akabeko"},{"floor":9.0,"key":"Darkstone Periapt"},{"floor":10.0,"key":"Bottled Lightning"}],"event_choices":[{"damage_healed":0.0,"max_hp_gain":0.0,"max_hp_loss":0.0,"gold_gain":100.0,"event_name":"Wheel of Change","player_choice":"Gold","floor":3.0,"gold_loss":0.0,"damage_taken":0.0}],"is_beta":false,"boss_relics":[],"items_purged_floors":[],"is_endless":false,"potions_floor_spawned":[1,4,7,8],"killed_by":"Gremlin Nob","ascension_level":18}}