{"host":"r6jigiblrojhp6xe","time":1608332151,"event":{"mods":["AchievementEnabler","BaseMod","DeckTracker","Minty Spire (QoL Compilation)","Quick Restart","Rare Cards Sparkle","Relic Stats","StSLib","SuperFastMode","everything is the same but u backflip on backflip"],"gold_per_floor":[116,41,60,60,25,25,44,69,69,69,102,119,119,194,194,267,267,283,198,213,73,73,73,105,105,129,146,162,162,162,188,188,260,260,278,278,153,166,176,176,176,176,253,269,269,300,314,324,324,324,324],"floor_reached":50,"playtime":1293,"items_purged":["Strike_R","Strike_R","Rupture"],"score":1116,"play_id":"4247cfc7-f8f0-483c-8571-d563a266726a","local_time":"20201219075551","is_ascension_mode":true,"campfire_choices":[{"data":"Searing Blow","floor":6.0,"key":"SMITH"},{"data":"Searing Blow+1","floor":10.0,"key":"SMITH"},{"data":"Searing Blow+2","floor":13.0,"key":"SMITH"},{"data":"Searing Blow+3","floor":15.0,"key":"SMITH"},{"data":"Searing Blow+4","floor":23.0,"key":"SMITH"},{"data":"Searing Blow+5","floor":25.0,"key":"SMITH"},{"data":"Searing Blow+6","floor":29.0,"key":"SMITH"},{"data":"Searing Blow+7","floor":32.0,"key":"SMITH"},{"data":"Searing Blow+8","floor":40.0,"key":"SMITH"},{"data":"Searing Blow+9","floor":42.0,"key":"SMITH"},{"data":"Searing Blow+10","floor":45.0,"key":"SMITH"},{"data":"Searing Blow+11","floor":49.0,"key":"SMITH"}],"circlet_count":0,"master_deck":["AscendersBane","Bash","Reaper","Searing Blow+12","Headbutt","Feed","Fiend Fire","Ghostly Armor","Evolve","Limit Break","Shrug It Off","Offering","Limit Break","Offering","Exhume","Armaments+1","Sentinel","Shockwave+1"],"relics":["Burning Blood","MealTicket","White Beast Statue","Dead Branch","Snecko Eye","Kunai","FossilizedHelix","Boot","Magic Flower","Pandora\u0027s Box","Question Card","Frozen Egg 2"],"acts_visited":["Exordium","TheCity","TheBeyond"],"potions_floor_usage":[],"damage_taken":[{"damage":11.0,"enemies":"Cultist","floor":1.0,"turns":4.0},{"damage":10.0,"enemies":"Small Slimes","floor":3.0,"turns":4.0},{"damage":9.0,"enemies":"2 Louse","floor":7.0,"turns":3.0},{"damage":45.0,"enemies":"Lagavulin","floor":11.0,"turns":6.0},{"damage":11.0,"enemies":"Blue Slaver","floor":12.0,"turns":4.0},{"damage":13.0,"enemies":"Hexaghost","floor":16.0,"turns":7.0},{"damage":13.0,"enemies":"2 Thieves","floor":18.0,"turns":4.0},{"damage":6.0,"enemies":"Chosen","floor":20.0,"turns":1.0},{"damage":24.0,"enemies":"Slavers","floor":24.0,"turns":4.0},{"damage":0.0,"enemies":"Shelled Parasite and Fungi","floor":27.0,"turns":1.0},{"damage":6.0,"enemies":"3 Cultists","floor":28.0,"turns":4.0},{"damage":7.0,"enemies":"Book of Stabbing","floor":31.0,"turns":2.0},{"damage":20.0,"enemies":"Collector","floor":33.0,"turns":7.0},{"damage":0.0,"enemies":"Orb Walker","floor":35.0,"turns":2.0},{"damage":15.0,"enemies":"3 Shapes","floor":38.0,"turns":2.0},{"damage":0.0,"enemies":"Spire Growth","floor":39.0,"turns":2.0},{"damage":51.0,"enemies":"Writhing Mass","floor":44.0,"turns":5.0},{"damage":0.0,"enemies":"Reptomancer","floor":46.0,"turns":2.0},{"damage":21.0,"enemies":"Maw","floor":47.0,"turns":3.0},{"damage":14.0,"enemies":"Transient","floor":48.0,"turns":5.0},{"damage":64,"enemies":"Awakened One","floor":50,"turns":7}],"seed_played":"-7953354697276005219","potions_obtained":[{"floor":1.0,"key":"Ancient Potion"},{"floor":11.0,"key":"DuplicationPotion"},{"floor":12.0,"key":"ElixirPotion"},{"floor":16.0,"key":"DistilledChaos"},{"floor":24.0,"key":"EssenceOfSteel"},{"floor":28.0,"key":"FairyPotion"}],"is_trial":false,"path_per_floor":["M","$","M","?","?","R","M","T","T","R","E","M","R","?","R","B",null,"M","?","M","$","?","R","E","R","T","M","M","R","?","E","R","B",null,"M","?","$","M","M","R","?","R","T","M","R","E","M","M","R","B"],"character_chosen":"IRONCLAD","items_purchased":["Evolve"],"campfire_rested":0,"item_purchase_floors":[21],"current_hp_per_floor":[63,63,59,52,68,68,68,68,68,68,29,27,27,16,16,9,56,60,60,60,74,74,74,61,61,61,67,73,73,73,72,72,69,73,74,74,74,73,77,77,77,77,77,35,35,44,32,27,27,0,0],"gold":324,"neow_bonus":"THREE_RARE_CARDS","is_daily":false,"chose_seed":false,"campfire_upgraded":12,"win_rate":0.0,"timestamp":1608332151,"path_taken":["M","$","?","?","?","R","M","?","T","R","E","M","R","?","R","BOSS","M","?","M","$","?","R","E","R","T","?","M","R","?","E","R","BOSS","M","?","$","M","M","R","?","R","T","M","R","E","M","M","R","BOSS"],"items_purchased_type":["Card"],"build_version":"2020-12-13","purchased_purges":3,"victory":false,"max_hp_per_floor":[68,68,68,68,68,68,68,68,68,68,68,71,71,71,71,71,71,74,74,74,74,74,74,74,74,74,74,74,74,74,74,74,74,74,74,74,74,77,77,77,77,77,77,77,77,77,77,77,77,77,77],"relic_stats":{"counters":[21,79],"Dead Branch":[197],"Snecko Eye":[98,84,89,102],"Magic Flower":[35],"MealTicket":14,"Pandora\u0027s Box":["Limit Break","Rupture","Offering","Exhume","Dual Wield"],"Kunai":[21],"Boot":[20],"Question Card":4,"obtain_stats":[{"Dead Branch":11,"Snecko Eye":17,"Magic Flower":31,"MealTicket":8,"Pandora\u0027s Box":34,"Kunai":19,"Frozen Egg 2":46,"Boot":26,"Question Card":43,"Burning Blood":0,"White Beast Statue":9,"FossilizedHelix":24},{"Dead Branch":4,"Snecko Eye":6,"Magic Flower":12,"MealTicket":3,"Pandora\u0027s Box":13,"Kunai":7,"Frozen Egg 2":18,"Boot":9,"Question Card":16,"Burning Blood":0,"White Beast Statue":3,"FossilizedHelix":9},{"Dead Branch":17,"Snecko Eye":28,"Magic Flower":44,"MealTicket":11,"Pandora\u0027s Box":51,"Kunai":32,"Frozen Egg 2":64,"Boot":37,"Question Card":57,"Burning Blood":0,"White Beast Statue":11,"FossilizedHelix":37}],"Burning Blood":126},"card_choices":[{"not_picked":["Corruption","Impervious"],"picked":"Reaper","floor":0.0},{"not_picked":["Disarm","Feel No Pain"],"picked":"Searing Blow","floor":1.0},{"not_picked":["Sever Soul","Disarm","Whirlwind"],"picked":"SKIP","floor":3.0},{"not_picked":["Headbutt","Body Slam","True Grit"],"picked":"SKIP","floor":7.0},{"not_picked":["Body Slam","True Grit"],"picked":"Headbutt","floor":7.0},{"not_picked":["Pommel Strike","Clash"],"picked":"Feed","floor":11.0},{"not_picked":["Pommel Strike","Spot Weakness","Iron Wave"],"picked":"SKIP","floor":12.0},{"not_picked":["Barricade","Feed"],"picked":"Fiend Fire","floor":16.0},{"not_picked":["True Grit","Metallicize+1"],"picked":"Ghostly Armor","floor":18.0},{"not_picked":["Headbutt+1","Uppercut","Combust"],"picked":"SKIP","floor":20.0},{"not_picked":["Rupture","Sword Boomerang","Iron Wave"],"picked":"SKIP","floor":24.0},{"not_picked":["Flame Barrier","Thunderclap"],"picked":"Shrug It Off","floor":27.0},{"not_picked":["Warcry","Flex","Iron Wave"],"picked":"SKIP","floor":28.0},{"not_picked":["Rupture","Havoc","Demon Form"],"picked":"SKIP","floor":31.0},{"not_picked":["Fiend Fire","Reaper"],"picked":"Offering","floor":33.0},{"not_picked":["Wild Strike+1","Cleave","Warcry"],"picked":"SKIP","floor":35.0},{"not_picked":["Heavy Blade","Carnage","Uppercut"],"picked":"SKIP","floor":38.0},{"not_picked":["Fire Breathing","Cleave"],"picked":"Armaments+1","floor":39.0},{"not_picked":["Burning Pact","Bloodletting","Clothesline","Shrug It Off"],"picked":"SKIP","floor":44.0},{"not_picked":["Clothesline","Disarm","Shrug It Off","Flex"],"picked":"SKIP","floor":46.0},{"not_picked":["Feed","Perfected Strike+1","Clothesline"],"picked":"Sentinel","floor":47.0},{"not_picked":["Rage","Heavy Blade","Sword Boomerang"],"picked":"Shockwave+1","floor":48.0}],"player_experience":504003,"relics_obtained":[{"floor":8.0,"key":"MealTicket"},{"floor":9.0,"key":"White Beast Statue"},{"floor":11.0,"key":"Dead Branch"},{"floor":24.0,"key":"FossilizedHelix"},{"floor":26.0,"key":"Boot"},{"floor":31.0,"key":"Magic Flower"},{"floor":43.0,"key":"Question Card"},{"floor":46.0,"key":"Frozen Egg 2"}],"event_choices":[{"cards_removed":["Strike_R"],"damage_healed":0.0,"max_hp_gain":0.0,"max_hp_loss":0.0,"gold_gain":0.0,"event_name":"Golden Wing","player_choice":"Card Removal","floor":4.0,"gold_loss":0.0,"damage_taken":7.0},{"damage_healed":17.0,"max_hp_gain":0.0,"max_hp_loss":0.0,"gold_gain":0.0,"event_name":"The Cleric","player_choice":"Healed","floor":5.0,"gold_loss":35.0,"damage_taken":0.0},{"damage_healed":0.0,"max_hp_gain":0.0,"max_hp_loss":0.0,"gold_gain":75.0,"event_name":"World of Goop","player_choice":"Gather Gold","floor":14.0,"gold_loss":0.0,"damage_taken":11.0},{"damage_healed":0.0,"max_hp_gain":0.0,"max_hp_loss":0.0,"gold_gain":0.0,"event_name":"Addict","player_choice":"Obtained Relic","floor":19.0,"gold_loss":85.0,"damage_taken":0.0,"relics_obtained":["Kunai"]},{"damage_healed":0.0,"max_hp_gain":0.0,"max_hp_loss":0.0,"gold_gain":0.0,"cards_transformed":["Strike_R"],"event_name":"Transmorgrifier","player_choice":"Transformed","floor":22.0,"gold_loss":0.0,"damage_taken":0.0,"cards_obtained":["Limit Break"]},{"damage_healed":0.0,"max_hp_gain":0.0,"max_hp_loss":0.0,"gold_gain":0.0,"event_name":"The Mausoleum","player_choice":"Ignored","floor":30.0,"gold_loss":0.0,"damage_taken":0.0},{"cards_removed":["Dual Wield"],"damage_healed":0.0,"max_hp_gain":0.0,"max_hp_loss":0.0,"gold_gain":0.0,"event_name":"Falling","player_choice":"Removed Skill","floor":36.0,"gold_loss":0.0,"damage_taken":0.0},{"damage_healed":0.0,"max_hp_gain":0.0,"max_hp_loss":0.0,"gold_gain":0.0,"event_name":"Tomb of Lord Red Mask","player_choice":"Ignored","floor":41.0,"gold_loss":0.0,"damage_taken":0.0}],"is_beta":false,"boss_relics":[{"not_picked":["Astrolabe","Cursed Key"],"picked":"Snecko Eye"},{"not_picked":["Fusion Hammer","SacredBark"],"picked":"Pandora\u0027s Box"}],"items_purged_floors":[2,21,37],"is_endless":false,"potions_floor_spawned":[1,11,12,16,18,20,24,27,28,31,33,35,38,39,44,46,47,48],"killed_by":"Awakened One","ascension_level":20}}