{"host":"cwd5s03r1oaxs6mx","time":1608305186,"event":{"mods":["Act Like it!","BaseMod","Better Third Choice","BetterRewards","CapriCore","Card Filter","Colored Map","Custom Start","DeckTracker","Friendly Minions","Hubris","Infinite Spire","Minty Spire (QoL Compilation)","Quick Restart","Relic Stats","Shop Mod","Spicy Shops","StSLib","SuperFastMode","The Gatherer"],"gold_per_floor":[109,120,120,133,15,27,27,58,58,72,92,105,140,160,160,259,259,269,285,360,360,360,360],"floor_reached":22,"playtime":1019,"items_purged":["Strike_P","LessonLearned","Omniscience+1"],"score":260,"play_id":"bdeacfe4-f835-4c48-a5d4-bfc6582284bb","local_time":"20201219002626","is_ascension_mode":true,"campfire_choices":[{"data":"Establishment","floor":7.0,"key":"SMITH"},{"data":"Eruption","floor":15,"key":"SMITH"}],"circlet_count":0,"master_deck":["Strike_P","Strike_P+1","Strike_P+1","Defend_P+1","Defend_P+1","Defend_P","Defend_P+1","Eruption+1","Vigilance+1","Establishment+1","FearNoEvil","DeceiveReality","Scrawl","Fasting2","FlyingSleeves","Evaluate","Tantrum+1","CarveReality","Devotion","SandsOfTime","TalkToTheHand"],"relics":["PureWater","Membership Card","Torii","Meat on the Bone","infinitespire:Joker Card","infinitespire:Eraser","VioletLotus"],"acts_visited":["Exordium","TheCity"],"potions_floor_usage":[16],"damage_taken":[{"damage":3.0,"enemies":"Cultist","floor":1.0,"turns":5.0},{"damage":7.0,"enemies":"Jaw Worm","floor":2.0,"turns":4.0},{"damage":0.0,"enemies":"Small Slimes","floor":4.0,"turns":6.0},{"damage":11.0,"enemies":"Exordium Wildlife","floor":6.0,"turns":5.0},{"damage":15.0,"enemies":"Gremlin Nob","floor":8.0,"turns":4.0},{"damage":10.0,"enemies":"Exordium Thugs","floor":10.0,"turns":4.0},{"damage":10,"enemies":"Gremlin Gang","floor":11,"turns":10},{"damage":1,"enemies":"2 Fungi Beasts","floor":12,"turns":7},{"damage":1,"enemies":"Lagavulin","floor":13,"turns":11},{"damage":1,"enemies":"Looter","floor":14,"turns":3},{"damage":37,"enemies":"Slime Boss","floor":16,"turns":6},{"damage":14,"enemies":"Shell Parasite","floor":18,"turns":4},{"damage":24,"enemies":"3 Byrds","floor":19,"turns":6},{"damage":17,"enemies":"Centurion and Healer","floor":22,"turns":2}],"seed_played":"-4503799146630133967","potions_obtained":[{"floor":4.0,"key":"DistilledChaos"},{"floor":10,"key":"Explosive Potion"},{"floor":11,"key":"Block Potion"}],"is_trial":false,"path_per_floor":["M","M","?","M","$","M","R","E","T","M","M","M","E","M","R","B",null,"M","M","?","$","M"],"character_chosen":"WATCHER","items_purchased":["Establishment","FearNoEvil","Membership Card","LessonLearned","Scrawl","Fasting2"],"campfire_rested":0,"item_purchase_floors":[0,0,0,0,5,5],"current_hp_per_floor":[62,55,10,22,22,23,23,20,20,22,24,35,46,45,45,20,59,45,33,26,14,0,0],"gold":360,"neow_bonus":"","is_daily":false,"chose_seed":false,"campfire_upgraded":2,"win_rate":0.0,"timestamp":1608305186,"path_taken":["M","M","?","M","?","M","R","E","T","M","M","M","E","M","R","BOSS","M","M","?","?","M"],"items_purchased_type":["Card","Card","Relic","Card","Card","Card"],"build_version":"2020-12-13","purchased_purges":3,"victory":false,"max_hp_per_floor":[72,72,72,72,72,72,72,72,72,72,72,72,72,72,72,72,72,72,72,72,72,72,72],"relic_stats":{"Torii":19,"counters":[296,1228],"VioletLotus":[3],"obtain_stats":[{"infinitespire:BottledMercury":40,"Ginger":43,"Bottled Tornado":23,"hubris:MysteriousPyramids":17,"Blood Vial":7,"infinitespire:ShieldingShard":0,"Sundial":13,"hubris:AstralHammer":44,"infinitespire:Golems Mask":6,"MealTicket":29,"Fusion Hammer":34,"HandDrill":53,"Kunai":9,"MerchantsRug":14,"Pen Nib":26,"Akabeko":24,"infinitespire:Lychee Nut":10,"MutagenicStrength":31,"Bird Faced Urn":10,"Snecko Eye":0,"hubris:TenFootPole":40,"StrikeDummy":25,"infinitespire:PuzzleCube":9,"infinitespire:Cupcake":17,"hubris:Reverence":14,"Lantern":26,"Regal Pillow":48,"Singing Bowl":8,"Torii":53,"Bag of Preparation":23,"hubris:EmptyBottle":53,"Smiling Mask":6,"Ancient Tea Set":39,"Matryoshka":11,"hubris:Backtick":17,"hubris:ScarierMask":17,"hubris:CuriousFeather":11,"Chemical X":19,"infinitespire:Eraser":44,"InkBottle":14,"hubris:GlazedTorus":37,"Potion Belt":7,"Lee\u0027s Waffle":13,"NeowsBlessing":0,"Golden Idol":3,"hubris:64BitClover":9,"Damaru":0,"Thread and Needle":12,"The Courier":43,"infinitespire:Joker Card":26,"Omamori":48,"infinitespire:Lucky Rock":9,"hubris:Towel":19,"Frozen Egg 2":0,"MawBank":6,"GoldenEye":0,"Ornamental Fan":8,"Turnip":45,"Art of War":9,"Bottled Lightning":54,"Toy Ornithopter":53,"hubris:BottledRain":8,"Calipers":37,"hubris:CrystalStatue":6,"Gremlin Horn":54,"CeramicFish":9,"hubris:VirtuousBlindfold":17,"hubris:TerracottaHorce":17,"Sozu":17,"Centennial Puzzle":6,"HornCleat":7,"DollysMirror":53,"Strawberry":53,"VioletLotus":17,"Toxic Egg 2":5,"hubris:Teleporter":31,"hubris:DuctTape":9,"Happy Flower":48,"Oddly Smooth Stone":53,"infinitespire:Beetle Shell":7,"Letter Opener":46,"War Paint":6,"Question Card":47,"Shuriken":8,"hubris:PeanutButter":9,"Molten Egg 2":0,"Black Star":17,"Meat on the Bone":23,"Yang":54,"Mango":17,"Incense Burner":10,"hubris:SlimyHat":0,"TeardropLocket":20,"Empty Cage":34,"hubris:Icosahedron":12,"Mummified Hand":54,"Gambling Chip":0,"Pantograph":6,"Tiny Chest":10,"Red Mask":21,"Runic Pyramid":34,"infinitespire:FocusingShard":30,"Orichalcum":17,"Odd Mushroom":14,"Medical Kit":0,"Mercury Hourglass":38,"Calling Bell":17,"Cauldron":53,"Anchor":46,"CaptainsWheel":6,"infinitespire:WardingShard":9,"infinitespire:Satchel":12,"Bag of Marbles":41,"Membership Card":0,"PureWater":0,"hubris:Potato":0},{"infinitespire:BottledMercury":262,"Ginger":149,"Bottled Tornado":82,"hubris:MysteriousPyramids":210,"Blood Vial":22,"infinitespire:ShieldingShard":67,"Sundial":26,"hubris:AstralHammer":264,"infinitespire:Golems Mask":38,"MealTicket":141,"Fusion Hammer":260,"HandDrill":125,"Kunai":232,"MerchantsRug":166,"Pen Nib":32,"Akabeko":170,"infinitespire:Lychee Nut":74,"MutagenicStrength":114,"Bird Faced Urn":134,"Snecko Eye":159,"hubris:TenFootPole":119,"StrikeDummy":112,"infinitespire:PuzzleCube":237,"infinitespire:Cupcake":136,"hubris:Reverence":208,"Lantern":83,"Regal Pillow":124,"Singing Bowl":178,"Torii":226,"Bag of Preparation":187,"hubris:EmptyBottle":153,"Smiling Mask":64,"Ancient Tea Set":118,"Matryoshka":56,"hubris:Backtick":210,"hubris:ScarierMask":107,"hubris:CuriousFeather":16,"Chemical X":168,"infinitespire:Eraser":150,"InkBottle":181,"hubris:GlazedTorus":118,"Potion Belt":4,"Lee\u0027s Waffle":75,"NeowsBlessing":0,"Golden Idol":13,"hubris:64BitClover":133,"Damaru":270,"Thread and Needle":275,"The Courier":222,"infinitespire:Joker Card":255,"Omamori":152,"infinitespire:Lucky Rock":39,"hubris:Towel":28,"Frozen Egg 2":155,"MawBank":54,"GoldenEye":155,"Ornamental Fan":133,"Turnip":95,"Art of War":104,"Bottled Lightning":98,"Toy Ornithopter":153,"hubris:BottledRain":47,"Calipers":89,"hubris:CrystalStatue":177,"Gremlin Horn":126,"CeramicFish":192,"hubris:VirtuousBlindfold":8,"hubris:TerracottaHorce":27,"Sozu":278,"Centennial Puzzle":231,"HornCleat":246,"DollysMirror":268,"Strawberry":226,"VioletLotus":77,"Toxic Egg 2":3,"hubris:Teleporter":217,"hubris:DuctTape":73,"Happy Flower":267,"Oddly Smooth Stone":97,"infinitespire:Beetle Shell":104,"Letter Opener":224,"War Paint":73,"Question Card":96,"Shuriken":206,"hubris:PeanutButter":163,"Molten Egg 2":188,"Black Star":197,"Meat on the Bone":31,"Yang":154,"Mango":167,"Incense Burner":5,"hubris:SlimyHat":17,"TeardropLocket":279,"Empty Cage":115,"hubris:Icosahedron":105,"Mummified Hand":227,"Gambling Chip":67,"Pantograph":132,"Tiny Chest":247,"Red Mask":186,"Runic Pyramid":86,"infinitespire:FocusingShard":142,"Orichalcum":167,"Odd Mushroom":196,"Medical Kit":127,"Mercury Hourglass":221,"Calling Bell":167,"Cauldron":125,"Anchor":122,"CaptainsWheel":163,"infinitespire:WardingShard":4,"infinitespire:Satchel":166,"Bag of Marbles":148,"Membership Card":17,"PureWater":0,"hubris:Potato":155},{"infinitespire:BottledMercury":1064,"Ginger":584,"Bottled Tornado":312,"hubris:MysteriousPyramids":831,"Blood Vial":96,"infinitespire:ShieldingShard":267,"Sundial":106,"hubris:AstralHammer":1072,"infinitespire:Golems Mask":150,"MealTicket":558,"Fusion Hammer":1055,"HandDrill":500,"Kunai":932,"MerchantsRug":652,"Pen Nib":126,"Akabeko":677,"infinitespire:Lychee Nut":288,"MutagenicStrength":440,"Bird Faced Urn":531,"Snecko Eye":628,"hubris:TenFootPole":472,"StrikeDummy":434,"infinitespire:PuzzleCube":951,"infinitespire:Cupcake":541,"hubris:Reverence":816,"Lantern":316,"Regal Pillow":493,"Singing Bowl":707,"Torii":899,"Bag of Preparation":750,"hubris:EmptyBottle":603,"Smiling Mask":257,"Ancient Tea Set":468,"Matryoshka":218,"hubris:Backtick":831,"hubris:ScarierMask":412,"hubris:CuriousFeather":82,"Chemical X":665,"infinitespire:Eraser":587,"InkBottle":719,"hubris:GlazedTorus":468,"Potion Belt":10,"Lee\u0027s Waffle":290,"NeowsBlessing":0,"Golden Idol":61,"hubris:64BitClover":529,"Damaru":1106,"Thread and Needle":1120,"The Courier":877,"infinitespire:Joker Card":1033,"Omamori":596,"infinitespire:Lucky Rock":153,"hubris:Towel":112,"Frozen Egg 2":615,"MawBank":209,"GoldenEye":615,"Ornamental Fan":529,"Turnip":369,"Art of War":396,"Bottled Lightning":377,"Toy Ornithopter":603,"hubris:BottledRain":181,"Calipers":339,"hubris:CrystalStatue":701,"Gremlin Horn":503,"CeramicFish":761,"hubris:VirtuousBlindfold":33,"hubris:TerracottaHorce":111,"Sozu":1134,"Centennial Puzzle":929,"HornCleat":997,"DollysMirror":1095,"Strawberry":899,"VioletLotus":298,"Toxic Egg 2":4,"hubris:Teleporter":854,"hubris:DuctTape":283,"Happy Flower":1085,"Oddly Smooth Stone":376,"infinitespire:Beetle Shell":396,"Letter Opener":883,"War Paint":283,"Question Card":372,"Shuriken":811,"hubris:PeanutButter":642,"Molten Egg 2":751,"Black Star":782,"Meat on the Bone":122,"Yang":607,"Mango":660,"Incense Burner":20,"hubris:SlimyHat":83,"TeardropLocket":1139,"Empty Cage":447,"hubris:Icosahedron":400,"Mummified Hand":906,"Gambling Chip":267,"Pantograph":525,"Tiny Chest":1000,"Red Mask":746,"Runic Pyramid":328,"infinitespire:FocusingShard":563,"Orichalcum":660,"Odd Mushroom":773,"Medical Kit":512,"Mercury Hourglass":870,"Calling Bell":660,"Cauldron":500,"Anchor":485,"CaptainsWheel":642,"infinitespire:WardingShard":10,"infinitespire:Satchel":652,"Bag of Marbles":581,"Membership Card":83,"PureWater":0,"hubris:Potato":615}],"Meat on the Bone":108},"card_choices":[{"not_picked":["JustLucky","ThirdEye"],"picked":"DeceiveReality","floor":1.0},{"not_picked":["Evaluate","BowlingBash","Fasting2"],"picked":"SKIP","floor":2.0},{"not_picked":["Tantrum","EmptyFist","Study"],"picked":"SKIP","floor":4.0},{"not_picked":["FlyingSleeves","Consecrate","CrushJoints"],"picked":"SKIP","floor":6.0},{"not_picked":["Consecrate","CrushJoints"],"picked":"FlyingSleeves","floor":6.0},{"not_picked":["Crescendo","PathToVictory","LikeWater"],"picked":"SKIP","floor":8.0},{"not_picked":["EmptyFist","EmptyBody"],"picked":"Omniscience","floor":10},{"not_picked":["PathToVictory","WreathOfFlame"],"picked":"Evaluate","floor":11},{"not_picked":["Prostrate","Wallop","Study"],"picked":"SKIP","floor":12},{"not_picked":["CrushJoints","Indignation"],"picked":"Tantrum","floor":13},{"not_picked":["FlurryOfBlows","Consecrate"],"picked":"CarveReality","floor":14},{"not_picked":["Judgement","SpiritShield"],"picked":"Devotion","floor":16},{"not_picked":["EmptyFist","Crescendo"],"picked":"SandsOfTime","floor":18},{"not_picked":["JustLucky+1","Conclude+1"],"picked":"TalkToTheHand","floor":19}],"player_experience":941833,"relics_obtained":[{"floor":8.0,"key":"infinitespire:Joker Card"},{"floor":13,"key":"infinitespire:Eraser"}],"event_choices":[{"damage_healed":0.0,"max_hp_gain":0.0,"max_hp_loss":0.0,"gold_gain":1.0,"event_name":"betterThird:BetterScrap","player_choice":"Relic Relic ","floor":3.0,"gold_loss":0.0,"damage_taken":45.0,"cards_obtained":["Double Energy"]},{"damage_healed":0,"gold_gain":75,"player_choice":"Touch","damage_taken":7,"max_hp_gain":0,"max_hp_loss":0,"event_name":"FaceTrader","floor":20,"gold_loss":0}],"is_beta":false,"boss_relics":[{"not_picked":["Philosopher\u0027s Stone","Busted Crown"],"picked":"VioletLotus"}],"items_purged_floors":[0,21,21],"is_endless":false,"potions_floor_spawned":[4,10,11],"killed_by":"Centurion and Healer","ascension_level":6}}