{"host":"bpszg8uald72z2zd","time":1608304382,"event":{"mods":["AchievementEnabler","BaseMod","Colored Map","DeckTracker","Keyboard Shortcuts","Minty Spire (QoL Compilation)","Relic Stats","SuperFastMode"],"gold_per_floor":[116,116,66,66,86,117,42,42,42],"floor_reached":8,"playtime":127,"items_purged":["Defend_G"],"score":86,"play_id":"83c3a631-2c8d-42a4-aa80-c6580255b5fa","local_time":"20201219001302","is_ascension_mode":true,"campfire_choices":[],"circlet_count":0,"master_deck":["AscendersBane","Strike_G","Strike_G","Strike_G","Defend_G","Defend_G","Defend_G","Defend_G","Survivor","Neutralize","Deadly Poison","Deadly Poison"],"relics":["Ring of the Snake","Bag of Marbles"],"acts_visited":["Exordium"],"potions_floor_usage":[6,8],"damage_taken":[{"damage":2.0,"enemies":"Jaw Worm","floor":1.0,"turns":4.0},{"damage":8,"enemies":"2 Louse","floor":5,"turns":3},{"damage":50,"enemies":"Gremlin Nob","floor":6,"turns":5},{"damage":19,"enemies":"Lagavulin","floor":8,"turns":5}],"seed_played":"4400481150282613896","potions_obtained":[{"floor":5,"key":"Regen Potion"},{"floor":6,"key":"SpeedPotion"}],"is_trial":false,"path_per_floor":["M","?","?","?","M","E","$","E"],"character_chosen":"THE_SILENT","items_purchased":[],"campfire_rested":0,"item_purchase_floors":[],"current_hp_per_floor":[61,54,54,59,51,16,16,0,0],"gold":42,"neow_bonus":"THREE_CARDS","is_daily":false,"chose_seed":false,"campfire_upgraded":0,"win_rate":0.0,"timestamp":1608304382,"path_taken":["M","?","?","?","M","E","?","E"],"items_purchased_type":[],"build_version":"2020-12-13","purchased_purges":1,"victory":false,"max_hp_per_floor":[70,70,70,75,75,75,75,75,75],"relic_stats":{"counters":[4,17],"obtain_stats":[{"Bag of Marbles":6,"Ring of the Snake":0},{"Bag of Marbles":3,"Ring of the Snake":0},{"Bag of Marbles":12,"Ring of the Snake":0}],"Ring of the Snake":[8]},"card_choices":[{"not_picked":["Dodge and Roll","Heel Hook"],"picked":"Deadly Poison","floor":0.0},{"not_picked":["Dodge and Roll","Well Laid Plans"],"picked":"Deadly Poison","floor":1.0},{"not_picked":["Endless Agony","Cloak And Dagger","Deadly Poison"],"picked":"SKIP","floor":5},{"not_picked":["Bane","Infinite Blades","Cloak And Dagger"],"picked":"SKIP","floor":6}],"player_experience":434932,"relics_obtained":[{"floor":6,"key":"Bag of Marbles"}],"event_choices":[{"cards_removed":["Strike_G"],"damage_healed":0.0,"max_hp_gain":0.0,"max_hp_loss":0.0,"gold_gain":0.0,"event_name":"Golden Wing","player_choice":"Card Removal","floor":2.0,"gold_loss":0.0,"damage_taken":7.0},{"cards_removed":["Strike_G"],"damage_healed":0.0,"max_hp_gain":0.0,"max_hp_loss":0.0,"gold_gain":0.0,"event_name":"The Cleric","player_choice":"Card Removal","floor":3.0,"gold_loss":50.0,"damage_taken":0.0},{"damage_healed":0,"gold_gain":0,"player_choice":"Donut","damage_taken":0,"max_hp_gain":5,"max_hp_loss":0,"event_name":"Big Fish","floor":4,"gold_loss":0}],"is_beta":false,"boss_relics":[],"items_purged_floors":[7],"is_endless":false,"potions_floor_spawned":[5,6],"killed_by":"Lagavulin","ascension_level":12}}