{"host":"o1wkfo8ppvrprpet","time":1608307679,"event":{"mods":["Aspiration","Astrologer","BaseMod","CapriCore","Colored Powertips","Koishi","Minty Spire (QoL Compilation)","Replay The Spire","RumiaBox-露米娅的神秘盒子","Spicy Shops","StSLib","The Administrix","The Gatherer","The Immortal","Waifu the Spire","【东方二次创作】八云紫mod"],"gold_per_floor":[118,118,118,130,130,130,130,40,67,102,122,122,122,72,72,167,167,185,284,284,298,10,10,24,24,24],"floor_reached":25,"playtime":730,"items_purged":["astrologer:Strike"],"score":217,"play_id":"e7a737e0-7153-4589-a543-241ad09f5c30","local_time":"20201219000759","is_ascension_mode":true,"campfire_choices":[{"data":"astrologer:ShiningStar","floor":6,"key":"SMITH"},{"data":"astrologer:Nova","floor":13,"key":"SMITH"},{"data":"astrologer:NorthStar","floor":15,"key":"SMITH"},{"floor":23,"key":"REST"}],"circlet_count":0,"master_deck":["astrologer:Defend","astrologer:Defend","astrologer:Defend","astrologer:Defend","astrologer:NorthStar+1","astrologer:TheFool","astrologer:ShiningStar+1","astrologer:MeteorShower","astrologer:Confirmation","astrologer:Confirmation","astrologer:Nova+1","astrologer:FrozenStar","astrologer:Fate","astrologer:SolarFlare","astrologer:Conjunction+1","astrologer:Prismatic","astrologer:Prismatic","Sadistic Nature","astrologer:NeutronStar"],"relics":["Empty Cage","Toy Ornithopter","Akabeko","PreservedInsect","Blue Doll","CultistMask"],"acts_visited":["Exordium","TheCity"],"potions_floor_usage":[16],"damage_taken":[{"damage":0,"enemies":"Small Slimes","floor":1,"turns":5},{"damage":9,"enemies":"Cultist","floor":4,"turns":5},{"damage":24,"enemies":"Replay:BlueRogue","floor":10,"turns":5},{"damage":0,"enemies":"2 Louse","floor":11,"turns":3},{"damage":25,"enemies":"Slime Boss","floor":16,"turns":6},{"damage":44,"enemies":"Spheric Guardian","floor":18,"turns":6},{"damage":19,"enemies":"3 Byrds","floor":21,"turns":4},{"damage":24,"enemies":"Sentry and Sphere","floor":24,"turns":5},{"damage":24,"enemies":"Snecko","floor":25,"turns":3}],"seed_played":"7257901445203754767","potions_obtained":[{"floor":1,"key":"Block Potion"},{"floor":10,"key":"BlessingOfTheForge"}],"is_trial":false,"path_per_floor":["M","?","?","M","?","R","?","$","T","E","M","?","R","?","R","B",null,"M","?","?","M","$","R","M","M"],"character_chosen":"ASTROLOGER","items_purchased":["astrologer:Confirmation","astrologer:Prismatic","Sadistic Nature"],"campfire_rested":1,"item_purchase_floors":[8,22,22],"current_hp_per_floor":[70,70,70,61,66,66,66,66,66,42,42,24,24,24,24,4,75,31,31,31,12,12,34,10,0,0],"gold":24,"neow_bonus":"BOSS_RELIC","is_daily":false,"chose_seed":false,"campfire_upgraded":3,"win_rate":0.0,"timestamp":1608307679,"path_taken":["M","?","?","?","?","R","?","$","T","E","?","?","R","?","R","BOSS","M","?","?","?","?","R","?","M"],"items_purchased_type":["Card","Card","Card"],"build_version":"2020-12-13","purchased_purges":1,"victory":false,"max_hp_per_floor":[70,70,70,70,75,75,75,75,75,75,75,75,75,75,75,75,75,75,75,75,75,75,75,75,75,75],"card_choices":[{"not_picked":["astrologer:FadingStar","astrologer:Divination"],"picked":"astrologer:ShiningStar","floor":1},{"not_picked":["astrologer:CometStrike","astrologer:FrozenStar"],"picked":"astrologer:MeteorShower","floor":4},{"not_picked":["astrologer:Opposition","astrologer:ShiningStar"],"picked":"astrologer:Nova","floor":10},{"not_picked":["astrologer:TheHermit","astrologer:TheTower"],"picked":"astrologer:FrozenStar","floor":11},{"not_picked":["astrologer:TheChariot","astrologer:Premonition"],"picked":"astrologer:Fate","floor":16},{"not_picked":["astrologer:Divination","astrologer:Judgement"],"picked":"astrologer:SolarFlare","floor":18},{"not_picked":["astrologer:FrozenStar+1","astrologer:Quincunx"],"picked":"astrologer:Conjunction+1","floor":21},{"not_picked":["astrologer:FrozenStar+1","astrologer:Stardust"],"picked":"astrologer:NeutronStar","floor":24}],"player_experience":606170,"relics_obtained":[{"floor":9,"key":"Akabeko"},{"floor":10,"key":"PreservedInsect"}],"event_choices":[{"damage_healed":0,"gold_gain":0,"player_choice":"Bought 0 Potions","damage_taken":0,"max_hp_gain":0,"max_hp_loss":0,"event_name":"The Woman in Blue","floor":3,"gold_loss":0},{"damage_healed":0,"gold_gain":0,"player_choice":"Donut","damage_taken":0,"max_hp_gain":5,"max_hp_loss":0,"event_name":"Big Fish","floor":5,"gold_loss":0},{"damage_healed":0,"gold_gain":0,"player_choice":"Gave Potion","damage_taken":0,"relics_obtained":["Toy Ornithopter"],"max_hp_gain":0,"max_hp_loss":0,"event_name":"WeMeetAgain","floor":7,"gold_loss":0},{"damage_healed":0,"gold_gain":0,"player_choice":"Success","damage_taken":18,"relics_obtained":["Blue Doll"],"max_hp_gain":0,"max_hp_loss":0,"event_name":"Scrap Ooze","floor":12,"gold_loss":0},{"cards_removed":["astrologer:Strike"],"damage_healed":0,"gold_gain":0,"player_choice":"Card Removal","damage_taken":0,"max_hp_gain":0,"max_hp_loss":0,"event_name":"The Cleric","floor":14,"gold_loss":50},{"damage_healed":0,"gold_gain":99,"player_choice":"Stole From Cult","damage_taken":0,"max_hp_gain":0,"max_hp_loss":0,"event_name":"Nest","floor":19,"gold_loss":0},{"damage_healed":0,"gold_gain":0,"player_choice":"Trade","damage_taken":0,"relics_obtained":["CultistMask"],"max_hp_gain":0,"max_hp_loss":0,"event_name":"FaceTrader","floor":20,"gold_loss":0}],"is_beta":false,"boss_relics":[{"not_picked":["Runic Pyramid","aspiration:RunicSpoon","aspiration:SilentSkillbook"]}],"items_purged_floors":[22],"is_endless":false,"potions_floor_spawned":[1,10],"killed_by":"Snecko","ascension_level":2}}