{"host":"5u4m3sklrpw6xc20","time":1608257601,"event":{"mods":["2.2 Compatiblity","BaseMod","Better Third Choice","CapriCore","Colored Map","Downfall","Hubris","Infinite Spire","Minty Spire (QoL Compilation)","Permanent Neow","Replay The Spire","Spicy Shops","StSLib","SuperFastMode"],"gold_per_floor":[1000000098,1000000098,999998862,999998862,999998862,999998862,999998862,999998862,999998862,999998862,999998862,999998862,999998862,999998112,999998112,999998112,999998112,999998097,999998097,999998097,999998097,999998097,999998097,999998097,999998097,999998097,999998097,999998097,999998097,999998097,999998097,999998097,999998097,999998097,999998097,999998097,999998097,999997877,999997877,999997877,999997877,999997877,999997877,999997877,999997877,999997877,999997877,999997877,999997877,999997877,999997877,999997877,999997483,999997483,999997483],"floor_reached":56,"playtime":1633,"items_purged":["Strike_G+1","Strike_G+1","Defend_G+1","Defend_G+1","Defend_G+1","Defend_G+1"],"score":1919,"play_id":"a74687dc-12f6-4438-86a2-173f4fb51ee4","local_time":"20201217201321","is_ascension_mode":false,"campfire_choices":[{"floor":7,"key":"RECALL"},{"data":"1","floor":15,"key":"LIFT"},{"data":"2","floor":23,"key":"LIFT"},{"data":"3","floor":30,"key":"LIFT"},{"floor":32,"key":"DIG"},{"floor":41,"key":"DIG"},{"floor":49,"key":"DIG"},{"floor":52,"key":"DIG"}],"circlet_count":0,"master_deck":["Survivor+1","Neutralize+1","Panacea+1","Blade Dance+1","Blade Dance+1","After Image+1","hubris:SlightOfHand+1","After Image+1","Accuracy+1","Envenom+1","Panache+1"],"relics":["Ring of the Snake","hubris:FunFungus","Molten Egg 2","Toxic Egg 2","Frozen Egg 2","Quantum Egg","Sozu","Ectoplasm","Replay:Bandana","Shovel","Replay:Mystery Machine","Cauldron","OrangePellets","Orichalcum","The Courier","Girya","infinitespire:PuzzleCube","Oddly Smooth Stone","Medical Kit","Blue Doll","TwistedFunnel","hubris:MysteriousPyramids","Empty Cage","Painkiller Herb","hubris:BottledHeart","ReplayTheSpireMod:Ninjato","Replay:Multitool","hubris:VirtuousBlindfold","Ancient Tea Set","Centennial Puzzle","Basket Of Snakes","Mirror","hubris:Potato","hubris:TinFlute","White Beast Statue","Lee\u0027s Waffle","infinitespire:FocusingShard"],"acts_visited":["Exordium","TheCity","TheBeyond","TheEnding"],"potions_floor_usage":[],"damage_taken":[{"damage":0,"enemies":"2 Louse","floor":1,"turns":2},{"damage":0,"enemies":"Gremlin Nob","floor":6,"turns":3},{"damage":0,"enemies":"Small Slimes","floor":8,"turns":1},{"damage":10,"enemies":"Lagavulin","floor":10,"turns":6},{"damage":0,"enemies":"Jaw Worm","floor":11,"turns":1},{"damage":0,"enemies":"3 Louse","floor":12,"turns":2},{"damage":0,"enemies":"Hexaghost","floor":16,"turns":3},{"damage":0,"enemies":"2 Thieves","floor":18,"turns":2},{"damage":0,"enemies":"Spheric Guardian","floor":19,"turns":1},{"damage":0,"enemies":"Snecko","floor":22,"turns":2},{"damage":0,"enemies":"Snake Plant","floor":24,"turns":2},{"damage":0,"enemies":"Centurion and Healer","floor":27,"turns":1},{"damage":0,"enemies":"Snecko","floor":29,"turns":1},{"damage":0,"enemies":"Pondfish","floor":33,"turns":3},{"damage":0,"enemies":"Orb Walker","floor":35,"turns":1},{"damage":0,"enemies":"3 Shapes","floor":36,"turns":1},{"damage":0,"enemies":"Spire Growth","floor":37,"turns":1},{"damage":0,"enemies":"4 Shapes","floor":39,"turns":1},{"damage":0,"enemies":"Reptomancer","floor":40,"turns":1},{"damage":0,"enemies":"Transient","floor":42,"turns":2},{"damage":0,"enemies":"Jaw Worm Horde","floor":45,"turns":1},{"damage":0,"enemies":"R_Hoarder","floor":46,"turns":3},{"damage":0,"enemies":"4 Shapes","floor":47,"turns":1},{"damage":0,"enemies":"Mind Bloom Boss Battle","floor":48,"turns":2},{"damage":0,"enemies":"Awakened One","floor":50,"turns":3},{"damage":0,"enemies":"Shield and Spear","floor":54,"turns":2},{"damage":0,"enemies":"The Heart","floor":55,"turns":3}],"seed_played":"-6598442599860809235","potions_obtained":[],"is_trial":false,"path_per_floor":["M","?","$","?","?","E","R","M","T","E","M","M","?","$","R","B",null,"M","M","?","AVR","?","T","?","?","T","?","?","?","T","?","T","B",null,"?","?","?","T","?","E","T","?","T","?","?","E","?","?","T","B",null,"T","T","E","B",null],"character_chosen":"THE_SILENT","items_purchased":["Replay:Bandana","Shovel","Replay:Mystery Machine","Cauldron","OrangePellets","expansioncontent:DashGenerateEvil+1","Panacea+1","Oddly Smooth Stone","Medical Kit","Blue Doll","TwistedFunnel","hubris:MysteriousPyramids","Lee\u0027s Waffle","Panache+1"],"campfire_rested":0,"item_purchase_floors":[3,3,3,3,3,3,3,14,14,14,14,14,53,53],"current_hp_per_floor":[63,63,63,66,66,66,66,66,66,57,57,57,18,18,18,18,66,66,66,66,66,66,66,66,1,1,1,1,1,1,1,1,1,1,1,1,1,1,1,1,1,1,1,1,1,1,1,1,1,1,1,1,1,1,1],"gold":999997483,"neow_bonus":"ONE_RARE_RELIC","is_daily":false,"chose_seed":false,"campfire_upgraded":0,"win_rate":0.0,"timestamp":1608257601,"path_taken":["M","?","$","?","?","E","R","M","T","E","M","M","?","?","R","BOSS","M","M","?","AVR","?","T","?","?","T","?","?","?","T","?","T","BOSS","?","?","?","?","?","E","T","?","T","?","?","E","?","?","T","BOSS","T","T","E","BOSS"],"items_purchased_type":["Relic","Relic","Relic","Relic","Relic","Card","Card","Relic","Relic","Relic","Relic","Relic","Relic","Card"],"build_version":"2020-12-13","purchased_purges":6,"victory":true,"max_hp_per_floor":[63,63,63,66,66,66,66,66,66,66,66,66,66,66,66,66,66,66,66,66,66,66,66,66,1,1,1,1,1,1,1,1,1,1,1,1,1,1,1,1,1,1,1,1,1,1,1,1,1,1,1,1,1,1,1],"card_choices":[{"not_picked":["Bane+1","Escape Plan+1","Flying Knee+1"],"picked":"SKIP","floor":1},{"not_picked":["Bouncing Flask+1","Terror+1"],"picked":"Blade Dance+1","floor":6},{"not_picked":["Quick Slash+1","Dodge and Roll+1","Slice+1"],"picked":"SKIP","floor":8},{"not_picked":["hubris:Counter+1","Deflect+1","Bane+1"],"picked":"SKIP","floor":10},{"not_picked":["All Out Attack+1","Outmaneuver+1","Deadly Poison+1"],"picked":"SKIP","floor":11},{"not_picked":["hubris:Counter+1","Hidden Blade+1"],"picked":"Blade Dance+1","floor":12},{"not_picked":["Night Terror+1","Burst+1"],"picked":"After Image+1","floor":16},{"not_picked":["Dagger Spray+1","Prepared+1","PiercingWail+1"],"picked":"SKIP","floor":18},{"not_picked":["Quick Slash+1","Terror+1","Deflect+1"],"picked":"SKIP","floor":19},{"not_picked":["Deadly Poison+1","Slice+1","Backflip+1"],"picked":"SKIP","floor":22},{"not_picked":["Crippling Poison+1","PiercingWail+1"],"picked":"hubris:SlightOfHand+1","floor":24},{"not_picked":["Dagger Throw+1","Riddle With Holes+1"],"picked":"After Image+1","floor":27},{"not_picked":["Outmaneuver+1","Dodge and Roll+1"],"picked":"Accuracy+1","floor":29},{"not_picked":["Storm of Steel+1","Glass Knife+1"],"picked":"Envenom+1","floor":33},{"not_picked":["Skewer+1","Backflip+1","Flying Knee+1"],"picked":"SKIP","floor":35},{"not_picked":["Flying Knee+1","Draining Mist+1","Deadly Poison+1"],"picked":"SKIP","floor":36},{"not_picked":["Replay:Poison Smokescreen+1","Sucker Punch+1","PiercingWail+1"],"picked":"SKIP","floor":37},{"not_picked":["Poisoned Stab+1","PiercingWail+1","Prepared+1"],"picked":"SKIP","floor":39},{"not_picked":["hubris:Sniper+1","Masterful Stab+1","Tactician+1"],"picked":"SKIP","floor":40},{"not_picked":["Flechettes+1","Deadly Poison+1","Dagger Throw+1"],"picked":"SKIP","floor":42},{"not_picked":["Flechettes+1","Outmaneuver+1","Distraction+1"],"picked":"SKIP","floor":45},{"not_picked":["Slice+1","Footwork+1","Flying Knee+1"],"picked":"SKIP","floor":46},{"not_picked":["Dagger Spray+1","Infinite Blades+1","hubris:Sniper+1"],"picked":"SKIP","floor":47},{"not_picked":["Caltrops+1","Poisoned Stab+1","ReplayTheSpireMod:Tripwire+1"],"picked":"SKIP","floor":54}],"player_experience":224794,"relics_obtained":[{"floor":6,"key":"Orichalcum"},{"floor":10,"key":"The Courier"},{"floor":26,"key":"ReplayTheSpireMod:Ninjato"},{"floor":32,"key":"Replay:Multitool"},{"floor":40,"key":"Ancient Tea Set"},{"floor":41,"key":"Centennial Puzzle"},{"floor":43,"key":"Basket Of Snakes"},{"floor":46,"key":"Mirror"},{"floor":48,"key":"hubris:Potato"},{"floor":49,"key":"hubris:TinFlute"},{"floor":52,"key":"White Beast Statue"},{"floor":54,"key":"infinitespire:FocusingShard"}],"event_choices":[{"damage_healed":0,"gold_gain":0,"player_choice":"Upgrade","damage_taken":0,"relics_obtained":["Mark of the Bloom"],"max_hp_gain":0,"max_hp_loss":0,"event_name":"MindBloom","floor":0,"gold_loss":0,"cards_upgraded":["Strike_G","Strike_G","Strike_G","Strike_G","Strike_G","Defend_G","Defend_G","Defend_G","Defend_G","Defend_G","Survivor","Neutralize"]},{"cards_removed":["Strike_G"],"damage_healed":0,"gold_gain":0,"player_choice":"Forget","damage_taken":0,"max_hp_gain":0,"max_hp_loss":0,"event_name":"Living Wall","floor":2,"gold_loss":0},{"damage_healed":0,"gold_gain":1,"player_choice":"Relic Relic ","damage_taken":39,"max_hp_gain":0,"max_hp_loss":0,"event_name":"betterThird:BetterScrap","floor":13,"gold_loss":0,"cards_obtained":["FearNoEvil"]},{"cards_removed":["expansioncontent:DashGenerateEvil"],"damage_healed":0,"gold_gain":0,"player_choice":"Elegance","damage_taken":0,"max_hp_gain":0,"max_hp_loss":0,"event_name":"betterThird:BetterWriting","floor":20,"gold_loss":0},{"damage_healed":0,"gold_gain":0,"player_choice":"Ignored","damage_taken":0,"max_hp_gain":0,"max_hp_loss":0,"event_name":"Ghosts","floor":28,"gold_loss":0},{"damage_healed":0,"gold_gain":0,"player_choice":"Ignored","damage_taken":0,"max_hp_gain":0,"max_hp_loss":0,"event_name":"Transmorgrifier","floor":31,"gold_loss":0},{"damage_healed":0,"gold_gain":0,"player_choice":"Fight","damage_taken":0,"max_hp_gain":0,"max_hp_loss":0,"event_name":"MindBloom","floor":48,"gold_loss":0}],"is_beta":false,"boss_relics":[{"not_picked":["Cursed Key","Coffee Dripper"],"picked":"Empty Cage"},{"not_picked":["Velvet Choker","Ring of Chaos"],"picked":"hubris:VirtuousBlindfold"}],"items_purged_floors":[3,14,21,38,38,53],"is_endless":false,"potions_floor_spawned":[6,10,16,18,19,33,36,42,48,54],"ascension_level":0}}