{"host":"9awhzt9lm2hp8nlw","time":1608287979,"event":{"mods":["BaseMod","Colored Map","Downfall","Highlight Path","Minty Spire (QoL Compilation)","Quick Restart","StSLib"],"gold_per_floor":[99,113,170,170,188,188,214,248,259,259,259,271,271,145,162,162,162],"floor_reached":16,"playtime":1083,"items_purged":["Guardian:Defend_Guardian"],"score":100,"play_id":"4bd138c1-9b74-4693-bd54-89d8497d26e4","local_time":"20201218023939","is_ascension_mode":false,"campfire_choices":[{"floor":1,"key":"RECALL"},{"data":"Guardian:TwinSlam","floor":4,"key":"SMITH"},{"data":"Guardian:CurlUp","floor":6,"key":"SMITH"},{"data":"Guardian:BronzeArmor","floor":10,"key":"SMITH"}],"circlet_count":0,"master_deck":["Guardian:Strike_Guardian","Guardian:Strike_Guardian","Guardian:Strike_Guardian","Guardian:Strike_Guardian","Guardian:Defend_Guardian","Guardian:Defend_Guardian","Guardian:Defend_Guardian","Guardian:CurlUp+1","Guardian:TwinSlam+1","Guardian:SentryBeam","Guardian:PrismaticBeam","Guardian:BronzeArmor+1","Guardian:Gem_White","Guardian:Gem_Cyan","Guardian:PrismaticBarrier","Regret","Guardian:BronzeOrb","Guardian:Gem_Fragmented","Guardian:PolyBeam"],"relics":["Guardian:ModeShifter","Darkstone Periapt","Potion Belt","Guardian:PickAxe","Ancient Tea Set"],"acts_visited":["Exordium"],"potions_floor_usage":[16],"damage_taken":[{"damage":0,"enemies":"2 Louse","floor":2,"turns":3},{"damage":25,"enemies":"Gremlin Nob","floor":3,"turns":5},{"damage":6,"enemies":"Jaw Worm","floor":5,"turns":4},{"damage":32,"enemies":"Lagavulin","floor":8,"turns":7},{"damage":0,"enemies":"Small Slimes","floor":9,"turns":3},{"damage":0,"enemies":"Blue Slaver","floor":12,"turns":4},{"damage":2,"enemies":"downfall:FleeingMerchant","floor":14,"turns":4},{"damage":0,"enemies":"3 Louse","floor":15,"turns":3},{"damage":26,"enemies":"downfall:Defect","floor":16,"turns":4}],"seed_played":"932134016717712817","potions_obtained":[{"floor":5,"key":"Swift Potion"},{"floor":9,"key":"PowerPotion"},{"floor":15,"key":"GamblersBrew"}],"is_trial":false,"path_per_floor":["R","M","?","R","M","R","T","E","M","R","?","M","?","$","M","B"],"character_chosen":"GUARDIAN","items_purchased":["Guardian:Gem_Fragmented"],"campfire_rested":0,"item_purchase_floors":[14],"current_hp_per_floor":[88,88,63,63,57,57,57,25,25,25,19,19,25,23,23,0,0],"gold":162,"neow_bonus":"TEN_PERCENT_HP_BONUS","is_daily":false,"chose_seed":false,"campfire_upgraded":3,"win_rate":0.0,"timestamp":1608287979,"path_taken":["R","M","?","R","M","R","T","E","M","R","?","M","?","$","M","BOSS"],"items_purchased_type":["Card"],"build_version":"2020-12-13","purchased_purges":1,"victory":false,"max_hp_per_floor":[88,88,88,88,88,88,88,88,88,88,88,88,94,94,94,94,94],"card_choices":[{"not_picked":["Guardian:PrimingBeam","Guardian:BronzeOrb"],"picked":"Guardian:SentryBeam","floor":2},{"not_picked":["Guardian:PiercingHide","Guardian:ShieldSpikes"],"picked":"Guardian:Gem_Orange","floor":5},{"not_picked":["Guardian:Incinerate","Guardian:WalkerClaw"],"picked":"Guardian:PrismaticBeam","floor":8},{"not_picked":["Guardian:TimeCapacitor","Guardian:VentSteam"],"picked":"Guardian:BronzeArmor","floor":9},{"not_picked":["Guardian:CrystalBeam","Guardian:Planning"],"picked":"Guardian:PrismaticBarrier","floor":12},{"not_picked":["Guardian:MultiBeam","Guardian:SpikerProtocol"],"picked":"Guardian:BronzeOrb","floor":14},{"not_picked":["Guardian:Gem_Lightblue","Guardian:Reroute"],"picked":"Guardian:PolyBeam","floor":15}],"player_experience":14828,"relics_obtained":[{"floor":8,"key":"Potion Belt"}],"event_choices":[{"damage_healed":0,"gold_gain":0,"player_choice":"Box","damage_taken":0,"relics_obtained":["Ancient Tea Set"],"max_hp_gain":0,"max_hp_loss":0,"event_name":"Big Fish","floor":13,"gold_loss":0,"cards_obtained":["Regret"]}],"is_beta":false,"boss_relics":[],"items_purged_floors":[14],"is_endless":false,"potions_floor_spawned":[5,9,15],"killed_by":"downfall:Defect","ascension_level":0}}