{"host":"bpszg8uald72z2zd","time":1608304228,"event":{"mods":["AchievementEnabler","BaseMod","Colored Map","DeckTracker","Keyboard Shortcuts","Minty Spire (QoL Compilation)","Relic Stats","SuperFastMode"],"gold_per_floor":[211,111,111,126,139,139,139,168,168,168,201,201,219,44,44,164,164,189,189,204,114,133,133,133,153,153,178,178,278,278,292,292,396,396,409,430,430,430,154,171,220,220,220,73,73,85,111,44,44,44],"floor_reached":51,"playtime":2031,"items_purged":["Strike_P","Defend_P","Consecrate"],"score":1075,"play_id":"ca792ac3-1f81-43d1-89d7-ce544eef0546","local_time":"20201219001028","is_ascension_mode":true,"campfire_choices":[{"data":"Eruption","floor":6,"key":"SMITH"},{"data":"Adaptation","floor":15,"key":"SMITH"},{"data":"Panacea","floor":23,"key":"SMITH"},{"data":"CrushJoints","floor":28,"key":"SMITH"},{"data":"Scrawl","floor":30,"key":"SMITH"},{"data":"Vigilance","floor":32,"key":"SMITH"},{"data":"MentalFortress","floor":42,"key":"SMITH"},{"data":"Tantrum","floor":45,"key":"SMITH"},{"data":"Adaptation","floor":49,"key":"SMITH"}],"circlet_count":0,"master_deck":["AscendersBane","Strike_P","Defend_P","Defend_P","Eruption+1","Vigilance+1","Tantrum+1","CrushJoints+1","EmptyFist","FearNoEvil","Adaptation+1","FlurryOfBlows+1","Panacea+1","FlurryOfBlows+1","Scrawl+1","MentalFortress+1","Adaptation+1"],"relics":["PureWater","Meat on the Bone","Question Card","Bloody Idol","Sundial","Sozu","CeramicFish","Gambling Chip","Black Star","OrangePellets","GoldenEye","Vajra","Lee\u0027s Waffle","Thread and Needle","Toy Ornithopter"],"acts_visited":["Exordium","TheCity","TheBeyond"],"potions_floor_usage":[25,27,33],"damage_taken":[{"damage":0,"enemies":"Small Slimes","floor":1,"turns":3},{"damage":0,"enemies":"2 Louse","floor":4,"turns":2},{"damage":0,"enemies":"Cultist","floor":5,"turns":3},{"damage":20,"enemies":"Lagavulin","floor":8,"turns":4},{"damage":27,"enemies":"3 Sentries","floor":11,"turns":4},{"damage":6,"enemies":"Looter","floor":13,"turns":2},{"damage":31,"enemies":"Hexaghost","floor":16,"turns":9},{"damage":21,"enemies":"2 Thieves","floor":18,"turns":3},{"damage":4,"enemies":"Chosen","floor":20,"turns":2},{"damage":23,"enemies":"Snecko","floor":22,"turns":4},{"damage":20,"enemies":"Shelled Parasite and Fungi","floor":25,"turns":4},{"damage":0,"enemies":"Cultist and Chosen","floor":27,"turns":3},{"damage":0,"enemies":"Colosseum Slavers","floor":29,"turns":1},{"damage":37,"enemies":"Colosseum Nobs","floor":29,"turns":3},{"damage":0,"enemies":"Snecko","floor":31,"turns":2},{"damage":18,"enemies":"Collector","floor":33,"turns":3},{"damage":0,"enemies":"3 Shapes","floor":35,"turns":2},{"damage":4,"enemies":"Orb Walker","floor":36,"turns":2},{"damage":52,"enemies":"Jaw Worm Horde","floor":40,"turns":3},{"damage":10,"enemies":"2 Orb Walkers","floor":41,"turns":3},{"damage":22,"enemies":"Sphere and 2 Shapes","floor":46,"turns":3},{"damage":0,"enemies":"Reptomancer","floor":47,"turns":2},{"damage":29,"enemies":"Awakened One","floor":50,"turns":5}],"seed_played":"-5622818036714990328","potions_obtained":[{"floor":11,"key":"Fire Potion"},{"floor":13,"key":"BottledMiracle"},{"floor":16,"key":"FearPotion"}],"is_trial":false,"path_per_floor":["M","$","?","M","M","R","?","E","T","?","E","?","M","$","R","B",null,"M","?","M","$","M","R","?","M","T","M","R","?","R","M","R","B",null,"M","M","?","?","$","M","?","R","T","$","R","M","E","$","R","B",null],"character_chosen":"WATCHER","items_purchased":["CrushJoints","Adaptation","Panacea","OrangePellets","Lee\u0027s Waffle","Adaptation"],"campfire_rested":0,"item_purchase_floors":[2,14,21,39,44,48],"current_hp_per_floor":[65,65,65,65,65,65,70,50,50,50,35,35,41,41,41,22,59,38,38,46,46,35,35,35,32,32,54,54,34,34,51,51,50,66,71,71,71,67,67,32,39,39,39,74,74,57,62,67,67,38],"gold":44,"neow_bonus":"HUNDRED_GOLD","is_daily":false,"chose_seed":false,"campfire_upgraded":9,"win_rate":0.0,"timestamp":1608304228,"path_taken":["M","$","?","M","M","R","?","E","T","?","E","?","M","$","R","BOSS","M","?","M","$","M","R","?","M","T","?","R","?","R","M","R","BOSS","M","M","?","?","$","M","?","R","T","?","R","M","E","$","R","BOSS"],"items_purchased_type":["Card","Card","Card","Relic","Relic","Card"],"build_version":"2020-12-13","purchased_purges":3,"victory":true,"max_hp_per_floor":[72,72,72,72,72,72,77,77,77,71,71,71,71,71,71,71,71,71,71,71,71,71,71,71,71,71,71,71,71,71,71,71,71,71,71,71,71,67,67,67,67,67,67,74,74,74,74,74,74,74],"relic_stats":{"Lee\u0027s Waffle":35,"counters":[23,72],"CeramicFish":27,"Question Card":17,"GoldenEye":[0],"Sozu":7,"OrangePellets":[0],"Sundial":[16],"Bloody Idol":64,"Gambling Chip":[19],"Black Star":1,"obtain_stats":[{"Lee\u0027s Waffle":44,"Golden Idol":10,"CeramicFish":26,"Vajra":43,"Thread and Needle":47,"Question Card":9,"GoldenEye":41,"Sozu":17,"OrangePellets":39,"Sundial":11,"Bloody Idol":24,"Gambling Chip":29,"Black Star":34,"PureWater":0,"Toy Ornithopter":47,"Meat on the Bone":8},{"Lee\u0027s Waffle":20,"Golden Idol":4,"CeramicFish":11,"Vajra":20,"Thread and Needle":22,"Question Card":4,"GoldenEye":20,"Sozu":7,"OrangePellets":18,"Sundial":5,"Bloody Idol":10,"Gambling Chip":14,"Black Star":16,"PureWater":0,"Toy Ornithopter":22,"Meat on the Bone":4},{"Lee\u0027s Waffle":62,"Golden Idol":12,"CeramicFish":40,"Vajra":62,"Thread and Needle":67,"Question Card":12,"GoldenEye":62,"Sozu":27,"OrangePellets":56,"Sundial":16,"Bloody Idol":36,"Gambling Chip":47,"Black Star":52,"PureWater":0,"Toy Ornithopter":67,"Meat on the Bone":12}],"Toy Ornithopter":0,"Meat on the Bone":144},"card_choices":[{"not_picked":["PathToVictory","EmptyBody"],"picked":"Tantrum","floor":1},{"not_picked":["Halt","Evaluate"],"picked":"EmptyFist","floor":4},{"not_picked":["Protect","PathToVictory","EmptyBody"],"picked":"SKIP","floor":5},{"not_picked":["FollowUp","Crescendo"],"picked":"Consecrate","floor":8},{"not_picked":["ReachHeaven","JustLucky","EmptyBody"],"picked":"FearNoEvil","floor":11},{"not_picked":["SashWhip","BowlingBash","Pray","FlyingSleeves"],"picked":"SKIP","floor":13},{"not_picked":["CrushJoints","JustLucky","EmptyBody","Pray+1"],"picked":"SKIP","floor":18},{"not_picked":["ClearTheMind+1","CarveReality+1","WindmillStrike"],"picked":"FlurryOfBlows+1","floor":20},{"not_picked":["EmptyFist","FearNoEvil","Protect"],"picked":"FlurryOfBlows+1","floor":22},{"not_picked":["Perseverance","FlyingSleeves","CutThroughFate","WaveOfTheHand"],"picked":"SKIP","floor":25},{"not_picked":["FollowUp","Collect","LikeWater"],"picked":"Scrawl","floor":27},{"not_picked":["WindmillStrike","ClearTheMind+1","EmptyFist+1","Worship"],"picked":"SKIP","floor":31},{"not_picked":["Meditate","Evaluate","PathToVictory","FlyingSleeves"],"picked":"SKIP","floor":35},{"not_picked":["FlyingSleeves+1","Crescendo","PathToVictory"],"picked":"MentalFortress","floor":36},{"not_picked":["Swivel","Consecrate","BowlingBash","FollowUp+1"],"picked":"SKIP","floor":40},{"not_picked":["Consecrate","CrushJoints+1","CarveReality","SashWhip+1"],"picked":"SKIP","floor":46},{"not_picked":["Fasting2","CutThroughFate+1","LessonLearned","Protect+1"],"picked":"SKIP","floor":47}],"player_experience":432901,"relics_obtained":[{"floor":8,"key":"Meat on the Bone"},{"floor":9,"key":"Question Card"},{"floor":11,"key":"Sundial"},{"floor":26,"key":"CeramicFish"},{"floor":29,"key":"Gambling Chip"},{"floor":41,"key":"GoldenEye"},{"floor":43,"key":"Vajra"},{"floor":47,"key":"Thread and Needle"},{"floor":47,"key":"Toy Ornithopter"}],"event_choices":[{"damage_healed":0,"gold_gain":0,"player_choice":"Ignored","damage_taken":0,"max_hp_gain":0,"max_hp_loss":0,"event_name":"Liars Game","floor":3,"gold_loss":0},{"damage_healed":0,"gold_gain":0,"player_choice":"Donut","damage_taken":0,"max_hp_gain":5,"max_hp_loss":0,"event_name":"Big Fish","floor":7,"gold_loss":0},{"damage_healed":0,"gold_gain":0,"player_choice":"Lose Max HP","damage_taken":0,"relics_obtained":["Golden Idol"],"max_hp_gain":0,"max_hp_loss":6,"event_name":"Golden Idol","floor":10,"gold_loss":0},{"cards_removed":["Strike_P"],"damage_healed":0,"gold_gain":0,"player_choice":"Offered Basic","damage_taken":0,"max_hp_gain":0,"max_hp_loss":0,"event_name":"Bonfire Elementals","floor":12,"gold_loss":0},{"cards_removed":["Strike_P"],"damage_healed":0,"gold_gain":0,"player_choice":"Elegance","damage_taken":0,"max_hp_gain":0,"max_hp_loss":0,"event_name":"Back to Basics","floor":19,"gold_loss":0},{"damage_healed":0,"gold_gain":0,"player_choice":"Gave Idol","damage_taken":0,"relics_obtained":["Bloody Idol"],"max_hp_gain":0,"max_hp_loss":0,"event_name":"Forgotten Altar","floor":24,"relics_lost":["Golden Idol"],"gold_loss":0},{"damage_healed":0,"gold_gain":0,"player_choice":"Fight","damage_taken":0,"max_hp_gain":0,"max_hp_loss":0,"event_name":"Colosseum","floor":29,"gold_loss":0},{"damage_healed":0,"gold_gain":0,"player_choice":"Fought Nobs","damage_taken":0,"max_hp_gain":0,"max_hp_loss":0,"event_name":"Colosseum","floor":29,"gold_loss":0},{"cards_removed":["Defend_P"],"damage_healed":0,"gold_gain":0,"player_choice":"Removed Skill","damage_taken":0,"max_hp_gain":0,"max_hp_loss":0,"event_name":"Falling","floor":37,"gold_loss":0},{"damage_healed":0,"gold_gain":0,"player_choice":"Max HP","damage_taken":0,"max_hp_gain":0,"max_hp_loss":4,"event_name":"Winding Halls","floor":38,"gold_loss":0},{"damage_healed":0,"gold_gain":0,"player_choice":"Fight","damage_taken":0,"max_hp_gain":0,"max_hp_loss":0,"event_name":"Mysterious Sphere","floor":41,"gold_loss":0}],"is_beta":false,"boss_relics":[{"not_picked":["Ectoplasm","Tiny House"],"picked":"Sozu"},{"not_picked":["Calling Bell","Snecko Eye"],"picked":"Black Star"}],"items_purged_floors":[2,14,39],"is_endless":false,"potions_floor_spawned":[11,13,16,22,27,29,29,31,33,40,47],"ascension_level":10}}