{"host":"ad1lywlk73qplbjq","time":1608313109,"event":{"mods":["AchievementEnabler","BaseMod","Curses Come First","Downfall","Minty Spire (QoL Compilation)","StSLib","The Necromancer"],"gold_per_floor":[99,119,44,76,76,76,131,156,81,115,132,149,164,180,200,304,304,304,304,304,304,304,304,304,304,304,229,16,16,16,16,16,16,16,16,16,16,16,16,16,16,16,16,16,16,16,16,16,16,16,16,16,16,16,16],"floor_reached":56,"playtime":5668,"items_purged":[],"score":1242,"play_id":"7acb30f3-5af4-4b8f-8e1b-cb1c3b4ccbb0","local_time":"20201218183829","is_ascension_mode":false,"campfire_choices":[{"floor":1.0,"key":"RECALL"},{"data":"Slimebound:MassFeed","floor":3.0,"key":"SMITH"},{"data":"Slimebound:Split","floor":5.0,"key":"SMITH"},{"floor":9.0,"key":"REST"},{"data":"Slimebound:MassFeed","floor":18.0,"key":"SMITH"},{"data":"Slimebound:CorrosiveSpit","floor":20.0,"key":"SMITH"},{"data":"Slimebound:CheckThePlaybook","floor":25.0,"key":"SMITH"},{"data":"Slimebound:SlimeSlap","floor":27.0,"key":"SMITH"},{"floor":35.0,"key":"REST"},{"floor":42.0,"key":"REST"},{"floor":44.0,"key":"REST"},{"floor":54,"key":"REST"}],"circlet_count":0,"master_deck":["Slimebound:Strike_Slimebound","Slimebound:Strike_Slimebound","Slimebound:Tackle","Slimebound:Defend_Slimebound","Slimebound:Defend_Slimebound","Slimebound:Split+1","Slimebound:CorrosiveSpit+1","Slimebound:MassFeed+1","Slimebound:GrowthPunch","Slimebound:DisruptingSlam","Slimebound:MassFeed+1","Slimebound:SlimeSlap+1","Slimebound:Repurpose","Slimebound:SplitBruiser","J.A.X.","Slimebound:CheckThePlaybook+1","Slimebound:SpikyOuterGoop","Slimebound:SpikyOuterGoop","Slimebound:CheckThePlaybook+1","Slimebound:ServeAndProtect","Slimebound:SlimeTap","Slimebound:DivideAndConquer","Slimebound:SamplingLick","Slimebound:SplitBruiser+1","Slimebound:SplitMire+1","Slimebound:RejuvenatingLick+1","Slimebound:RejuvenatingLick+1"],"relics":["Slimebound:AbsorbEndCombat","downfall:HeartBlessingRed","Singing Bowl","Lizard Tail","downfall:HeartBlessingBlue","Dead Branch","Ectoplasm","MutagenicStrength","Red Mask","Toy Ornithopter","Sundial","downfall:HeartBlessingGreen","DollysMirror","Fusion Hammer","Pocketwatch","Dream Catcher","Bronze Scales","Regal Pillow","Mercury Hourglass","Pen Nib"],"acts_visited":["Exordium","TheCity","TheBeyond","TheEnding"],"potions_floor_usage":[50,50,55],"damage_taken":[{"damage":7.0,"enemies":"Cultist","floor":2.0,"turns":3.0},{"damage":34.0,"enemies":"Gremlin Nob","floor":4.0,"turns":4.0},{"damage":28.0,"enemies":"3 Sentries","floor":8.0,"turns":6.0},{"damage":41.0,"enemies":"Lagavulin","floor":10.0,"turns":6.0},{"damage":17.0,"enemies":"Jaw Worm","floor":11.0,"turns":5.0},{"damage":8.0,"enemies":"Small Slimes","floor":12.0,"turns":3.0},{"damage":8.0,"enemies":"2 Fungi Beasts","floor":13.0,"turns":2.0},{"damage":13.0,"enemies":"Exordium Wildlife","floor":14.0,"turns":3.0},{"damage":11.0,"enemies":"Blue Slaver","floor":15.0,"turns":3.0},{"damage":66.0,"enemies":"downfall:Ironclad","floor":16.0,"turns":6.0},{"damage":42.0,"enemies":"downfall:Augmenter","floor":19.0,"turns":5.0},{"damage":25.0,"enemies":"3 Byrds","floor":21.0,"turns":3.0},{"damage":20.0,"enemies":"Masked Bandits","floor":22.0,"turns":2.0},{"damage":29.0,"enemies":"Gremlin Leader","floor":26.0,"turns":4.0},{"damage":38.0,"enemies":"downfall:FleeingMerchant","floor":28.0,"turns":4.0},{"damage":20.0,"enemies":"Spheric Guardian","floor":29.0,"turns":2.0},{"damage":12.0,"enemies":"Snecko","floor":30.0,"turns":2.0},{"damage":26.0,"enemies":"downfall:FleeingMerchant","floor":31.0,"turns":3.0},{"damage":10.0,"enemies":"Shelled Parasite and Fungi","floor":32.0,"turns":1.0},{"damage":42.0,"enemies":"downfall:Defect","floor":33.0,"turns":5.0},{"damage":23.0,"enemies":"Mind Bloom Boss Battle","floor":36.0,"turns":3.0},{"damage":25.0,"enemies":"3 Darklings","floor":37.0,"turns":2.0},{"damage":23.0,"enemies":"Giant Head","floor":38.0,"turns":5.0},{"damage":0.0,"enemies":"3 Shapes","floor":39.0,"turns":2.0},{"damage":16.0,"enemies":"Sphere and 2 Shapes","floor":46.0,"turns":2.0},{"damage":26.0,"enemies":"Transient","floor":47.0,"turns":5.0},{"damage":17.0,"enemies":"Jaw Worm Horde","floor":48.0,"turns":2.0},{"damage":17,"enemies":"4 Shapes","floor":49,"turns":3},{"damage":39,"enemies":"downfall:Watcher","floor":50,"turns":3},{"damage":95,"enemies":"downfall:CharBossMerchant","floor":52,"turns":5},{"damage":142,"enemies":"downfall:NeowBoss","floor":55,"turns":18}],"seed_played":"-5717712629355908234","potions_obtained":[{"floor":2.0,"key":"SpeedPotion"},{"floor":11.0,"key":"champ:CounterPotion"},{"floor":15.0,"key":"FearPotion"},{"floor":21.0,"key":"FearPotion"},{"floor":22.0,"key":"AttackPotion"},{"floor":29.0,"key":"Slimebound:ThreeZeroPotion"},{"floor":32.0,"key":"Slimebound:SlimedPotion"},{"floor":37.0,"key":"FearPotion"},{"floor":38.0,"key":"Strength Potion"},{"floor":39.0,"key":"FearPotion"},{"floor":48.0,"key":"sneckomod:MuddlingPotion"}],"is_trial":false,"path_per_floor":["R","M","R","E","R","?","T","E","R","E","M","M","M","M","M","B",null,"R","?","R","M","?","?","T","R","E","R","$","M","M","$","M","B",null,"R","?","M","E","M","?","T","R","T","R","$","M","M","M","M","B",null,"E","$","R","B",null],"character_chosen":"SLIMEBOUND","items_purchased":["DollysMirror","Slimebound:ServeAndProtect"],"campfire_rested":5,"item_purchase_floors":[28,28],"current_hp_per_floor":[54,57,57,33,33,33,33,19,51,32,31,35,37,42,49,54,109,109,99,99,92,92,92,92,92,94,94,82,84,76,76,74,83,126,126,117,132,134,144,144,144,146,146,148,148,142,152,151,156,145,170,107,107,170,168],"gold":16,"neow_bonus":"THREE_RARE_CARDS","is_daily":false,"chose_seed":false,"campfire_upgraded":6,"win_rate":0.0,"timestamp":1608313109,"path_taken":["R","?","R","E","R","?","T","E","R","E","M","M","M","M","M","BOSS","R","?","R","M","?","?","T","R","E","R","?","M","M","$","M","BOSS","R","?","M","E","M","?","T","R","?","R","?","?","M","M","M","BOSS","E","$","R","BOSS"],"items_purchased_type":["Relic","Card"],"build_version":"2020-12-13","purchased_purges":0,"victory":true,"max_hp_per_floor":[54,57,57,59,59,59,59,65,75,79,83,85,93,99,105,109,109,109,115,115,125,135,122,122,122,122,122,122,122,122,122,124,126,126,126,126,132,134,144,144,144,146,146,148,148,154,154,160,170,170,170,170,170,170,170],"card_choices":[{"not_picked":["Slimebound:CheckThePlaybook","Slimebound:WasteNot"],"picked":"Slimebound:MassFeed","floor":0.0},{"not_picked":["Slimebound:AcidTongue","Slimebound:SlimeSpikes","Slimebound:SplitLeeching"],"picked":"SKIP","floor":2.0},{"not_picked":["Slimebound:WasteNot","Slimebound:LeechingTouch","Slimebound:ServeAndProtect"],"picked":"Singing Bowl","floor":4.0},{"not_picked":["Slimebound:SplitAcid","Slimebound:Chomp","Slimebound:LeechingTouch"],"picked":"Singing Bowl","floor":8.0},{"not_picked":["Slimebound:Chomp","Slimebound:ComboTackle"],"picked":"Slimebound:GrowthPunch","floor":10.0},{"not_picked":["Slimebound:BestDefense","Slimebound:SamplingLick"],"picked":"Slimebound:DisruptingSlam","floor":11.0},{"not_picked":["Slimebound:GoopSpray","Slimebound:LivingWall","Slimebound:HauntingLick"],"picked":"Singing Bowl","floor":12.0},{"not_picked":["Slimebound:Chomp","Slimebound:SlimeBrawl"],"picked":"Slimebound:MassFeed","floor":13.0},{"not_picked":["Slimebound:SamplingLick","Slimebound:FinishingTackle","Slimebound:LeechEnergy"],"picked":"Singing Bowl","floor":14.0},{"not_picked":["Slimebound:LeadByExample","Slimebound:ComboTackle","Slimebound:FinishingTackle"],"picked":"Singing Bowl","floor":15.0},{"not_picked":["Slimebound:Teamwork","Slimebound:OneTwoCombo"],"picked":"Slimebound:SlimeSlap","floor":16.0},{"not_picked":[],"picked":"J.A.X.","floor":19.0},{"not_picked":["Slimebound:RollThrough","Slimebound:ServeAndProtect","Slimebound:DivideAndConquer"],"picked":"Singing Bowl","floor":19.0},{"not_picked":["Slimebound:LeechEnergy","Slimebound:GoopSpray","Slimebound:SlimeSpikes"],"picked":"Singing Bowl","floor":21.0},{"not_picked":["Slimebound:ComboTackle","Slimebound:GrowthPunch","Slimebound:ForwardTackle"],"picked":"Singing Bowl","floor":22.0},{"not_picked":["Slimebound:Dissolve","Slimebound:LeadByExample"],"picked":"Slimebound:SpikyOuterGoop","floor":26.0},{"not_picked":["Slimebound:PressTheAttack","Slimebound:DuplicatedForm"],"picked":"Slimebound:SpikyOuterGoop","floor":28.0},{"not_picked":["Slimebound:SamplingLick","Slimebound:LeechingTouch+1"],"picked":"Slimebound:SlimeTap","floor":29.0},{"not_picked":["Slimebound:SlimeTap+1","Slimebound:ComboTackle"],"picked":"Slimebound:DivideAndConquer","floor":30.0},{"not_picked":["Slimebound:GrowthPunch","Slimebound:ComboTackle"],"picked":"Slimebound:SamplingLick","floor":31.0},{"not_picked":["Slimebound:ViciousTackle","Slimebound:GoopSpray","Slimebound:ComboTackle"],"picked":"Singing Bowl","floor":32.0},{"not_picked":["Slimebound:Overexert","Slimebound:MinionMaster","Slimebound:WasteNot"],"picked":"Singing Bowl","floor":33.0},{"not_picked":["Slimebound:LeechEnergy+1","Slimebound:ProtectTheBoss+1"],"picked":"Slimebound:SplitBruiser+1","floor":36.0},{"not_picked":["Slimebound:SplitAcid","Slimebound:RollThrough","Slimebound:GrowthPunch+1"],"picked":"Singing Bowl","floor":37.0},{"not_picked":["Slimebound:GrowthPunch","Slimebound:CheckThePlaybook","Slimebound:DuplicatedForm"],"picked":"Singing Bowl","floor":38.0},{"not_picked":["Slimebound:SplitSpecialist","Slimebound:Equalize+1","Slimebound:ServeAndProtect"],"picked":"Singing Bowl","floor":39.0},{"not_picked":["Slimebound:Schlurp","Slimebound:RollThrough","Slimebound:FinishingTackle+1"],"picked":"Singing Bowl","floor":42.0},{"not_picked":["Slimebound:SplitBruiser","Slimebound:LeechEnergy+1","Slimebound:SplitAcid"],"picked":"Singing Bowl","floor":44.0},{"not_picked":["Slimebound:Gluttony","Slimebound:TongueLash+1","Slimebound:SplitMire+1"],"picked":"Singing Bowl","floor":46.0},{"not_picked":["Slimebound:SamplingLick","Slimebound:Schlurp"],"picked":"Slimebound:SplitMire+1","floor":47.0},{"not_picked":["Slimebound:SpikyOuterGoop+1","Slimebound:WasteNot","Slimebound:PressTheAttack+1"],"picked":"Singing Bowl","floor":48.0},{"not_picked":["Slimebound:SplitBruiser","Slimebound:ServeAndProtect+1","Slimebound:Schlurp+1"],"picked":"Singing Bowl","floor":49},{"not_picked":["Slimebound:ForwardTackle","Slimebound:PressTheAttack+1"],"picked":"Slimebound:RejuvenatingLick+1","floor":52},{"not_picked":["Slimebound:LeechingTouch+1","Slimebound:RollThrough"],"picked":"Slimebound:RejuvenatingLick+1","floor":54}],"player_experience":187642,"relics_obtained":[{"floor":4.0,"key":"Singing Bowl"},{"floor":8.0,"key":"Lizard Tail"},{"floor":10.0,"key":"Dead Branch"},{"floor":19.0,"key":"MutagenicStrength"},{"floor":22.0,"key":"Red Mask"},{"floor":24.0,"key":"Toy Ornithopter"},{"floor":26.0,"key":"Sundial"},{"floor":36.0,"key":"Pocketwatch"},{"floor":38.0,"key":"Dream Catcher"},{"floor":40.0,"key":"Bronze Scales"},{"floor":41.0,"key":"Regal Pillow"},{"floor":43.0,"key":"Mercury Hourglass"},{"floor":52,"key":"Pen Nib"}],"event_choices":[{"cards_removed":["Slimebound:Defend_Slimebound"],"damage_healed":0.0,"max_hp_gain":0.0,"max_hp_loss":0.0,"gold_gain":0.0,"event_name":"The Cleric","player_choice":"Card Removal","floor":6.0,"gold_loss":0.0,"damage_taken":0.0},{"damage_healed":0.0,"max_hp_gain":0.0,"max_hp_loss":0.0,"gold_gain":0.0,"event_name":"Masked Bandits","player_choice":"Fought Bandits","floor":22.0,"gold_loss":0.0,"damage_taken":0.0}],"is_beta":false,"boss_relics":[{"not_picked":["Calling Bell","Philosopher\u0027s Stone"],"picked":"Ectoplasm"},{"not_picked":["Runic Pyramid","Empty Cage"],"picked":"Fusion Hammer"}],"items_purged_floors":[],"is_endless":false,"potions_floor_spawned":[2,11,15,21,22,29,32,37,38,39,48,49],"ascension_level":0}}