{"host":"x5a6cvihdukvwm3n","time":1608297882,"event":{"mods":["AlwaysNeverKeys","Aspiration","BaseMod","Beaked The Cultist","BetterRewards","Colored Map","Colored Powertips","Conspire","Curses Come First","Downfall","Friendly Minions","GifTheSpireLib","Gremlin Mod","Halation","Highlight Path","Hubris","Minty Spire (QoL Compilation)","Replay The Spire","Shop Mod","StSLib","Stuff the Spire","SuperFastMode","Synergy Search","Td1madao Mod","The Bladedancer","The Construct","The Disciple","The Jungle","The Servant 0.9.4","vexMod"],"gold_per_floor":[99,119,135,163,182,200,200,213,213,246,262,104,204,214,225,320,320,245,260,10,10,44,55,55,67,99,24,24,42,53,78,90,195,195,120,131,131,147,147,190,213,198,198,198,212,86,86,97,113,113],"floor_reached":51,"playtime":3572,"items_purged":[],"score":678,"play_id":"39d1e384-0db0-4f54-b1ac-edda0c32df40","local_time":"20201218142442","is_ascension_mode":false,"campfire_choices":[{"floor":1.0,"key":"DIG"},{"data":"beaked:Ceremony","floor":9.0,"key":"SMITH"},{"floor":18.0,"key":"RECALL"},{"data":"beaked:ScreechingChant","floor":27.0,"key":"SMITH"},{"data":"beaked:RitualOfBody","floor":35.0,"key":"SMITH"},{"data":"beaked:Ceremony","floor":39.0,"key":"SMITH"},{"data":"beaked:MachineEssence","floor":44,"key":"SMITH"}],"circlet_count":0,"master_deck":["beaked:Strike_Y","beaked:Strike_Y","beaked:Strike_Y","beaked:Defend_Y","beaked:Defend_Y","beaked:Defend_Y","beaked:Defend_Y","beaked:Ceremony+1","beaked:Ceremony+1","beaked:Ceremony+1","Good Instincts","beaked:BraceForImpact","beaked:SurvivalInstinct","beaked:Evade","beaked:RitualOfBody+1","beaked:Hexing","beaked:BraceForImpact","beaked:Tweet","beaked:MimicHuntress","beaked:DigDeep","beaked:StickSmack","beaked:ScreechingChant+1","GremboGang","beaked:BraceForImpact","beaked:Foresight+1","beaked:MachineEssence+1","beaked:SurvivalInstinct+1","beaked:Evade","StuffTheSpire:Innocence"],"relics":["beaked:MendingPlumage","aspiration:HummingbirdHeart","Quantum Egg","hubris:MysteriousPyramids","Vajra","Potion Belt","StuffTheSpire:RunicConfusion","downfall:HeartBlessingGreen","hubris:SphereOfDissonance","Mercury Hourglass","aspiration:HiddenCompartment","downfall:HeartBlessingRed","Sozu","downfall:HeartBlessingBlue","Simple Rune","halation:PeacePiece"],"acts_visited":["Exordium","TheCity","TheBeyond"],"potions_floor_usage":[],"damage_taken":[{"damage":3.0,"enemies":"Cultist","floor":2.0,"turns":4.0},{"damage":4.0,"enemies":"Small Slimes","floor":3.0,"turns":5.0},{"damage":19.0,"enemies":"3 Sentries","floor":4.0,"turns":11.0},{"damage":1.0,"enemies":"2 Louse","floor":5.0,"turns":4.0},{"damage":11.0,"enemies":"Large Slime","floor":6.0,"turns":8.0},{"damage":12.0,"enemies":"2 Fungi Beasts","floor":8.0,"turns":6.0},{"damage":21.0,"enemies":"Lagavulin","floor":10.0,"turns":7.0},{"damage":19.0,"enemies":"Exordium Wildlife","floor":11.0,"turns":6.0},{"damage":0.0,"enemies":"downfall:FleeingMerchant","floor":12.0,"turns":4.0},{"damage":42.0,"enemies":"downfall:Heads","floor":13.0,"turns":7.0},{"damage":11.0,"enemies":"Exordium Thugs","floor":14.0,"turns":7.0},{"damage":3.0,"enemies":"2 Fungi Beasts","floor":15.0,"turns":5.0},{"damage":60.0,"enemies":"downfall:Silent","floor":16.0,"turns":9.0},{"damage":24.0,"enemies":"Spheric Guardian","floor":19.0,"turns":7.0},{"damage":28.0,"enemies":"Gremlin Leader","floor":22.0,"turns":10.0},{"damage":47.0,"enemies":"Chosen and Byrds","floor":23.0,"turns":9.0},{"damage":25.0,"enemies":"Shelled Parasite and Fungi","floor":25.0,"turns":7.0},{"damage":44.0,"enemies":"Book of Stabbing","floor":26.0,"turns":9.0},{"damage":28.0,"enemies":"Cultist and Chosen","floor":29.0,"turns":9.0},{"damage":29.0,"enemies":"Snake Plant","floor":30.0,"turns":4.0},{"damage":43.0,"enemies":"Centurion and Healer","floor":32.0,"turns":8.0},{"damage":35.0,"enemies":"downfall:Defect","floor":33.0,"turns":13.0},{"damage":30.0,"enemies":"3 Shapes","floor":36.0,"turns":4.0},{"damage":14.0,"enemies":"Orb Walker","floor":38.0,"turns":6.0},{"damage":11.0,"enemies":"conspire:MimicChest","floor":40.0,"turns":11.0},{"damage":0.0,"enemies":"downfall:FleeingMerchant","floor":42.0,"turns":4.0},{"damage":28,"enemies":"Spire Growth","floor":45,"turns":8},{"damage":0,"enemies":"downfall:FleeingMerchant","floor":46,"turns":4},{"damage":0,"enemies":"Maw","floor":48,"turns":10},{"damage":34,"enemies":"4 Shapes","floor":49,"turns":10},{"damage":47,"enemies":"downfall:Ironclad","floor":50,"turns":11}],"seed_played":"4859729104821771451","potions_obtained":[{"floor":5.0,"key":"DuplicationPotion"},{"floor":10.0,"key":"Block Potion"},{"floor":11.0,"key":"Fire Potion"},{"floor":15.0,"key":"Milkshake"},{"floor":16.0,"key":"PowerPotion"},{"floor":22.0,"key":"FearPotion"},{"floor":23.0,"key":"SteroidPotion"},{"floor":32.0,"key":"Explosive Potion"}],"is_trial":false,"path_per_floor":["R_BF","M","M","E","M","M","T","M","R","E","M","$","?","M","M","B",null,"R_BF","M","?","?","E","M","T","M","E","R","?","M","M","T","M","B",null,"R","M","?","M","R","?","T","$","?","R","M","$","?","M","M","B",null],"character_chosen":"BEAKED_THE_CULTIST","items_purchased":["Potion Belt","halation:PeacePiece"],"campfire_rested":0,"item_purchase_floors":[12,46],"current_hp_per_floor":[50,50,50,50,50,50,50,44,44,40,44,50,36,50,50,20,50,50,50,50,50,34,18,18,34,34,34,34,38,37,37,50,50,50,60,42,42,60,60,60,60,60,60,60,60,60,60,60,60,60],"gold":113,"neow_bonus":"RANDOM_COLORLESS","is_daily":false,"chose_seed":false,"campfire_upgraded":5,"win_rate":0.0,"timestamp":1608297882,"path_taken":["R_BF","M","M","E","M","M","T","M","R","E","?","$","?","M","M","BOSS","R_BF","M","?","?","E","M","T","M","E","R","?","M","M","?","M","BOSS","R","M","?","M","R","?","T","?","?","R","M","$","?","M","M","BOSS"],"items_purchased_type":["Relic","Relic"],"build_version":"2020-12-13","purchased_purges":0,"victory":true,"max_hp_per_floor":[50,50,50,50,50,50,50,50,50,50,50,50,50,50,50,50,50,50,50,50,50,50,50,50,50,50,50,50,50,50,50,50,50,50,60,60,60,60,60,60,60,60,60,60,60,60,60,60,60,60],"card_choices":[{"not_picked":["expansioncontent:TimeRipple","expansioncontent:SuperHexaguard"],"picked":"Good Instincts","floor":0.0},{"not_picked":["beaked:VigorBurst","beaked:Evade"],"picked":"beaked:BraceForImpact","floor":2.0},{"not_picked":["beaked:Poke","beaked:Tweet"],"picked":"beaked:SurvivalInstinct","floor":3.0},{"not_picked":["beaked:DigDeeper","beaked:FeelMyPain"],"picked":"beaked:Evade","floor":4.0},{"not_picked":["beaked:DigDeep","beaked:Foresight"],"picked":"beaked:RitualOfBody","floor":5.0},{"not_picked":["beaked:Flinch","beaked:Redirect","beaked:Resilience"],"picked":"SKIP","floor":6.0},{"not_picked":["ReplayTheSpireMod:Owlgaze","beaked:BraceForImpact"],"picked":"beaked:Hexing","floor":8.0},{"not_picked":["beaked:Replenish","beaked:Overexert"],"picked":"beaked:BraceForImpact","floor":10.0},{"not_picked":["beaked:FeelMyPain","beaked:Resilience"],"picked":"beaked:Tweet","floor":11.0},{"not_picked":["beaked:Poke","beaked:CursingBlood","beaked:Negation"],"picked":"SKIP","floor":12.0},{"not_picked":["beaked:FeelMyPain","beaked:Replenish"],"picked":"beaked:DigDeep","floor":14.0},{"not_picked":["beaked:Recite","beaked:CursingBlood"],"picked":"beaked:StickSmack","floor":15.0},{"not_picked":["beaked:AwakenedForm","beaked:SacrificialScars"],"picked":"beaked:ScreechingChant","floor":16.0},{"not_picked":["beaked:BounceBack","beaked:Windmill","beaked:Cower"],"picked":"SKIP","floor":19.0},{"not_picked":["beaked:HuntressSpirit","beaked:Tradeoff"],"picked":"beaked:BraceForImpact","floor":22.0},{"not_picked":["beaked:Insight","beaked:Resilience"],"picked":"beaked:Foresight+1","floor":23.0},{"not_picked":["beaked:CrazyRituals+1","beaked:Overpower+1","beaked:Molting+1"],"picked":"SKIP","floor":25.0},{"not_picked":["beaked:MaddeningMurmurs","beaked:BloodForTheGods"],"picked":"beaked:MachineEssence","floor":26.0},{"not_picked":["ReplayTheSpireMod:RavenHex+1","beaked:Molting"],"picked":"beaked:SurvivalInstinct+1","floor":29.0},{"not_picked":["beaked:Flinch+1","beaked:Insight","beaked:StickSmack"],"picked":"SKIP","floor":30.0},{"not_picked":["beaked:Tweet","beaked:Cower","beaked:Brace"],"picked":"SKIP","floor":32.0},{"not_picked":["beaked:RitualOfBody","beaked:Negation+1","beaked:BloodForTheGods+1"],"picked":"SKIP","floor":36.0},{"not_picked":["beaked:BloodForTheGods","beaked:Resilience+1","beaked:Brace"],"picked":"SKIP","floor":38.0},{"not_picked":["beaked:WarriorEssence+1","beaked:CursingBlood+1"],"picked":"beaked:Evade","floor":42},{"not_picked":["beaked:Poke+1","beaked:HuntressEssence+1","beaked:Cower"],"picked":"SKIP","floor":45},{"not_picked":["beaked:Redirect","beaked:SurvivalInstinct","beaked:Evade"],"picked":"SKIP","floor":46},{"not_picked":["StuffTheSpire:Rapture","StuffTheSpire:Perfection"],"picked":"StuffTheSpire:Innocence","floor":47},{"not_picked":["beaked:Insight+1","beaked:Foresight+1","beaked:Devastation"],"picked":"SKIP","floor":48},{"not_picked":["beaked:WarriorEssence+1","ReplayTheSpireMod:Prepare the Ceremony","beaked:Replenish+1"],"picked":"SKIP","floor":49}],"player_experience":272799,"relics_obtained":[{"floor":1.0,"key":"aspiration:HummingbirdHeart"},{"floor":4.0,"key":"Quantum Egg"},{"floor":7.0,"key":"hubris:MysteriousPyramids"},{"floor":10.0,"key":"Vajra"},{"floor":22.0,"key":"hubris:SphereOfDissonance"},{"floor":24.0,"key":"Mercury Hourglass"},{"floor":26.0,"key":"aspiration:HiddenCompartment"},{"floor":40.0,"key":"vexMod:FocusSash"},{"floor":41.0,"key":"Simple Rune"}],"event_choices":[{"damage_healed":0.0,"max_hp_gain":0.0,"max_hp_loss":0.0,"gold_gain":0.0,"event_name":"Back to Basics","player_choice":"Simplicity","floor":21.0,"gold_loss":0.0,"damage_taken":0.0,"cards_upgraded":["beaked:Strike_Y","beaked:Strike_Y","beaked:Strike_Y","beaked:Strike_Y","beaked:Defend_Y","beaked:Defend_Y","beaked:Defend_Y","beaked:Defend_Y"]},{"damage_healed":0.0,"max_hp_gain":0.0,"max_hp_loss":0.0,"gold_gain":0.0,"event_name":"Vampires","player_choice":"Ignored","floor":28.0,"gold_loss":0.0,"damage_taken":0.0},{"damage_healed":0,"gold_gain":0,"player_choice":"Ignored","damage_taken":0,"max_hp_gain":0,"max_hp_loss":0,"event_name":"Vampires","floor":42,"gold_loss":0},{"cards_removed":["beaked:Strike_Y"],"damage_healed":0,"gold_gain":0,"player_choice":"Removed Attack","damage_taken":0,"max_hp_gain":0,"max_hp_loss":0,"event_name":"Falling","floor":43,"gold_loss":0}],"is_beta":false,"boss_relics":[{"not_picked":["halation:PinkAlligatorPlush","Runic Dome"],"picked":"StuffTheSpire:RunicConfusion"},{"not_picked":["vexMod:DeviousBotling","hubris:TerracottaHorce"],"picked":"Sozu"}],"items_purged_floors":[],"is_endless":false,"potions_floor_spawned":[5,10,11,15,16,22,23,32,45,48],"ascension_level":0}}