{"host":"3srbdas3e7jgqz5l","time":1608300269,"event":{"mods":["BaseMod","Downfall","Minty Spire (QoL Compilation)","StSLib"],"gold_per_floor":[14,31,50,67,67,67,100,123,150,175,198,229,257,269,281,396,408,435,546,558,322,334,334,362,376,376,392,403,417,427,440,440,544,544,557,537,548,380,380,380,380,380],"floor_reached":41,"playtime":2304,"items_purged":["Strike_R","Perfected Strike"],"score":421,"play_id":"3b08abec-fe9c-4d36-a04b-b6e7061c3e93","local_time":"20201218140429","is_ascension_mode":false,"campfire_choices":[{"floor":6,"key":"REST"},{"data":"Armaments","floor":15,"key":"SMITH"},{"data":"Immolate","floor":23,"key":"SMITH"},{"data":"True Grit","floor":32,"key":"SMITH"},{"data":"Body Slam","floor":40,"key":"SMITH"}],"circlet_count":0,"master_deck":["Bash","Anger","Power Through","Armaments+1","Thunderclap","Battle Trance","True Grit","Immolate+1","True Grit+1","Shrug It Off","Battle Trance+1","Hemokinesis+1","Evolve+1","Limit Break","Combust+1","Searing Blow","Exhume","Bludgeon","Shockwave","Fire Breathing+1","Body Slam+1","Sentinel","Dark Embrace+1"],"relics":["Burning Blood","Champion Belt","Omamori","Bag of Preparation","Orichalcum","MawBank","Calling Bell","Centennial Puzzle","Blue Candle","Torii","Lantern","Frozen Egg 2","Mummified Hand","Pandora\u0027s Box"],"acts_visited":["Exordium","TheCity","TheBeyond"],"potions_floor_usage":[11,25,25,25,27,29],"damage_taken":[{"damage":3,"enemies":"Small Slimes","floor":1,"turns":3},{"damage":1,"enemies":"Jaw Worm","floor":2,"turns":3},{"damage":6,"enemies":"Cultist","floor":3,"turns":3},{"damage":0,"enemies":"Exordium Wildlife","floor":4,"turns":4},{"damage":15,"enemies":"3 Sentries","floor":7,"turns":10},{"damage":3,"enemies":"2 Fungi Beasts","floor":10,"turns":4},{"damage":6,"enemies":"Gremlin Gang","floor":11,"turns":6},{"damage":3,"enemies":"Exordium Wildlife","floor":12,"turns":5},{"damage":8,"enemies":"Red Slaver","floor":13,"turns":5},{"damage":12,"enemies":"Slime Boss","floor":16,"turns":10},{"damage":1,"enemies":"Spheric Guardian","floor":18,"turns":6},{"damage":13,"enemies":"Shell Parasite","floor":22,"turns":6},{"damage":1,"enemies":"Slavers","floor":24,"turns":3},{"damage":12,"enemies":"Cultist and Chosen","floor":25,"turns":5},{"damage":0,"enemies":"Snake Plant","floor":27,"turns":5},{"damage":1,"enemies":"Centurion and Healer","floor":28,"turns":8},{"damage":2,"enemies":"3 Cultists","floor":29,"turns":2},{"damage":8,"enemies":"Chosen and Byrds","floor":30,"turns":5},{"damage":6,"enemies":"Centurion and Healer","floor":31,"turns":5},{"damage":67,"enemies":"Automaton","floor":33,"turns":12},{"damage":3,"enemies":"3 Shapes","floor":35,"turns":5},{"damage":9,"enemies":"Orb Walker","floor":37,"turns":3},{"damage":28,"enemies":"Nemesis","floor":41,"turns":3}],"seed_played":"8386452021548778348","potions_obtained":[{"floor":1,"key":"FearPotion"},{"floor":3,"key":"BlessingOfTheForge"},{"floor":10,"key":"DuplicationPotion"},{"floor":11,"key":"BloodPotion"},{"floor":16,"key":"ElixirPotion"},{"floor":18,"key":"Swift Potion"},{"floor":22,"key":"EntropicBrew"},{"floor":28,"key":"Explosive Potion"},{"floor":33,"key":"AttackPotion"},{"floor":36,"key":"ElixirPotion"}],"is_trial":false,"path_per_floor":["M","M","M","M","?","R","E","T","T","M","M","M","M","$","R","B",null,"M","?","?","$","M","R","E","M","T","M","M","M","M","M","R","B",null,"M","?","M","$","?","R","E"],"character_chosen":"IRONCLAD","items_purchased":["Lantern","True Grit","Dark Embrace+1"],"campfire_rested":1,"item_purchase_floors":[21,21,38],"current_hp_per_floor":[80,80,80,80,28,52,43,43,43,46,62,65,63,63,63,57,80,80,80,80,80,73,73,78,72,72,78,80,80,78,78,78,17,80,80,80,77,77,77,77,49,49],"gold":380,"neow_bonus":"ONE_RARE_RELIC","is_daily":false,"chose_seed":false,"campfire_upgraded":4,"win_rate":0.0,"timestamp":1608300269,"path_taken":["M","M","M","M","?","R","E","?","T","M","?","M","M","?","R","BOSS","M","?","?","$","?","R","E","M","T","M","?","M","M","M","R","BOSS","M","?","?","$","?","R","E"],"items_purchased_type":["Relic","Card","Card"],"build_version":"2020-12-13","purchased_purges":2,"victory":false,"max_hp_per_floor":[80,80,80,80,80,80,80,80,80,80,80,80,80,80,80,80,80,80,80,80,80,80,80,80,80,80,80,80,80,80,80,80,80,80,80,80,80,80,80,80,80,80],"card_choices":[{"not_picked":["Warcry","Pummel"],"picked":"Anger","floor":1},{"not_picked":["Havoc","Thunderclap"],"picked":"Power Through","floor":2},{"not_picked":["Intimidate","Clash"],"picked":"Armaments","floor":3},{"not_picked":["Rage","Flex"],"picked":"Thunderclap","floor":4},{"not_picked":["Flex","Warcry"],"picked":"Battle Trance","floor":7},{"not_picked":["Pommel Strike","Armaments","Burning Pact"],"picked":"SKIP","floor":10},{"not_picked":["Havoc","Pommel Strike"],"picked":"True Grit","floor":11},{"not_picked":["Twin Strike","Armaments"],"picked":"Immolate","floor":12},{"not_picked":["Sword Boomerang","Carnage","Cleave"],"picked":"SKIP","floor":13},{"not_picked":["Double Tap","Immolate"],"picked":"Impervious","floor":16},{"not_picked":["Twin Strike+1","Anger+1","Pommel Strike+1"],"picked":"SKIP","floor":18},{"not_picked":["Twin Strike","Armaments","Searing Blow"],"picked":"SKIP","floor":22},{"not_picked":["Havoc","Dropkick+1"],"picked":"Shrug It Off","floor":24},{"not_picked":["Rage","Cleave","Burning Pact"],"picked":"SKIP","floor":25},{"not_picked":["Sword Boomerang+1","Body Slam"],"picked":"Battle Trance+1","floor":27},{"not_picked":["Ghostly Armor+1","Anger"],"picked":"Hemokinesis+1","floor":28},{"not_picked":["Double Tap","Thunderclap"],"picked":"Evolve+1","floor":29},{"not_picked":["Shrug It Off","Dual Wield+1","Armaments"],"picked":"SKIP","floor":30},{"not_picked":["Combust+1","Bloodletting","Power Through+1"],"picked":"SKIP","floor":31},{"not_picked":["Berserk+1","Double Tap"],"picked":"Limit Break","floor":33},{"not_picked":["Clothesline","Wild Strike+1","Anger+1"],"picked":"SKIP","floor":35},{"not_picked":["Armaments","Second Wind+1"],"picked":"Sentinel","floor":37}],"player_experience":428558,"relics_obtained":[{"floor":7,"key":"Bag of Preparation"},{"floor":8,"key":"Orichalcum"},{"floor":9,"key":"MawBank"},{"floor":17,"key":"Centennial Puzzle"},{"floor":17,"key":"Blue Candle"},{"floor":17,"key":"Torii"},{"floor":24,"key":"Frozen Egg 2"},{"floor":26,"key":"Mummified Hand"}],"event_choices":[{"damage_healed":0,"gold_gain":0,"player_choice":"Success","damage_taken":52,"relics_obtained":["Omamori"],"max_hp_gain":0,"max_hp_loss":0,"event_name":"Scrap Ooze","floor":5,"gold_loss":0},{"damage_healed":0,"gold_gain":99,"player_choice":"Stole From Cult","damage_taken":0,"max_hp_gain":0,"max_hp_loss":0,"event_name":"Nest","floor":19,"gold_loss":0},{"cards_removed":["Impervious"],"damage_healed":0,"gold_gain":0,"player_choice":"Took Card","damage_taken":0,"max_hp_gain":0,"max_hp_loss":0,"event_name":"NoteForYourself","floor":20,"gold_loss":0,"cards_obtained":["Iron Wave"]},{"damage_healed":0,"gold_gain":0,"player_choice":"Bought 1 Potion","damage_taken":0,"max_hp_gain":0,"max_hp_loss":0,"event_name":"The Woman in Blue","floor":36,"gold_loss":0},{"cards_removed":["Iron Wave"],"damage_healed":0,"gold_gain":0,"player_choice":"Removed Attack","damage_taken":0,"max_hp_gain":0,"max_hp_loss":0,"event_name":"Falling","floor":39,"gold_loss":0}],"is_beta":false,"boss_relics":[{"not_picked":["Tiny House","Astrolabe"],"picked":"Calling Bell"},{"not_picked":["SlaversCollar","Sozu"],"picked":"Pandora\u0027s Box"}],"items_purged_floors":[21,38],"is_endless":false,"potions_floor_spawned":[1,3,10,11,16,18,22,28,33],"killed_by":"Nemesis","ascension_level":0}}