{"host":"cc187","time":1608252278,"event":{"mods":["AchievementEnabler","BaseMod","Bestiary","Colored Map","Colored Powertips","Highlight Path","Keyboard Shortcuts","Minty Spire (QoL Compilation)","Quick Restart","Rare Cards Sparkle","Relic Stats","StSLib","SuperFastMode","Synergy Search"],"gold_per_floor":[116,116,130,130,94,121,121,150,150,178,188,188,188,201,201,274,274,239,85,85,102,17,17,17,49,49,49,65,83,83,11,11,97,97,119,177,17,46,0,0,28,62,110,122,122,157,180,190,190,190],"floor_reached":51,"playtime":5342,"items_purged":["Strike_G","Strike_G"],"score":1212,"play_id":"7c00ef06-006d-40f2-8760-67241c6d8088","local_time":"20201218004438","is_ascension_mode":true,"campfire_choices":[{"data":"Bouncing Flask","floor":7,"key":"SMITH"},{"data":"Bullet Time","floor":13,"key":"SMITH"},{"floor":15,"key":"REST"},{"data":"Neutralize","floor":23,"key":"SMITH"},{"floor":27,"key":"REST"},{"data":"Mind Blast","floor":30,"key":"SMITH"},{"data":"Burst","floor":32,"key":"SMITH"},{"floor":40,"key":"REST"},{"floor":45,"key":"REST"},{"data":"Catalyst","floor":49,"key":"SMITH"}],"circlet_count":0,"master_deck":["AscendersBane","Strike_G+1","Strike_G","Defend_G","Defend_G","Defend_G","Defend_G","Defend_G","Survivor","Neutralize+1","Well Laid Plans","Footwork","PiercingWail","Dash","Bouncing Flask+1","Backflip","Bullet Time+1","Burst+1","Backflip","Die Die Die","Calculated Gamble+1","Escape Plan","Dagger Throw+1","Mind Blast+1","Noxious Fumes","Corpse Explosion","Backflip+1","Acrobatics","Reflex","Bane+1","Deadly Poison","Blur","Dash","Catalyst+1"],"relics":["Ring of the Snake","NeowsBlessing","Shuriken","PreservedInsect","MealTicket","Snake Skull","Velvet Choker","Paper Crane","CeramicFish","Mercury Hourglass","HoveringKite","FossilizedHelix","Red Mask","Tough Bandages","Omamori","Whetstone"],"acts_visited":["Exordium","TheCity","TheBeyond"],"potions_floor_usage":[10,14,16,28,29,33,46,46,50],"damage_taken":[{"damage":0,"enemies":"Small Slimes","floor":1,"turns":1},{"damage":0,"enemies":"Cultist","floor":3,"turns":1},{"damage":0,"enemies":"Gremlin Nob","floor":6,"turns":1},{"damage":19,"enemies":"3 Sentries","floor":8,"turns":12},{"damage":11,"enemies":"Lagavulin","floor":10,"turns":5},{"damage":1,"enemies":"Jaw Worm","floor":11,"turns":6},{"damage":0,"enemies":"Looter","floor":14,"turns":2},{"damage":10,"enemies":"The Guardian","floor":16,"turns":8},{"damage":11,"enemies":"2 Thieves","floor":18,"turns":5},{"damage":10,"enemies":"Spheric Guardian","floor":21,"turns":5},{"damage":26,"enemies":"Slavers","floor":25,"turns":6},{"damage":0,"enemies":"Snake Plant","floor":28,"turns":4},{"damage":10,"enemies":"Chosen and Byrds","floor":29,"turns":5},{"damage":27,"enemies":"Collector","floor":33,"turns":8},{"damage":13,"enemies":"3 Darklings","floor":35,"turns":2},{"damage":40,"enemies":"2 Orb Walkers","floor":36,"turns":4},{"damage":0,"enemies":"Orb Walker","floor":38,"turns":2},{"damage":9,"enemies":"3 Darklings","floor":41,"turns":3},{"damage":8,"enemies":"Mind Bloom Boss Battle","floor":42,"turns":6},{"damage":0,"enemies":"4 Shapes","floor":44,"turns":5},{"damage":9,"enemies":"Reptomancer","floor":46,"turns":4},{"damage":15,"enemies":"Writhing Mass","floor":47,"turns":5},{"damage":0,"enemies":"Transient","floor":48,"turns":5},{"damage":12,"enemies":"Donu and Deca","floor":50,"turns":6}],"seed_played":"-7210439309166312779","potions_obtained":[{"floor":8,"key":"Energy Potion"},{"floor":10,"key":"Block Potion"},{"floor":14,"key":"DistilledChaos"},{"floor":16,"key":"Strength Potion"},{"floor":25,"key":"LiquidBronze"},{"floor":28,"key":"SteroidPotion"},{"floor":33,"key":"FairyPotion"},{"floor":36,"key":"LiquidBronze"},{"floor":41,"key":"Fire Potion"},{"floor":48,"key":"Dexterity Potion"}],"is_trial":false,"path_per_floor":["M","?","M","?","$","E","R","E","T","E","M","?","R","M","R","B",null,"M","$","?","M","?","R","?","E","T","R","M","M","R","$","R","B",null,"M","?","$","M","?","R","M","?","T","M","R","E","M","M","R","B",null],"character_chosen":"THE_SILENT","items_purchased":["Bouncing Flask","Escape Plan","Noxious Fumes","Reflex"],"campfire_rested":4,"item_purchase_floors":[5,19,31,37],"current_hp_per_floor":[59,52,52,52,52,52,52,33,33,22,21,21,21,21,40,30,57,46,61,61,51,51,51,39,13,13,32,32,22,22,37,37,10,52,39,19,34,34,34,53,44,36,36,36,55,46,31,31,31,19],"gold":190,"neow_bonus":"THREE_ENEMY_KILL","is_daily":false,"chose_seed":false,"campfire_upgraded":6,"win_rate":0.0,"timestamp":1608252278,"path_taken":["M","?","M","?","$","E","R","E","T","E","?","?","R","M","R","BOSS","M","$","?","M","?","R","?","E","T","R","?","M","R","?","R","BOSS","M","?","$","M","?","R","M","?","T","M","R","E","M","M","R","BOSS"],"items_purchased_type":["Card","Card","Card","Card"],"build_version":"2020-12-07","purchased_purges":2,"victory":true,"max_hp_per_floor":[66,66,66,66,66,66,66,66,66,66,66,66,66,66,66,66,66,66,66,66,66,66,66,66,66,66,66,66,66,66,66,66,66,66,66,66,66,66,66,66,66,66,66,66,66,66,66,66,66,66],"relic_stats":{"Tough Bandages":[63],"counters":[24,111],"Shuriken":[6],"CeramicFish":90,"HoveringKite":[17],"MealTicket":45,"PreservedInsect":130,"Snake Skull":[163],"Whetstone":["Bane","Strike_G"],"obtain_stats":[{"NeowsBlessing":0,"CeramicFish":25,"Velvet Choker":17,"HoveringKite":34,"PreservedInsect":8,"Snake Skull":10,"Omamori":43,"Whetstone":46,"Paper Crane":22,"Mercury Hourglass":26,"Tough Bandages":42,"Shuriken":6,"MealTicket":9,"Red Mask":39,"FossilizedHelix":36,"Ring of the Snake":0},{"NeowsBlessing":0,"CeramicFish":11,"Velvet Choker":8,"HoveringKite":14,"PreservedInsect":4,"Snake Skull":5,"Omamori":19,"Whetstone":21,"Paper Crane":10,"Mercury Hourglass":11,"Tough Bandages":19,"Shuriken":3,"MealTicket":4,"Red Mask":17,"FossilizedHelix":16,"Ring of the Snake":0},{"NeowsBlessing":0,"CeramicFish":52,"Velvet Choker":36,"HoveringKite":69,"PreservedInsect":15,"Snake Skull":20,"Omamori":86,"Whetstone":95,"Paper Crane":46,"Mercury Hourglass":52,"Tough Bandages":86,"Shuriken":3,"MealTicket":15,"Red Mask":77,"FossilizedHelix":75,"Ring of the Snake":0}],"Ring of the Snake":[48],"Mercury Hourglass":[264]},"card_choices":[{"not_picked":["Sucker Punch","Dagger Throw"],"picked":"Well Laid Plans","floor":1},{"not_picked":["Cloak And Dagger","Outmaneuver"],"picked":"Footwork","floor":3},{"not_picked":["Setup","Deadly Poison"],"picked":"Backflip","floor":6},{"not_picked":["Sucker Punch","Footwork"],"picked":"Bullet Time","floor":8},{"not_picked":["Caltrops","Skewer"],"picked":"Burst","floor":10},{"not_picked":["Acrobatics","Skewer","Dagger Spray"],"picked":"SKIP","floor":11},{"not_picked":["Expertise","Poisoned Stab"],"picked":"Backflip","floor":14},{"not_picked":["Phantasmal Killer","Glass Knife"],"picked":"Die Die Die","floor":16},{"not_picked":["Dash+1","Dagger Throw"],"picked":"Calculated Gamble+1","floor":18},{"not_picked":["Dagger Spray+1","Bane"],"picked":"Dagger Throw+1","floor":21},{"not_picked":["Slice","Eviscerate","All Out Attack"],"picked":"SKIP","floor":25},{"not_picked":["Accuracy","Dagger Spray","Outmaneuver"],"picked":"SKIP","floor":28},{"not_picked":["Poisoned Stab","Flying Knee","Outmaneuver"],"picked":"SKIP","floor":29},{"not_picked":["Wraith Form v2","Phantasmal Killer"],"picked":"Corpse Explosion","floor":33},{"not_picked":["Dodge and Roll+1","Outmaneuver"],"picked":"Backflip+1","floor":35},{"not_picked":["Deflect","Flying Knee+1"],"picked":"Acrobatics","floor":36},{"not_picked":["Reflex","Quick Slash+1"],"picked":"Bane","floor":38},{"not_picked":["Slice","Infinite Blades+1"],"picked":"Deadly Poison","floor":41},{"not_picked":["Dagger Spray","Deadly Poison"],"picked":"Blur","floor":42},{"not_picked":["Flechettes+1","Eviscerate","Backflip"],"picked":"SKIP","floor":44},{"not_picked":["Doppelganger","Outmaneuver"],"picked":"Dash","floor":46},{"not_picked":["Poisoned Stab","Acrobatics+1"],"picked":"Catalyst","floor":47},{"not_picked":["Blur","Setup","Die Die Die"],"picked":"SKIP","floor":48}],"player_experience":762088,"relics_obtained":[{"floor":6,"key":"Shuriken"},{"floor":8,"key":"PreservedInsect"},{"floor":9,"key":"MealTicket"},{"floor":10,"key":"Snake Skull"},{"floor":25,"key":"CeramicFish"},{"floor":26,"key":"Mercury Hourglass"},{"floor":36,"key":"FossilizedHelix"},{"floor":42,"key":"Tough Bandages"},{"floor":43,"key":"Omamori"},{"floor":46,"key":"Whetstone"}],"event_choices":[{"cards_removed":["Strike_G"],"damage_healed":0,"gold_gain":0,"player_choice":"Card Removal","damage_taken":7,"max_hp_gain":0,"max_hp_loss":0,"event_name":"Golden Wing","floor":2,"gold_loss":0},{"damage_healed":0,"gold_gain":0,"player_choice":"2 cards matched","damage_taken":0,"max_hp_gain":0,"max_hp_loss":0,"event_name":"Match and Keep!","floor":4,"gold_loss":0,"cards_obtained":["PiercingWail","Dash"]},{"damage_healed":0,"gold_gain":0,"player_choice":"Searched \u00270\u0027 times","damage_taken":0,"max_hp_gain":0,"max_hp_loss":0,"event_name":"Dead Adventurer","floor":12,"gold_loss":0},{"damage_healed":0,"gold_gain":0,"player_choice":"Ignored","damage_taken":0,"max_hp_gain":0,"max_hp_loss":0,"event_name":"Ghosts","floor":20,"gold_loss":0},{"damage_healed":0,"gold_gain":0,"player_choice":"Obtained Relic","damage_taken":0,"relics_obtained":["Paper Crane"],"max_hp_gain":0,"max_hp_loss":0,"event_name":"Addict","floor":22,"gold_loss":85},{"damage_healed":0,"gold_gain":0,"player_choice":"CARD ","damage_taken":12,"max_hp_gain":0,"max_hp_loss":0,"event_name":"Knowing Skull","floor":24,"potions_obtained":[],"gold_loss":0,"cards_obtained":["Mind Blast"]},{"damage_healed":0,"gold_gain":0,"player_choice":"Fight","damage_taken":0,"max_hp_gain":0,"max_hp_loss":0,"event_name":"Mysterious Sphere","floor":36,"gold_loss":0},{"damage_healed":0,"gold_gain":0,"player_choice":"Paid","damage_taken":0,"relics_obtained":["Red Mask"],"max_hp_gain":0,"max_hp_loss":0,"event_name":"Tomb of Lord Red Mask","floor":39,"gold_loss":46},{"damage_healed":0,"gold_gain":0,"player_choice":"Fight","damage_taken":0,"max_hp_gain":0,"max_hp_loss":0,"event_name":"MindBloom","floor":42,"gold_loss":0}],"is_beta":true,"boss_relics":[{"not_picked":["Calling Bell","Pandora\u0027s Box"],"picked":"Velvet Choker"},{"not_picked":["Runic Dome","Coffee Dripper"],"picked":"HoveringKite"}],"items_purged_floors":[19,37],"is_endless":false,"potions_floor_spawned":[8,10,14,16,25,28,33,36,41,42,48],"ascension_level":14}}