{"host":"90jl2h70xtuoeg0i","time":1608273333,"event":{"mods":["AchievementEnabler","BaseMod","Colored Map","Colored Powertips","Minty Spire (QoL Compilation)","Relic Stats","ojb\u0027s Better Paths Mod","ojb\u0027s Info Mod"],"gold_per_floor":[109,109,119,38,38,66,66,92,92,92,92],"floor_reached":10,"playtime":734,"items_purged":[],"score":198,"play_id":"13269a34-db9f-4d43-bba7-2deb971e3c3e","local_time":"20201218013533","is_ascension_mode":true,"campfire_choices":[{"floor":7,"key":"DIG"}],"circlet_count":0,"master_deck":["AscendersBane","Strike_G","Strike_G","Strike_G","Strike_G","Defend_G","Defend_G","Defend_G","Defend_G","Defend_G","Survivor","Neutralize","Dagger Throw","Accuracy","Dagger Spray","Leg Sweep","Backstab","Finisher"],"relics":["Ring of the Snake","NeowsBlessing","Shovel","Toy Ornithopter","Bag of Marbles","Tough Bandages"],"acts_visited":["Exordium"],"potions_floor_usage":[10,10,10,10],"damage_taken":[{"damage":0,"enemies":"Jaw Worm","floor":1,"turns":1},{"damage":0,"enemies":"2 Louse","floor":3,"turns":1},{"damage":0,"enemies":"Lagavulin","floor":6,"turns":1},{"damage":36,"enemies":"Gremlin Nob","floor":8,"turns":6},{"damage":51,"enemies":"Lagavulin","floor":10,"turns":11}],"seed_played":"-9174781947248483583","potions_obtained":[{"floor":6,"key":"Explosive Potion"},{"floor":8,"key":"EntropicBrew"}],"is_trial":false,"path_per_floor":["M","?","M","$","?","E","R","E","T","E"],"character_chosen":"THE_SILENT","items_purchased":["Leg Sweep"],"campfire_rested":0,"item_purchase_floors":[4],"current_hp_per_floor":[59,59,59,59,59,59,59,23,23,0,0],"gold":92,"neow_bonus":"THREE_ENEMY_KILL","is_daily":false,"chose_seed":false,"campfire_upgraded":0,"win_rate":0.0,"timestamp":1608273333,"path_taken":["M","?","M","$","?","E","R","E","T","E"],"items_purchased_type":["Card"],"build_version":"2020-12-13","purchased_purges":0,"victory":false,"max_hp_per_floor":[66,66,66,66,66,66,66,66,66,66,66],"relic_stats":{"Tough Bandages":[18],"Shovel":1,"counters":[5,20],"obtain_stats":[{"Tough Bandages":9,"Shovel":6,"NeowsBlessing":0,"Bag of Marbles":8,"Toy Ornithopter":7,"Ring of the Snake":0},{"Tough Bandages":4,"Shovel":3,"NeowsBlessing":0,"Bag of Marbles":4,"Toy Ornithopter":3,"Ring of the Snake":0},{"Tough Bandages":9,"Shovel":3,"NeowsBlessing":0,"Bag of Marbles":9,"Toy Ornithopter":3,"Ring of the Snake":0}],"Toy Ornithopter":20,"Ring of the Snake":[10]},"card_choices":[{"not_picked":["Dodge and Roll","Prepared"],"picked":"Dagger Throw","floor":1},{"not_picked":["Bane","Underhanded Strike"],"picked":"Dagger Spray","floor":3},{"not_picked":["Acrobatics","Skewer"],"picked":"Backstab","floor":6},{"not_picked":["Skewer","Wraith Form v2"],"picked":"Finisher","floor":8}],"player_experience":1370352,"relics_obtained":[{"floor":6,"key":"Shovel"},{"floor":7,"key":"Toy Ornithopter"},{"floor":8,"key":"Bag of Marbles"},{"floor":9,"key":"Tough Bandages"}],"event_choices":[{"damage_healed":0,"gold_gain":0,"cards_transformed":["Strike_G"],"player_choice":"Change","damage_taken":0,"max_hp_gain":0,"max_hp_loss":0,"event_name":"Living Wall","floor":2,"gold_loss":0,"cards_obtained":["Accuracy"]},{"damage_healed":0,"gold_gain":0,"player_choice":"Ignored","damage_taken":0,"max_hp_gain":0,"max_hp_loss":0,"event_name":"Liars Game","floor":5,"gold_loss":0}],"is_beta":false,"boss_relics":[],"items_purged_floors":[],"is_endless":false,"potions_floor_spawned":[6,8],"killed_by":"Lagavulin","ascension_level":20}}