{"host":"Charlie","time":1608332703,"event":{"mods":["Aspiration","BaseMod","Better Skull","Better Third Choice","BetterRewards","ChefMod","Colored Map","Colored Powertips","Conspire","Downfall","Ekko","Friendly Minions","Halation","Hermit","Hubris","Infinite Spire","Luminous","Minty Spire (QoL Compilation)","Quick Restart","Rare Cards Sparkle","Relic Stats","Robot Space Explorer","Shade Mod","Spicy Shops","StSLib","SuperFastMode","Synergy Search","The Animator","The Blue Laboratory","The Cursed","The Dragon Tamer","The Factory","The Gatherer","The Jungle","The Necromancer","Unceasing Turn Reminder","vexMod"],"gold_per_floor":[118,118,137,60,60,87,107,107,134,134,165,180,180,180,180,306,306,325,325,325,344,367,367,385,385,385,398,68,93,129,152,152,278,278,293,268,0,0,20,20,43,76,103,146,199,199,222,222,222,222,222,222],"floor_reached":50,"playtime":2534,"items_purged":["Underhanded Strike"],"score":680,"play_id":"2f98bb6d-9534-40b3-b3cd-99cf82016fdd","local_time":"20201218150503","is_ascension_mode":false,"metric_token":2387,"campfire_choices":[{"data":"DTMod:CrossStep","floor":8.0,"key":"SMITH"},{"data":"DTMod:Multitask","floor":10.0,"key":"SMITH"},{"data":"DTMod:Prediction","floor":13.0,"key":"SMITH"},{"data":"Burst","floor":15.0,"key":"SMITH"},{"data":"DTMod:Inferno","floor":23.0,"key":"SMITH"},{"floor":32.0,"key":"REST"},{"data":"DTMod:LightShield","floor":40,"key":"SMITH"},{"data":"DTMod:Inferno","floor":46,"key":"SMITH"},{"floor":49,"key":"REST"}],"dtmod_dragon_data":[28,56,0,2,0,12],"circlet_count":0,"master_deck":["DTMod:Strike+1","DTMod:Strike+1","DTMod:DoubleHit","DTMod:TargetDefense+1","DTMod:TargetDefense+1","DTMod:TargetDefense+1","DTMod:SwitchingTactic+1","DTMod:TagTeam+1","DTMod:BalancedStrike","Burst+1","Die Die Die","DTMod:Multitask+1","DTMod:CrossStep+1","DTMod:Prediction+1","DTMod:Inferno+1","DTMod:MaximumCharge+1","DTMod:CleansingStrike+1","DTMod:LightShield+1","DTMod:Inferno+1","DTMod:WarmUp+1","DTMod:ForkedFire+1","hubris:EnhanceAbility","Transmutation","The Bomb"],"relics":["DTMod:PactStone","NeowsBlessing","Boot","Frozen Eye","TungstenRod","DTMod:DragonFood","Golden Idol","Sozu","hubris:Towel","Matryoshka","Ornamental Fan","vexMod:MemoryStick","SlaversCollar","Red Mask","hubris:Icosahedron","hubris:TenFootPole","War Paint","Happy Flower","Calipers","Nunchaku","PreservedInsect"],"acts_visited":["Exordium","TheCity","TheBeyond"],"potions_floor_usage":[],"damage_taken":[{"damage":0.0,"enemies":"conspire:RoseBush","floor":1.0,"turns":1.0},{"damage":0.0,"enemies":"Jaw Worm","floor":3.0,"turns":1.0},{"damage":0.0,"enemies":"3 Sentries","floor":6.0,"turns":1.0},{"damage":0.0,"enemies":"Cultist","floor":7.0,"turns":4.0},{"damage":0.0,"enemies":"Lagavulin","floor":11.0,"turns":11.0},{"damage":0.0,"enemies":"Blue Slaver","floor":12.0,"turns":4.0},{"damage":8.0,"enemies":"The Guardian","floor":16.0,"turns":13.0},{"damage":8.0,"enemies":"3 Byrds","floor":18.0,"turns":4.0},{"damage":0.0,"enemies":"Spheric Guardian","floor":21.0,"turns":3.0},{"damage":0.0,"enemies":"Snake Plant","floor":22.0,"turns":4.0},{"damage":0.0,"enemies":"Cultist and Chosen","floor":24.0,"turns":4.0},{"damage":0.0,"enemies":"Snecko","floor":27.0,"turns":3.0},{"damage":0.0,"enemies":"Snake Plant","floor":29.0,"turns":3.0},{"damage":0.0,"enemies":"conspire:Head Lice","floor":30.0,"turns":4.0},{"damage":0.0,"enemies":"conspire:HollyBat","floor":31.0,"turns":9.0},{"damage":1.0,"enemies":"Collector","floor":33.0,"turns":9.0},{"damage":0.0,"enemies":"Orb Walker","floor":35.0,"turns":2.0},{"damage":0.0,"enemies":"3 Darklings","floor":39.0,"turns":3.0},{"damage":0,"enemies":"Transient","floor":41,"turns":5},{"damage":0,"enemies":"Nemesis","floor":42,"turns":9},{"damage":0,"enemies":"Giant Head","floor":44,"turns":7},{"damage":0,"enemies":"Maw","floor":47,"turns":7},{"damage":42,"enemies":"hubris:GrandSnecko","floor":50,"turns":8}],"seed_played":"-8726221097957725436","potions_obtained":[{"floor":1.0,"key":"AttackPotion"},{"floor":7.0,"key":"Ancient Potion"},{"floor":11.0,"key":"champ:CounterPotion"}],"is_trial":false,"path_per_floor":["M","?","M","$","?","E","M","R","T","R","E","M","R","?","R","B",null,"M","?","?","M","M","R","M","?","T","M","$","M","E","M","R","B",null,"M","?","?","?","M","R","M","E","T","E","T","R","M","?","R","B"],"character_chosen":"THE_DT","items_purchased":["Frozen Eye","Ornamental Fan"],"campfire_rested":2,"item_purchase_floors":[4,28],"current_hp_per_floor":[45,45,45,45,45,45,45,45,45,45,45,45,45,42,42,34,42,34,10,10,10,10,10,10,10,10,10,10,10,10,10,22,21,42,42,42,42,42,42,42,42,42,42,42,42,42,42,38,42,0,0,0],"gold":222,"neow_bonus":"THREE_ENEMY_KILL","is_daily":false,"chose_seed":false,"campfire_upgraded":7,"win_rate":0.0,"timestamp":1608332703,"path_taken":["M","?","M","$","?","E","?","R","T","R","E","?","R","?","R","BOSS","M","?","?","M","M","R","M","?","T","M","$","M","E","?","R","BOSS","M","?","?","?","M","R","M","E","T","E","?","R","?","?","R","BOSS"],"items_purchased_type":["Relic","Relic"],"build_version":"2020-12-17","purchased_purges":1,"victory":false,"max_hp_per_floor":[45,45,45,45,45,45,45,45,45,45,45,45,45,42,42,42,42,42,42,42,42,42,42,42,42,42,42,42,42,42,42,42,42,42,42,42,42,42,42,42,42,42,42,42,42,42,42,42,42,42,42,42],"relic_stats":{"Sozu":5,"Nunchaku":[2],"Happy Flower":[7],"counters":[23,119],"Golden Idol":120,"Ornamental Fan":[56],"PreservedInsect":0,"War Paint":["DTMod:SwitchingTactic","DTMod:TagTeam"],"Boot":[15],"obtain_stats":[{"vexMod:MemoryStick":30,"Calipers":44,"NeowsBlessing":0,"Happy Flower":43,"Golden Idol":14,"PreservedInsect":45,"hubris:Towel":25,"War Paint":43,"Boot":2,"Sozu":17,"Frozen Eye":4,"SlaversCollar":34,"Nunchaku":45,"Matryoshka":26,"hubris:Icosahedron":38,"DTMod:PactStone":0,"Ornamental Fan":28,"DTMod:DragonFood":11,"Red Mask":37,"hubris:TenFootPole":42,"TungstenRod":6},{"vexMod:MemoryStick":14,"Calipers":21,"NeowsBlessing":0,"Happy Flower":20,"Golden Idol":6,"PreservedInsect":21,"hubris:Towel":11,"War Paint":20,"Boot":1,"Sozu":7,"Frozen Eye":2,"SlaversCollar":16,"Nunchaku":21,"Matryoshka":11,"hubris:Icosahedron":17,"DTMod:PactStone":0,"Ornamental Fan":12,"DTMod:DragonFood":5,"Red Mask":17,"hubris:TenFootPole":20,"TungstenRod":3},{"vexMod:MemoryStick":60,"Calipers":104,"NeowsBlessing":0,"Happy Flower":97,"Golden Idol":22,"PreservedInsect":104,"hubris:Towel":50,"War Paint":97,"Boot":1,"Sozu":35,"Frozen Eye":2,"SlaversCollar":78,"Nunchaku":104,"Matryoshka":50,"hubris:Icosahedron":80,"DTMod:PactStone":0,"Ornamental Fan":53,"DTMod:DragonFood":18,"Red Mask":80,"hubris:TenFootPole":97,"TungstenRod":3}],"TungstenRod":14},"card_choices":[{"not_picked":["DTMod:Threaten","DTMod:QuickFly"],"picked":"DTMod:TagTeam","floor":1.0},{"not_picked":["DTMod:Cover","DTMod:MagicField"],"picked":"DTMod:BalancedStrike","floor":3.0},{"not_picked":["DTMod:RunningTactic","DTMod:TagTeam"],"picked":"DTMod:Multitask","floor":6.0},{"not_picked":["DTMod:MagicField","DTMod:FlameSlash"],"picked":"DTMod:CrossStep","floor":7.0},{"not_picked":["DTMod:BuildUp","DTMod:Punisher"],"picked":"DTMod:Prediction","floor":11.0},{"not_picked":["DTMod:CleansingStrike","DTMod:BreakAttack","DTMod:DarkBreath"],"picked":"SKIP","floor":12.0},{"not_picked":["DTMod:LightShield","DTMod:FierySynthesis"],"picked":"DTMod:Inferno","floor":16.0},{"not_picked":["DTMod:DragonDance","DTMod:FlameSlash"],"picked":"DTMod:MaximumCharge+1","floor":18.0},{"not_picked":["DTMod:LowKick","DTMod:BizarreTactic+1","DTMod:MaximumCharge"],"picked":"SKIP","floor":21.0},{"not_picked":["DTMod:BreakAttack","DTMod:LowKick","DTMod:BalancedStrike"],"picked":"SKIP","floor":22.0},{"not_picked":["DTMod:MasterPlan","DTMod:BurningEnergy"],"picked":"DTMod:CleansingStrike+1","floor":24.0},{"not_picked":["DTMod:HeatWave","DTMod:CleansingStrike","DTMod:BuildUp"],"picked":"SKIP","floor":27.0},{"not_picked":["DTMod:BlazingStrike","DTMod:Cover","DTMod:CleansingStrike+1"],"picked":"SKIP","floor":29.0},{"not_picked":["DTMod:MagiciansMark","DTMod:Training"],"picked":"DTMod:LightShield","floor":30.0},{"not_picked":["DTMod:BuildUp","DTMod:StarRain","DTMod:QuickFly"],"picked":"SKIP","floor":31.0},{"not_picked":["DTMod:Multitask","DTMod:ResonanceForm"],"picked":"DTMod:Inferno","floor":33.0},{"not_picked":["DTMod:MasterPlan+1","DTMod:TagTeam+1","DTMod:DeepFocus"],"picked":"SKIP","floor":35.0},{"not_picked":["DTMod:BuildUp","DTMod:TagTeam"],"picked":"DTMod:WarmUp+1","floor":39.0},{"not_picked":["DTMod:Cover+1","DTMod:MagicField+1"],"picked":"DTMod:ForkedFire+1","floor":41},{"not_picked":["DTMod:CleansingStrike","DTMod:ComboAttack+1","DTMod:RecklessFlurry"],"picked":"SKIP","floor":42},{"not_picked":["DTMod:BurningEnergy","DTMod:BlueScale","DTMod:QuickFly+1"],"picked":"SKIP","floor":44},{"not_picked":["DTMod:TauntingStrike","DTMod:StarRain+1","DTMod:MagiciansMark+1"],"picked":"SKIP","floor":47},{"not_picked":["Discovery","HandOfGreed"],"picked":"hubris:EnhanceAbility","floor":48},{"not_picked":["Jack Of All Trades","expansioncontent:Flail"],"picked":"Transmutation","floor":48},{"not_picked":["hubris:Ssssneak","vexMod:EmailVexCard"],"picked":"The Bomb","floor":48}],"player_experience":429027,"relics_obtained":[{"floor":2.0,"key":"Boot"},{"floor":6.0,"key":"TungstenRod"},{"floor":11.0,"key":"DTMod:DragonFood"},{"floor":26.0,"key":"Matryoshka"},{"floor":30.0,"key":"vexMod:MemoryStick"},{"floor":42,"key":"hubris:TenFootPole"},{"floor":43,"key":"War Paint"},{"floor":43,"key":"Happy Flower"},{"floor":44,"key":"Calipers"},{"floor":45,"key":"Nunchaku"},{"floor":45,"key":"PreservedInsect"}],"event_choices":[{"damage_healed":0.0,"max_hp_gain":0.0,"max_hp_loss":3.0,"gold_gain":0.0,"event_name":"Golden Idol","player_choice":"Lose Max HP","floor":14.0,"gold_loss":0.0,"damage_taken":0.0,"relics_obtained":["Golden Idol"]},{"damage_healed":0.0,"max_hp_gain":0.0,"max_hp_loss":5.0,"gold_gain":0.0,"event_name":"betterThird:BetterWriting","player_choice":"Simplicity","floor":20.0,"gold_loss":0.0,"damage_taken":0.0},{"damage_healed":0.0,"max_hp_gain":0.0,"max_hp_loss":0.0,"gold_gain":0.0,"event_name":"Tomb of Lord Red Mask","player_choice":"Paid","floor":37.0,"gold_loss":268.0,"damage_taken":0.0,"relics_obtained":["Red Mask"]},{"damage_healed":0,"gold_gain":0,"player_choice":"Memory 3","damage_taken":10,"max_hp_gain":0,"max_hp_loss":0,"event_name":"SensoryStone","floor":48,"gold_loss":0}],"is_beta":true,"boss_relics":[{"not_picked":["halation:PlatinumPhoenix","conspire:SeveredTorchhead"],"picked":"Sozu"},{"not_picked":["DTMod:TheChair","conspire:SlowCooker"],"picked":"SlaversCollar"}],"items_purged_floors":[28],"is_endless":false,"potions_floor_spawned":[1,7,11,21,24,29,41,44],"killed_by":"hubris:GrandSnecko","ascension_level":0}}