{"host":"2461dio7vetlq1z3","time":1608310045,"event":{"mods":["2.2 Compatiblity","AchievementEnabler","BaseMod","Better Third Choice","Hermit","Minty Spire (QoL Compilation)","Relic Stats","Spicy Shops","StSLib","The Animator","Waifu the Spire"],"gold_per_floor":[124,155,7,7,7,7,45,45,45,64,64,82,116,140,140,269,269,290,290,290,560,579,579,579,579,652,262,262,262,33,66,66,173,273,273,293,318,24,43,103,113,113,138,197,197,253,253,264,264,264,264,264,645,695,750,750,750,133,208,208,208],"floor_reached":60,"playtime":4595,"items_purged":["animator:Defend","animator:Defend","animator:Bozes","animator:Defend_AccelWorld","animator:Viivi"],"score":1072,"play_id":"67497729-8e4c-4efb-9511-b3b2153dfba6","local_time":"20201218174725","is_ascension_mode":true,"campfire_choices":[{"data":"animator:Viivi","floor":6,"key":"SMITH"},{"floor":8,"key":"REST"},{"data":"animator:Kuroyukihime","floor":11,"key":"SMITH"},{"data":"animator:TsurugaMeisai","floor":15,"key":"SMITH"},{"data":"animator:Biyorigo","floor":23,"key":"SMITH"},{"data":"animator:UneriGinkaku","floor":25,"key":"SMITH"},{"data":"Bite","floor":28,"key":"SMITH"},{"data":"animator:Hakurou","floor":32,"key":"SMITH"},{"data":"animator:Fredrika","floor":42,"key":"SMITH"},{"floor":45,"key":"RECALL"},{"data":"animator:LimeBell","floor":49,"key":"SMITH"},{"data":"animator:Gilgamesh+9","floor":52,"key":"SMITH"}],"circlet_count":0,"master_deck":["animator:Defend","animator:Kuroyukihime+1","animator:LimeBell+1","animator:Viivi+1","animator:Fredrika+1","animator:TsurugaMeisai+1","animator:Rena+1","animator:Biyorigo+1","animator:Hakurou+1","Bite","Bite+1","Bite","Bite+1","Bite","animator:ZankiKiguchi","animator:TsurugaMeisai+1","animator:Kuribayashi+1","animator:Hitei+1","animator:Aisha+1","animator:Biyorigo+1"],"relics":["animator:TheEgnaroPiece","animator:AncientMedallion"],"acts_visited":["Exordium","TheCity","TheBeyond","TheEnding","EYB:TheUnnamedReign"],"potions_floor_usage":[13,16,31,31,31,31,35,44,46,50,50,50,55,59,59,60],"damage_taken":[{"damage":0,"enemies":"Cultist","floor":1,"turns":4},{"damage":0,"enemies":"Jaw Worm","floor":2,"turns":3},{"damage":30,"enemies":"3 Sentries","floor":7,"turns":11},{"damage":6,"enemies":"Small Slimes","floor":10,"turns":2},{"damage":0,"enemies":"Blue Slaver","floor":12,"turns":3},{"damage":0,"enemies":"Gremlin Nob","floor":13,"turns":2},{"damage":4,"enemies":"Gremlin Gang","floor":14,"turns":5},{"damage":16,"enemies":"Slime Boss","floor":16,"turns":11},{"damage":0,"enemies":"3 Byrds","floor":18,"turns":4},{"damage":0,"enemies":"Spheric Guardian","floor":22,"turns":4},{"damage":22,"enemies":"Gremlin Leader","floor":31,"turns":5},{"damage":33,"enemies":"Automaton","floor":33,"turns":7},{"damage":0,"enemies":"3 Darklings","floor":35,"turns":1},{"damage":0,"enemies":"Orb Walker","floor":36,"turns":2},{"damage":26,"enemies":"Writhing Mass","floor":39,"turns":3},{"damage":0,"enemies":"Nemesis","floor":40,"turns":5},{"damage":0,"enemies":"Sphere and 2 Shapes","floor":41,"turns":3},{"damage":42,"enemies":"Reptomancer","floor":44,"turns":6},{"damage":2,"enemies":"Nemesis","floor":46,"turns":5},{"damage":0,"enemies":"Maw","floor":48,"turns":5},{"damage":12,"enemies":"Donu and Deca","floor":50,"turns":5},{"damage":0,"enemies":"animator:UNNAMED_HAT","floor":54,"turns":15},{"damage":85,"enemies":"animator:TRIPLE_SHAPES_WEAK","floor":55,"turns":9},{"damage":21,"enemies":"animator:TRIPLE_LAGAVULIN","floor":59,"turns":11},{"damage":42,"enemies":"animator:LARGE_CUBE","floor":60,"turns":3}],"seed_played":"6199823050393861802","potions_obtained":[{"floor":1,"key":"SteroidPotion"},{"floor":2,"key":"SteroidPotion"},{"floor":14,"key":"EssenceOfSteel"},{"floor":40,"key":"FairyPotion"},{"floor":41,"key":"SteroidPotion"},{"floor":44,"key":"animator:GrowthPotion"},{"floor":48,"key":"CultistPotion"},{"floor":54,"key":"animator:FalseLifePotion"},{"floor":55,"key":"animator:FalseLifePotion"},{"floor":59,"key":"animator:FalseLifePotion"}],"is_trial":false,"path_per_floor":["M","M","$","?","?","R","E","R","T","M","R","M","E","M","R","B",null,"M","?","?","?","M","R","T","R","T","$","R","?","$","E","R","B",null,"M","M","?","$","M","E","M","R","T","E","R","E","T","M","R","B",null,"R","??","M","M","T","?","$","M","M"],"character_chosen":"THE_ANIMATOR","items_purchased":["Membership Card","Meat on the Bone","animator:Viivi","Toy Ornithopter","ClockworkSouvenir","SpeedPotion","Boot","Potion Belt","EntropicBrew","War Paint","Strength Potion","Whetstone","animator:ShionDessert","animator:AncientMedallion","animator:FalseLifePotion","animator:AncientMedallion"],"campfire_rested":1,"item_purchase_floors":[3,27,27,27,27,27,27,30,30,38,38,38,38,58,58,58],"current_hp_per_floor":[66,66,66,71,54,54,26,47,47,42,42,42,42,40,40,24,76,76,53,37,10,18,18,18,18,18,18,18,18,18,35,35,34,55,55,55,55,55,36,51,58,58,59,44,44,62,62,64,64,59,64,64,98,98,17,17,17,17,23,0,0],"gold":208,"neow_bonus":"BOSS_RELIC","is_daily":false,"chose_seed":false,"campfire_upgraded":10,"win_rate":0.0,"timestamp":1608310045,"path_taken":["M","M","$","?","?","R","E","R","T","M","R","M","E","M","R","BOSS","M","?","?","?","M","R","?","R","T","$","R","?","?","E","R","BOSS","M","M","?","$","M","E","M","R","T","E","R","E","?","M","R","BOSS","R","??","M","M","T","?","$","M","M"],"items_purchased_type":["Relic","Relic","Card","Relic","Relic","Potion","Relic","Relic","Potion","Relic","Potion","Relic","Relic","Relic","Potion","Relic"],"build_version":"2020-12-13","purchased_purges":5,"victory":false,"max_hp_per_floor":[66,66,66,71,71,71,73,73,73,74,74,74,74,76,76,76,76,76,53,53,53,53,53,53,53,53,53,53,53,53,55,55,55,55,55,55,55,55,57,57,59,59,59,61,61,62,62,64,64,64,64,64,98,98,98,98,98,98,98,98,98],"relic_stats":{"counters":[25,134],"obtain_stats":[{"animator:ShionDessert":38,"Singing Bowl":7,"Nilry\u0027s Codex":20,"animator:TheMissingPiece":0,"Vajra":44,"Bag of Preparation":34,"Whetstone":38,"Boot":27,"ClockworkSouvenir":27,"HornCleat":31,"animator:AncientMedallion":56,"Tiny Chest":9,"Potion Belt":30,"Golden Idol":5,"Blue Candle":13,"Dead Branch":34,"The Courier":37,"Omamori":24,"Paper Crane":26,"Frozen Egg 2":34,"War Paint":38,"Calling Bell":34,"Bottled Flame":40,"animator:TheEgnaroPiece":53,"animator:CursedBlade":0,"Shuriken":43,"Bloody Idol":29,"animator:LivingPicture":0,"Coffee Dripper":17,"Membership Card":3,"Toy Ornithopter":27,"animator:OldCoffin":46,"Meat on the Bone":27},{"animator:ShionDessert":14,"Singing Bowl":3,"Nilry\u0027s Codex":9,"animator:TheMissingPiece":0,"Vajra":18,"Bag of Preparation":12,"Whetstone":14,"Boot":10,"ClockworkSouvenir":10,"HornCleat":11,"animator:AncientMedallion":23,"Tiny Chest":3,"Potion Belt":10,"Golden Idol":2,"Blue Candle":6,"Dead Branch":12,"The Courier":14,"Omamori":10,"Paper Crane":10,"Frozen Egg 2":12,"War Paint":14,"Calling Bell":12,"Bottled Flame":16,"animator:TheEgnaroPiece":21,"animator:CursedBlade":0,"Shuriken":17,"Bloody Idol":10,"animator:LivingPicture":0,"Coffee Dripper":8,"Membership Card":2,"Toy Ornithopter":10,"animator:OldCoffin":19,"Meat on the Bone":10},{"animator:ShionDessert":64,"Singing Bowl":18,"Nilry\u0027s Codex":45,"animator:TheMissingPiece":0,"Vajra":81,"Bag of Preparation":61,"Whetstone":64,"Boot":49,"ClockworkSouvenir":49,"HornCleat":54,"animator:AncientMedallion":120,"Tiny Chest":18,"Potion Belt":49,"Golden Idol":7,"Blue Candle":25,"Dead Branch":61,"The Courier":64,"Omamori":49,"Paper Crane":49,"Frozen Egg 2":61,"War Paint":64,"Calling Bell":61,"Bottled Flame":72,"animator:TheEgnaroPiece":96,"animator:CursedBlade":0,"Shuriken":75,"Bloody Idol":49,"animator:LivingPicture":0,"Coffee Dripper":41,"Membership Card":7,"Toy Ornithopter":49,"animator:OldCoffin":86,"Meat on the Bone":49}]},"card_choices":[{"not_picked":["animator:Bozes","animator:GazelDwargon"],"picked":"animator:Viivi","floor":1},{"not_picked":["animator:AcuraAkari","animator:Tyuule"],"picked":"animator:Bozes","floor":2},{"not_picked":["animator:Illya","animator:Raven","animator:Ain"],"picked":"Singing Bowl","floor":7},{"not_picked":["animator:AcuraAkari","animator:AcuraTooru"],"picked":"animator:Fredrika","floor":10},{"not_picked":["animator:Souei","animator:GazelDwargon"],"picked":"animator:TsurugaMeisai","floor":12},{"not_picked":["animator:Illya","animator:Tyuule"],"picked":"animator:Rena","floor":13},{"not_picked":["animator:Chung","animator:Souei","animator:Rider"],"picked":"Singing Bowl","floor":14},{"not_picked":["animator:Elesis","animator:Eris"],"picked":"animator:Biyorigo","floor":16},{"not_picked":["animator:Shion","animator:Souei"],"picked":"animator:Hakurou","floor":18},{"not_picked":["animator:SakuraMatou","animator:Kazuma"],"picked":"animator:UneriGinkaku","floor":22},{"not_picked":["animator:RoryMercury","animator:Raven","animator:Aisha"],"picked":"Singing Bowl","floor":31},{"not_picked":["animator:Elesis","animator:Eve"],"picked":"animator:Gilgamesh","floor":33},{"not_picked":["animator:Togame","animator:Emonzaemon"],"picked":"animator:ZankiKiguchi","floor":36},{"not_picked":["animator:Chung+1","animator:EmiyaShirou","animator:Archer+1"],"picked":"Singing Bowl","floor":39},{"not_picked":["animator:YaoHaDucy+1","animator:Benimaru+1"],"picked":"animator:TsurugaMeisai+1","floor":40},{"not_picked":["animator:UneriGinkaku","animator:Lancer+1","animator:Eve+1"],"picked":"Singing Bowl","floor":41},{"not_picked":["animator:Illya","animator:ShinjiMatou","animator:Caster"],"picked":"Singing Bowl","floor":44},{"not_picked":["animator:Layla+1","animator:ChaikaBohdan+1"],"picked":"animator:Kuribayashi+1","floor":46},{"not_picked":["animator:Fredrika","animator:Berserker","animator:AcuraAkari+1"],"picked":"Singing Bowl","floor":48},{"not_picked":["animator:Berserker+1","animator:Gillette+1"],"picked":"animator:Biyorigo","floor":54},{"not_picked":["animator:Gillette","animator:Arpeggio","animator:Raven"],"picked":"SKIP","floor":55},{"not_picked":["animator:Aisha+1","animator:RoryMercury","animator:Illya"],"picked":"SKIP","floor":59}],"player_experience":803486,"relics_obtained":[{"floor":7,"key":"Singing Bowl"},{"floor":9,"key":"Tiny Chest"},{"floor":13,"key":"Blue Candle"},{"floor":20,"key":"Nilry\u0027s Codex"},{"floor":24,"key":"Omamori"},{"floor":26,"key":"Paper Crane"},{"floor":31,"key":"HornCleat"},{"floor":34,"key":"Bag of Preparation"},{"floor":34,"key":"Frozen Egg 2"},{"floor":34,"key":"Dead Branch"},{"floor":40,"key":"Bottled Flame"},{"floor":43,"key":"Shuriken"},{"floor":44,"key":"Vajra"},{"floor":46,"key":"animator:OldCoffin"},{"floor":53,"key":"animator:TheEgnaroPiece"},{"floor":56,"key":"animator:AncientMedallion"}],"event_choices":[{"damage_healed":0,"gold_gain":0,"player_choice":"Donut","damage_taken":0,"max_hp_gain":5,"max_hp_loss":0,"event_name":"Big Fish","floor":4,"gold_loss":0},{"damage_healed":0,"gold_gain":0,"player_choice":"Take Damage","damage_taken":17,"relics_obtained":["Golden Idol"],"max_hp_gain":0,"max_hp_loss":0,"event_name":"Golden Idol","floor":5,"gold_loss":0},{"damage_healed":0,"gold_gain":0,"player_choice":"Became a vampire","damage_taken":0,"max_hp_gain":0,"max_hp_loss":23,"event_name":"Vampires","floor":19,"gold_loss":0,"cards_obtained":["Bite","Bite","Bite","Bite","Bite"]},{"damage_healed":0,"gold_gain":0,"player_choice":"Obtained Book","damage_taken":16,"max_hp_gain":0,"max_hp_loss":0,"event_name":"Cursed Tome","floor":20,"gold_loss":0},{"damage_healed":0,"gold_gain":270,"player_choice":"GOLD GOLD GOLD ","damage_taken":27,"max_hp_gain":0,"max_hp_loss":0,"event_name":"Knowing Skull","floor":21,"potions_obtained":[],"gold_loss":0,"cards_obtained":[]},{"damage_healed":0,"gold_gain":0,"player_choice":"Gave Idol","damage_taken":0,"relics_obtained":["Bloody Idol"],"max_hp_gain":0,"max_hp_loss":0,"event_name":"Forgotten Altar","floor":29,"relics_lost":["Golden Idol"],"gold_loss":0},{"damage_healed":0,"gold_gain":0,"player_choice":"Gave Potion","damage_taken":0,"relics_obtained":["The Courier"],"max_hp_gain":0,"max_hp_loss":0,"event_name":"WeMeetAgain","floor":37,"gold_loss":0}],"is_beta":false,"boss_relics":[{"not_picked":["Ectoplasm","SlaversCollar"],"picked":"Coffee Dripper"},{"not_picked":["Tiny House","Velvet Choker"],"picked":"Calling Bell"}],"items_purged_floors":[27,30,38,38,58],"is_endless":false,"potions_floor_spawned":[1,2,14,40,41,44,48,55,59],"killed_by":"animator:LARGE_CUBE","ascension_level":4}}