{"host":"6ve8qn5s1am4lo6s","time":1608306622,"event":{"mods":["AchievementEnabler","BaseMod","BetterRewards","Friendly Minions","GifTheSpireLib","Minty Spire (QoL Compilation)","Permanent Neow","Prisma Mod","Relic Stats","StSLib"],"gold_per_floor":[16,16,28,28,28,28,59,59,59,71,98,128,128,144,144,243,243,256,266,279,378,378,378,395,395,442,27,27,43,63,82,82,184,184,204,58,73,93,8,8,20,33,105,105,115,115,115,115,115,115,115,115,18,48,48,48],"floor_reached":55,"playtime":4103,"items_purged":["PrismaMod:ChloeCommonAttack","PrismaMod:ChloeCommonDefend"],"score":779,"play_id":"824a094b-9071-43be-81ab-67c2c110e2c1","local_time":"20201218105022","is_ascension_mode":false,"campfire_choices":[{"data":"1","floor":6.0,"key":"LIFT"},{"data":"2","floor":8.0,"key":"LIFT"},{"data":"PrismaMod:ChloeAnyPowerTrace","floor":15.0,"key":"SMITH"},{"data":"PrismaMod:ChloeRhongomyniad","floor":23.0,"key":"SMITH"},{"data":"PrismaMod:ChloeCheapDefend","floor":28.0,"key":"SMITH"},{"floor":32.0,"key":"RECALL"},{"data":"PrismaMod:ChloeGreatTracePools","floor":40.0,"key":"SMITH"},{"data":"3","floor":44.0,"key":"LIFT"},{"data":"PrismaMod:ChloeCheapAttack","floor":46.0,"key":"SMITH"},{"data":"Apotheosis","floor":49.0,"key":"SMITH"},{"data":"Madness","floor":52.0,"key":"SMITH"}],"circlet_count":0,"master_deck":["PrismaMod:ChloeCommonAttack","PrismaMod:ChloeCommonAttack","PrismaMod:ChloeCommonDefend","PrismaMod:ChloeCommonDefend","PrismaMod:ChloeCommonDefend","PrismaMod:ChloeCheapAttack+1","PrismaMod:ChloeCheapDefend+1","PrismaMod:ChloeDemonicTutor","PrismaMod:ChloeCheapAttackTwo","PrismaMod:ChloeCheapAttack","PrismaMod:ChloeExhaustOne","PrismaMod:ChloeRhongomyniad+1","PrismaMod:ChloeAnyPowerTrace+1","PrismaMod:ChloeExhaustOne","PrismaMod:ChloeCarnivalDefend","PrismaMod:ChloeCheapDefend+1","PrismaMod:ChloeRuleBreaker","PrismaMod:ChloeCheapDefend","PrismaMod:ChloeCheapDefendTwo+1","PrismaMod:ChloeCaladbolg+1","PrismaMod:ChloeGreatTracePools+1","PrismaMod:ChloeCarnivalAOEAttack","PrismaMod:ChloeExcalibur+1","PrismaMod:ChloeCheapAttackTwo","PrismaMod:ChloeCheapDefendTwo+1","Dark Shackles","PrismaMod:ChloeCaladbolg+1","Apotheosis+1","Madness+1","Madness","Dark Shackles","PrismaMod:ChloeCheapAttackTwo"],"relics":["PrismaMod:PrismaTraceOn","Girya","Boot","Odd Mushroom","Eternal Feather","Bottled Lightning","Sozu","Bag of Preparation","Unceasing Top","Coffee Dripper","Meat on the Bone","Pen Nib"],"acts_visited":["Exordium","TheCity","TheBeyond","TheEnding"],"potions_floor_usage":[55,55,55],"damage_taken":[{"damage":0.0,"enemies":"2 Louse","floor":1.0,"turns":4.0},{"damage":6.0,"enemies":"Jaw Worm","floor":3.0,"turns":3.0},{"damage":20.0,"enemies":"3 Sentries","floor":7.0,"turns":5.0},{"damage":0.0,"enemies":"Small Slimes","floor":10.0,"turns":2.0},{"damage":5.0,"enemies":"The Mushroom Lair","floor":11.0,"turns":4.0},{"damage":2.0,"enemies":"Lagavulin","floor":12.0,"turns":5.0},{"damage":0.0,"enemies":"3 Louse","floor":14.0,"turns":4.0},{"damage":0.0,"enemies":"Slime Boss","floor":16.0,"turns":4.0},{"damage":0.0,"enemies":"2 Thieves","floor":18.0,"turns":1.0},{"damage":0.0,"enemies":"Shell Parasite","floor":19.0,"turns":2.0},{"damage":0.0,"enemies":"Sentry and Sphere","floor":20.0,"turns":1.0},{"damage":0.0,"enemies":"Snake Plant","floor":24.0,"turns":2.0},{"damage":0.0,"enemies":"3 Cultists","floor":29.0,"turns":1.0},{"damage":0.0,"enemies":"Centurion and Healer","floor":30.0,"turns":1.0},{"damage":0.0,"enemies":"Snecko","floor":31.0,"turns":2.0},{"damage":6.0,"enemies":"Collector","floor":33.0,"turns":5.0},{"damage":0.0,"enemies":"Orb Walker","floor":35.0,"turns":3.0},{"damage":0.0,"enemies":"3 Shapes","floor":37.0,"turns":1.0},{"damage":0.0,"enemies":"3 Darklings","floor":38.0,"turns":1.0},{"damage":3.0,"enemies":"4 Shapes","floor":41.0,"turns":1.0},{"damage":0.0,"enemies":"Jaw Worm Horde","floor":42.0,"turns":1.0},{"damage":0.0,"enemies":"Writhing Mass","floor":45.0,"turns":3.0},{"damage":38.0,"enemies":"Donu and Deca","floor":50.0,"turns":6.0},{"damage":7,"enemies":"Shield and Spear","floor":54,"turns":4},{"damage":76,"enemies":"The Heart","floor":55,"turns":6}],"seed_played":"4620593915696426773","potions_obtained":[{"floor":10.0,"key":"Strength Potion"},{"floor":12.0,"key":"DistilledChaos"},{"floor":14.0,"key":"PowerPotion"}],"is_trial":false,"path_per_floor":["M","?","M","?","?","R","E","R","T","M","?","E","T","M","R","B",null,"M","M","M","?","?","R","M","?","T","$","R","M","M","M","R","B",null,"M","$","M","M","$","R","M","M","T","R","M","R","?","?","R","B",null,"R","$","E","B"],"character_chosen":"CHLOE","items_purchased":["Unceasing Top","PrismaMod:ChloeCheapDefend","PrismaMod:ChloeCheapAttackTwo","Dark Shackles","Dark Shackles"],"campfire_rested":0,"item_purchase_floors":[27,27,36,39,53],"current_hp_per_floor":[75,75,69,62,67,67,47,47,47,47,42,40,40,40,49,49,80,80,80,80,80,80,80,80,80,80,80,80,80,80,80,80,74,80,80,80,80,80,80,80,77,77,77,80,80,80,80,70,80,42,80,80,80,75,0,0],"gold":48,"neow_bonus":"ONE_RARE_RELIC","is_daily":false,"chose_seed":false,"campfire_upgraded":7,"win_rate":0.0,"timestamp":1608306622,"path_taken":["M","?","M","?","?","R","E","R","T","M","?","E","?","M","R","BOSS","M","M","?","?","?","R","M","?","T","$","R","M","M","M","R","BOSS","M","$","?","M","$","R","M","M","T","R","M","R","?","?","R","BOSS","R","$","E","BOSS"],"items_purchased_type":["Relic","Card","Card","Card","Card"],"build_version":"2020-12-13","purchased_purges":2,"victory":false,"max_hp_per_floor":[75,75,75,75,80,80,80,80,80,80,80,80,80,80,80,80,80,80,80,80,80,80,80,80,80,80,80,80,80,80,80,80,80,80,80,80,80,80,80,80,80,80,80,80,80,80,80,80,80,80,80,80,80,80,80,80],"relic_stats":{"Sozu":9,"counters":[25,72],"Eternal Feather":22,"Pen Nib":[3],"Bag of Preparation":[26],"Boot":[33],"obtain_stats":[{"Sozu":17,"Girya":0,"Eternal Feather":12,"Pen Nib":54,"Bag of Preparation":26,"Coffee Dripper":34,"Bottled Lightning":13,"Odd Mushroom":11,"Boot":7,"PrismaMod:PrismaTraceOn":0,"Unceasing Top":27,"Meat on the Bone":43},{"Sozu":8,"Girya":0,"Eternal Feather":6,"Pen Nib":24,"Bag of Preparation":12,"Coffee Dripper":16,"Bottled Lightning":6,"Odd Mushroom":5,"Boot":3,"PrismaMod:PrismaTraceOn":0,"Unceasing Top":12,"Meat on the Bone":21},{"Sozu":31,"Girya":0,"Eternal Feather":23,"Pen Nib":66,"Bag of Preparation":37,"Coffee Dripper":46,"Bottled Lightning":23,"Odd Mushroom":18,"Boot":12,"PrismaMod:PrismaTraceOn":0,"Unceasing Top":37,"Meat on the Bone":53}],"Unceasing Top":[66],"Meat on the Bone":0},"card_choices":[{"not_picked":["PrismaMod:ChloeCheapAttack","PrismaMod:ChloeCommonAOEAttack"],"picked":"PrismaMod:ChloeDemonicTutor","floor":1.0},{"not_picked":["PrismaMod:ChloeRitsuka","PrismaMod:ChloeCheapDefend"],"picked":"PrismaMod:ChloeCheapAttackTwo","floor":3.0},{"not_picked":["PrismaMod:ChloeCommonAOEAttack","PrismaMod:ChloeUncommonAOEAttack"],"picked":"PrismaMod:ChloeCheapAttack","floor":7.0},{"not_picked":["PrismaMod:ChloeMaid","PrismaMod:ChloeDiscardRecovery"],"picked":"PrismaMod:ChloeExhaustOne","floor":10.0},{"not_picked":["PrismaMod:ChloeRuleBreaker","PrismaMod:ChloeCheapDefend"],"picked":"PrismaMod:ChloeRhongomyniad","floor":11.0},{"not_picked":["PrismaMod:ChloeCheapDefendTwo","PrismaMod:ChloeUncommonAttack"],"picked":"PrismaMod:ChloeAnyPowerTrace","floor":12.0},{"not_picked":["PrismaMod:ChloeCheapAttack","PrismaMod:ChloeUncommonAttack"],"picked":"PrismaMod:ChloeExhaustOne","floor":14.0},{"not_picked":["PrismaMod:ChloeAnyAttackTrace","PrismaMod:ChloeAnyRareTrace"],"picked":"PrismaMod:ChloeCarnivalDefend","floor":16.0},{"not_picked":["PrismaMod:ChloeCheapAttackTwo+1","PrismaMod:ChloeDiscardRecovery"],"picked":"PrismaMod:ChloeCheapDefend+1","floor":18.0},{"not_picked":["PrismaMod:ChloeCheapAttackTwo","PrismaMod:ChloeCheapDefendTwo","PrismaMod:ChloeDiscardRecovery+1"],"picked":"SKIP","floor":19.0},{"not_picked":["PrismaMod:ChloeCheapDefend","PrismaMod:ChloeCheapDefendTwo"],"picked":"PrismaMod:ChloeRuleBreaker","floor":20.0},{"not_picked":["PrismaMod:ChloeExhaustOne","PrismaMod:ChloeCheapDefend+1","PrismaMod:ChloeDiscardRecovery+1"],"picked":"SKIP","floor":24.0},{"not_picked":["PrismaMod:ChloeExcalibur","PrismaMod:ChloeDemonicTutor"],"picked":"PrismaMod:ChloeCheapDefendTwo+1","floor":29.0},{"not_picked":["PrismaMod:ChloeUncommonAOEAttack+1","PrismaMod:ChloeCheapAttackTwo"],"picked":"PrismaMod:ChloeCaladbolg+1","floor":30.0},{"not_picked":["PrismaMod:ChloeExhaustTwo","PrismaMod:ChloeCheapDefend"],"picked":"PrismaMod:ChloeGreatTracePools","floor":31.0},{"not_picked":["PrismaMod:ChloeGreatTracePools","PrismaMod:ChloeAnyUncommonTrace"],"picked":"PrismaMod:ChloeCarnivalAOEAttack","floor":33.0},{"not_picked":["PrismaMod:ChloeBetterTracePools+1","PrismaMod:ChloeCheapDefend"],"picked":"PrismaMod:ChloeExcalibur+1","floor":35.0},{"not_picked":["PrismaMod:ChloeCommonAOEAttack","PrismaMod:ChloeChristmas+1","PrismaMod:ChloeRhongomyniad"],"picked":"SKIP","floor":37.0},{"not_picked":["PrismaMod:ChloeDiscardRecovery+1","PrismaMod:ChloeCommonAOEAttack+1"],"picked":"PrismaMod:ChloeCheapDefendTwo+1","floor":38.0},{"not_picked":["PrismaMod:ChloeRhongomyniad+1","PrismaMod:ChloeCheapAttackTwo"],"picked":"PrismaMod:ChloeCaladbolg+1","floor":41.0},{"not_picked":["PrismaMod:ChloeMordred","PrismaMod:ChloeExhaustOne","PrismaMod:ChloeCommonAOEAttack+1"],"picked":"SKIP","floor":42.0},{"not_picked":["PrismaMod:ChloeCheapDefendTwo","PrismaMod:ChloeMordred","PrismaMod:ChloeBetterTracePools+1"],"picked":"SKIP","floor":45.0},{"not_picked":["Master of Strategy","Bandage Up"],"picked":"Apotheosis","floor":47.0},{"not_picked":["PrismaMod:ChloeCaladbolg","PrismaMod:ChloeDiscardRecovery"],"picked":"PrismaMod:ChloeCheapAttackTwo","floor":54}],"player_experience":277374,"relics_obtained":[{"floor":7.0,"key":"Boot"},{"floor":11.0,"key":"Odd Mushroom"},{"floor":12.0,"key":"Eternal Feather"},{"floor":13.0,"key":"Bottled Lightning"},{"floor":26.0,"key":"Bag of Preparation"},{"floor":43.0,"key":"Meat on the Bone"},{"floor":54,"key":"Pen Nib"}],"event_choices":[{"cards_removed":["PrismaMod:ChloeCommonDefend"],"damage_healed":0.0,"max_hp_gain":0.0,"max_hp_loss":0.0,"gold_gain":0.0,"event_name":"Living Wall","player_choice":"Forget","floor":2.0,"gold_loss":0.0,"damage_taken":0.0},{"cards_removed":["PrismaMod:ChloeCommonAttack"],"damage_healed":0.0,"max_hp_gain":0.0,"max_hp_loss":0.0,"gold_gain":0.0,"event_name":"Golden Wing","player_choice":"Card Removal","floor":4.0,"gold_loss":0.0,"damage_taken":7.0},{"damage_healed":0.0,"max_hp_gain":5.0,"max_hp_loss":0.0,"gold_gain":0.0,"event_name":"Big Fish","player_choice":"Donut","floor":5.0,"gold_loss":0.0,"damage_taken":0.0},{"damage_healed":0.0,"max_hp_gain":0.0,"max_hp_loss":0.0,"gold_gain":0.0,"event_name":"Mushrooms","player_choice":"Fought Mushrooms","floor":11.0,"gold_loss":0.0,"damage_taken":0.0},{"damage_healed":0.0,"max_hp_gain":0.0,"max_hp_loss":0.0,"gold_gain":99.0,"event_name":"Nest","player_choice":"Stole From Cult","floor":21.0,"gold_loss":0.0,"damage_taken":0.0},{"damage_healed":0.0,"max_hp_gain":0.0,"max_hp_loss":0.0,"gold_gain":0.0,"event_name":"Ghosts","player_choice":"Ignored","floor":22.0,"gold_loss":0.0,"damage_taken":0.0},{"cards_removed":["PrismaMod:ChloeCommonAttack"],"damage_healed":0.0,"max_hp_gain":0.0,"max_hp_loss":0.0,"gold_gain":0.0,"event_name":"Purifier","player_choice":"Purged","floor":25.0,"gold_loss":0.0,"damage_taken":0.0},{"damage_healed":0.0,"max_hp_gain":0.0,"max_hp_loss":0.0,"gold_gain":0.0,"event_name":"SensoryStone","player_choice":"Memory 1","floor":47.0,"gold_loss":0.0,"damage_taken":0.0},{"damage_healed":0.0,"max_hp_gain":0.0,"max_hp_loss":0.0,"gold_gain":0.0,"event_name":"Winding Halls","player_choice":"Embrace Madness","floor":48.0,"gold_loss":0.0,"damage_taken":10.0,"cards_obtained":["Madness","Madness"]}],"is_beta":false,"boss_relics":[{"not_picked":["Calling Bell","Pandora\u0027s Box"],"picked":"Sozu"},{"not_picked":["Tiny House","Black Star"],"picked":"Coffee Dripper"}],"items_purged_floors":[27,36],"is_endless":false,"potions_floor_spawned":[10,12,14,20,24,29,31,35,41,42,45,54],"killed_by":"The Heart","ascension_level":0}}