{"host":"o3b7ow6d1xe49css","time":1608268909,"event":{"mods":["2.2 Compatiblity","Act Like it!","Aspiration","BaseMod","Bestiary","Better Altar","Better Match","Better Note","Better Sensory Stone","Better Skull","Better Third Choice","Colored Powertips","Conspire","Downfall","Elementarium","Energized Spire","Force Act Four","GifTheSpireLib","Halation","Hermit","Hubris","Infinite Spire","Minty Spire (QoL Compilation)","Quick Restart","Replay The Spire","Spicy Shops","Spikes Relics","StSLib","Stuff the Spire","The Blue Laboratory","The Jungle","Wandering Minibosses","vexMod"],"gold_per_floor":[114,104,116,116,125,148,172,192,192,212,233,258,258,280,280,380,380,389,407,407,402,402],"floor_reached":21,"playtime":991,"items_purged":[],"score":284,"play_id":"82011660-8ec6-4350-b729-ba3a7c0176a4","local_time":"20201217202149","daily_mods":["Heirloom","Flight","Elite Swarm"],"is_ascension_mode":true,"campfire_choices":[{"floor":13,"key":"REST"},{"data":"Limit Break","floor":15,"key":"SMITH"}],"circlet_count":0,"master_deck":["Strike_R","Strike_R","Strike_R","Strike_R","Strike_R","Defend_R","Defend_R","Defend_R","Defend_R","Bash","Armaments","Cleave","StuffTheSpire:Slingshot","Cleave+1","Double Tap","conspire:HitWhereItHurts","Demon Form","Limit Break+1","ReplayTheSpireMod:Splinters","StuffTheSpire:Incineration","Berserk","hubris:StunningStrike","Offering","BarbarianYell"],"relics":["Burning Blood","Ring of Chaos","Replay:Towering Pillar of Hats","halation:BottledLove","StuffTheSpire:Barrel","vexMod:BerryBomb","Gremlin Food","StuffTheSpire:Wildfire","GolemAmulet","Oddly Smooth Stone","Runic Cube"],"acts_visited":["Exordium","TheCity"],"potions_floor_usage":[6,7,10,14,18,21,21],"damage_taken":[{"damage":4,"enemies":"2 Louse","floor":1,"turns":4},{"damage":6,"enemies":"Small Slimes","floor":2,"turns":6},{"damage":2,"enemies":"conspire:RoseBush","floor":3,"turns":4},{"damage":8,"enemies":"Large Slime","floor":5,"turns":6},{"damage":1,"enemies":"Replay:BlueRogue","floor":6,"turns":4},{"damage":20,"enemies":"Lagavulin","floor":7,"turns":5},{"damage":20,"enemies":"3 Sentries","floor":8,"turns":3},{"damage":20,"enemies":"Gremlin Nob","floor":10,"turns":3},{"damage":13,"enemies":"Replay:BlueRogue","floor":12,"turns":4},{"damage":16,"enemies":"Gremlin Nob","floor":14,"turns":4},{"damage":36,"enemies":"The Guardian","floor":16,"turns":8},{"damage":33,"enemies":"3 Byrds","floor":18,"turns":4},{"damage":18,"enemies":"Chosen","floor":19,"turns":4},{"damage":42,"enemies":"Snake Plant","floor":21,"turns":2}],"seed_played":"-1931654438310589371","potions_obtained":[{"floor":5,"key":"champ:CounterPotion"},{"floor":6,"key":"blueLaboratory:HummingbirdPotion"},{"floor":8,"key":"PowerPotion"},{"floor":12,"key":"blueLaboratory:BottleOfVodka"},{"floor":14,"key":"AttackPotion"},{"floor":18,"key":"blueLaboratory:NullPotion"},{"floor":20,"key":"AttackPotion"},{"floor":20,"key":"blueLaboratory:HummingbirdPotion"},{"floor":20,"key":"Dexterity Potion"}],"is_trial":true,"path_per_floor":["M","M","M","?","M","E","E","E","T","E","?","E","R","E","R","B",null,"M","M","?","M"],"character_chosen":"IRONCLAD","items_purchased":[],"campfire_rested":1,"item_purchase_floors":[],"current_hp_per_floor":[80,80,80,85,83,85,71,63,63,49,49,42,69,59,59,29,76,49,37,37,0,0],"gold":402,"neow_bonus":"","is_daily":false,"chose_seed":false,"campfire_upgraded":1,"win_rate":0.0,"timestamp":1608268909,"path_taken":["M","M","M","?","M","E","E","E","T","E","?","E","R","E","R","BOSS","M","M","?","?"],"items_purchased_type":[],"build_version":"2020-12-13","purchased_purges":0,"victory":false,"max_hp_per_floor":[80,80,80,85,85,85,85,91,91,91,91,91,91,91,91,91,91,91,91,91,91,91],"card_choices":[{"not_picked":["ReplayTheSpireMod:Strike From Hell","Pommel Strike"],"picked":"Armaments","floor":1},{"not_picked":["Infernal Blade","StuffTheSpire:Pyroclast"],"picked":"Cleave","floor":2},{"not_picked":["Massacre","Heavy Blade"],"picked":"StuffTheSpire:Slingshot","floor":3},{"not_picked":["Iron Wave","StuffTheSpire:Pyroclast"],"picked":"Cleave","floor":5},{"not_picked":["conspire:Purge","Replay:Many Hands"],"picked":"Double Tap","floor":6},{"not_picked":["Juggernaut","hubris:StunningStrike"],"picked":"conspire:HitWhereItHurts","floor":7},{"not_picked":["Barricade","Berserk"],"picked":"Demon Form","floor":8},{"not_picked":["conspire:Purge","hubris:StunningStrike"],"picked":"Limit Break","floor":10},{"not_picked":["Carnage","Perfected Strike"],"picked":"StuffTheSpire:Incineration","floor":11},{"not_picked":["conspire:HitWhereItHurts","conspire:Purge"],"picked":"Berserk","floor":12},{"not_picked":["StuffTheSpire:TitanForm","Demonic Infusion"],"picked":"hubris:StunningStrike","floor":14},{"not_picked":["Fiend Fire","Demon Form"],"picked":"Offering","floor":16},{"not_picked":["Cleave+1","Warcry","Flex"],"picked":"SKIP","floor":18},{"not_picked":["Havoc","Headbutt"],"picked":"BarbarianYell","floor":19}],"player_experience":1733747,"relics_obtained":[{"floor":6,"key":"halation:BottledLove"},{"floor":7,"key":"StuffTheSpire:Barrel"},{"floor":8,"key":"vexMod:BerryBomb"},{"floor":10,"key":"Gremlin Food"},{"floor":11,"key":"StuffTheSpire:Wildfire"},{"floor":12,"key":"GolemAmulet"},{"floor":14,"key":"Oddly Smooth Stone"}],"event_choices":[{"damage_healed":0,"gold_gain":0,"player_choice":"Donut","damage_taken":0,"max_hp_gain":5,"max_hp_loss":0,"event_name":"Big Fish","floor":4,"gold_loss":0},{"damage_healed":0,"gold_gain":0,"player_choice":"Got Potions","damage_taken":0,"max_hp_gain":0,"max_hp_loss":0,"event_name":"Lab","floor":20,"gold_loss":0}],"is_beta":false,"boss_relics":[{"not_picked":["hubris:HollowSoul","ReplayTheSpireMod:DimensionalGlitch"],"picked":"Runic Cube"}],"items_purged_floors":[],"is_endless":false,"potions_floor_spawned":[5,6,8,12,14,18],"killed_by":"Snake Plant","ascension_level":5}}