{"host":"lhth1efayex2023z","time":1608334857,"event":{"mods":["BaseMod","Colored Map","Googly Eyes","Minty Spire (QoL Compilation)","StSLib"],"gold_per_floor":[116,116,116,141,141,176,9,9,33,33,48,48,81,7,7,126,126,140,163,179,20,20,20,54,54,54,97,97,123,167,183,183,312,312,325,163,179,203,203,236,259,290,290,325,325,76,92,52,52,52],"floor_reached":51,"playtime":1783,"items_purged":["Defend_R","Warcry"],"score":1254,"play_id":"ea3345e6-39bc-4ada-bee9-0bd5b213ea2c","local_time":"20201218164057","is_ascension_mode":true,"campfire_choices":[{"data":"Perfected Strike","floor":8,"key":"SMITH"},{"data":"Rage","floor":10,"key":"SMITH"},{"data":"Bash","floor":15,"key":"SMITH"},{"data":"Inflame","floor":23,"key":"SMITH"},{"data":"Berserk","floor":28,"key":"SMITH"},{"data":"Flex","floor":32,"key":"SMITH"},{"floor":45,"key":"RECALL"},{"floor":49,"key":"REST"}],"circlet_count":0,"master_deck":["Strike_R","Strike_R+1","Strike_R","Strike_R+1","Strike_R","Defend_R+1","Defend_R+1","Bash+1","Rage+1","Perfected Strike+1","Pommel Strike+1","Shrug It Off","Pummel","Pommel Strike","Rage+1","Juggernaut+1","Havoc+1","Inflame+1","Perfected Strike+1","Flash of Steel","Inflame","Reaper","Berserk+1","Flex+1","Offering","Clash+1"],"relics":["Burning Blood","Bag of Preparation","Gremlin Horn","Golden Idol","Omamori","Membership Card","Whetstone","Question Card","DollysMirror","SacredBark","Juzu Bracelet","Necronomicon","War Paint","MutagenicStrength","White Beast Statue","Blue Candle","Oddly Smooth Stone","Champion Belt","Fusion Hammer","Ornamental Fan","Eternal Feather","Darkstone Periapt","Mercury Hourglass","Self Forming Clay","Paper Frog","Lee\u0027s Waffle"],"acts_visited":["Exordium","TheCity","TheBeyond"],"potions_floor_usage":[6,13,18,24,27,30,33,33,40,41,42,47,50,50,50],"damage_taken":[{"damage":5,"enemies":"Small Slimes","floor":1,"turns":4},{"damage":0,"enemies":"2 Louse","floor":4,"turns":2},{"damage":39,"enemies":"3 Sentries","floor":6,"turns":8},{"damage":0,"enemies":"Jaw Worm","floor":11,"turns":2},{"damage":13,"enemies":"Lagavulin","floor":13,"turns":6},{"damage":26,"enemies":"The Guardian","floor":16,"turns":8},{"damage":14,"enemies":"2 Thieves","floor":18,"turns":4},{"damage":1,"enemies":"Spheric Guardian","floor":19,"turns":3},{"damage":14,"enemies":"Centurion and Healer","floor":20,"turns":5},{"damage":8,"enemies":"Gremlin Leader","floor":24,"turns":4},{"damage":7,"enemies":"Slavers","floor":27,"turns":3},{"damage":0,"enemies":"Gremlin Leader","floor":30,"turns":2},{"damage":0,"enemies":"Snake Plant","floor":31,"turns":3},{"damage":22,"enemies":"Champ","floor":33,"turns":6},{"damage":6,"enemies":"Orb Walker","floor":35,"turns":1},{"damage":0,"enemies":"3 Shapes","floor":37,"turns":2},{"damage":27,"enemies":"Sphere and 2 Shapes","floor":38,"turns":2},{"damage":8,"enemies":"Nemesis","floor":40,"turns":5},{"damage":24,"enemies":"4 Shapes","floor":41,"turns":2},{"damage":10,"enemies":"Giant Head","floor":42,"turns":4},{"damage":6,"enemies":"Reptomancer","floor":44,"turns":3},{"damage":17,"enemies":"3 Darklings","floor":47,"turns":2},{"damage":44,"enemies":"Donu and Deca","floor":50,"turns":3}],"seed_played":"-7568812944934140746","potions_obtained":[{"floor":1,"key":"Swift Potion"},{"floor":12,"key":"GamblersBrew"},{"floor":12,"key":"Block Potion"},{"floor":12,"key":"Swift Potion"},{"floor":13,"key":"FearPotion"},{"floor":16,"key":"EssenceOfSteel"},{"floor":18,"key":"BloodPotion"},{"floor":27,"key":"Energy Potion"},{"floor":30,"key":"EssenceOfSteel"},{"floor":31,"key":"Swift Potion"},{"floor":33,"key":"Dexterity Potion"},{"floor":35,"key":"Ancient Potion"},{"floor":37,"key":"LiquidMemories"},{"floor":38,"key":"BloodPotion"},{"floor":40,"key":"Weak Potion"},{"floor":41,"key":"PowerPotion"},{"floor":42,"key":"AttackPotion"},{"floor":44,"key":"EssenceOfSteel"},{"floor":47,"key":"AttackPotion"}],"is_trial":false,"path_per_floor":["M","?","?","M","?","E","$","R","T","R","M","?","E","$","R","B",null,"M","M","M","$","?","R","E","?","T","E","R","T","E","M","R","B",null,"M","$","M","M","?","E","M","E","T","E","R","$","M","?","R","B",null],"character_chosen":"IRONCLAD","items_purchased":["Membership Card","Shrug It Off","DollysMirror","Juzu Bracelet","Flash of Steel","Inflame","Ornamental Fan","Paper Frog","Lee\u0027s Waffle"],"campfire_rested":1,"item_purchase_floors":[7,7,14,21,21,21,36,46,46],"current_hp_per_floor":[73,66,66,72,65,32,32,32,32,32,38,38,31,31,31,11,58,50,55,47,47,31,31,58,58,58,65,65,65,74,74,74,72,74,74,74,74,63,63,70,70,70,70,70,70,77,77,77,77,39],"gold":52,"neow_bonus":"RANDOM_COMMON_RELIC","is_daily":false,"chose_seed":false,"campfire_upgraded":6,"win_rate":0.0,"timestamp":1608334857,"path_taken":["M","?","?","M","?","E","$","R","T","R","M","?","E","$","R","BOSS","M","M","M","$","?","R","E","?","T","E","R","?","E","M","R","BOSS","M","$","M","M","?","E","M","E","T","E","R","$","M","?","R","BOSS"],"items_purchased_type":["Relic","Card","Relic","Relic","Card","Card","Relic","Relic","Relic"],"build_version":"2020-12-13","purchased_purges":2,"victory":true,"max_hp_per_floor":[80,80,74,74,74,74,74,74,74,74,74,74,74,74,74,74,74,74,74,74,74,74,74,74,74,74,74,74,74,74,74,74,74,74,74,74,74,74,70,70,70,70,70,70,70,77,77,77,77,77],"card_choices":[{"not_picked":["Perfected Strike","Metallicize"],"picked":"Rage","floor":1},{"not_picked":["Wild Strike","True Grit"],"picked":"Perfected Strike","floor":4},{"not_picked":["Sever Soul","Havoc"],"picked":"Pommel Strike","floor":6},{"not_picked":["Second Wind","Clash"],"picked":"Pummel","floor":11},{"not_picked":["Second Wind","Heavy Blade"],"picked":"Pommel Strike","floor":13},{"not_picked":["Berserk","Reaper","Limit Break"],"picked":"Juggernaut","floor":16},{"not_picked":["Pommel Strike","Blood for Blood","Cleave"],"picked":"Havoc+1","floor":18},{"not_picked":["Clothesline","Clash","Blood for Blood"],"picked":"Inflame","floor":19},{"not_picked":["Anger","Fire Breathing","Headbutt"],"picked":"Perfected Strike+1","floor":20},{"not_picked":["Ghostly Armor","Sever Soul+1","Cleave+1"],"picked":"Reaper","floor":24},{"not_picked":["Clothesline","Sword Boomerang","Anger"],"picked":"Berserk","floor":27},{"not_picked":["Bludgeon","Shrug It Off","Headbutt","Anger"],"picked":"SKIP","floor":30},{"not_picked":["Cleave","Entrench","Shockwave+1"],"picked":"Flex","floor":31},{"not_picked":["Barricade","Bludgeon","Exhume"],"picked":"Offering","floor":33},{"not_picked":["Pommel Strike","Twin Strike","Rampage","True Grit"],"picked":"SKIP","floor":35},{"not_picked":["Searing Blow","Twin Strike+1","Fire Breathing+1","Body Slam"],"picked":"SKIP","floor":37},{"not_picked":["Sword Boomerang+1","Headbutt+1","Carnage"],"picked":"Warcry","floor":38},{"not_picked":["Headbutt","Pommel Strike","Spot Weakness+1"],"picked":"Clash+1","floor":40},{"not_picked":["Clothesline+1","Combust","Evolve+1","Thunderclap"],"picked":"SKIP","floor":41},{"not_picked":["True Grit+1","Body Slam","Ghostly Armor","Shockwave"],"picked":"SKIP","floor":42},{"not_picked":["Immolate","Twin Strike","Reckless Charge+1","Cleave+1"],"picked":"SKIP","floor":44},{"not_picked":["Carnage+1","Anger+1","Heavy Blade","Intimidate+1"],"picked":"SKIP","floor":47}],"player_experience":370238,"relics_obtained":[{"floor":6,"key":"Omamori"},{"floor":9,"key":"Whetstone"},{"floor":13,"key":"Question Card"},{"floor":22,"key":"Necronomicon"},{"floor":24,"key":"War Paint"},{"floor":26,"key":"White Beast Statue"},{"floor":27,"key":"Blue Candle"},{"floor":29,"key":"Oddly Smooth Stone"},{"floor":30,"key":"Champion Belt"},{"floor":40,"key":"Eternal Feather"},{"floor":42,"key":"Darkstone Periapt"},{"floor":43,"key":"Mercury Hourglass"},{"floor":44,"key":"Self Forming Clay"}],"event_choices":[{"damage_healed":0,"gold_gain":0,"player_choice":"Success","damage_taken":7,"relics_obtained":["Gremlin Horn"],"max_hp_gain":0,"max_hp_loss":0,"event_name":"Scrap Ooze","floor":2,"gold_loss":0},{"damage_healed":0,"gold_gain":0,"player_choice":"Lose Max HP","damage_taken":0,"relics_obtained":["Golden Idol"],"max_hp_gain":0,"max_hp_loss":6,"event_name":"Golden Idol","floor":3,"gold_loss":0},{"cards_removed":["Defend_R"],"damage_healed":0,"gold_gain":0,"player_choice":"Card Removal","damage_taken":7,"max_hp_gain":0,"max_hp_loss":0,"event_name":"Golden Wing","floor":5,"gold_loss":0},{"damage_healed":0,"gold_gain":0,"player_choice":"Got Potions","damage_taken":0,"max_hp_gain":0,"max_hp_loss":0,"event_name":"Lab","floor":12,"gold_loss":0},{"damage_healed":0,"gold_gain":0,"player_choice":"Obtained Book","damage_taken":16,"max_hp_gain":0,"max_hp_loss":0,"event_name":"Cursed Tome","floor":22,"gold_loss":0},{"damage_healed":0,"gold_gain":0,"player_choice":"Inject Mutagens","damage_taken":0,"relics_obtained":["MutagenicStrength"],"max_hp_gain":0,"max_hp_loss":0,"event_name":"Drug Dealer","floor":25,"gold_loss":0},{"damage_healed":0,"gold_gain":0,"player_choice":"Max HP","damage_taken":0,"max_hp_gain":0,"max_hp_loss":4,"event_name":"Winding Halls","floor":39,"gold_loss":0},{"damage_healed":0,"gold_gain":0,"player_choice":"Upgraded Two","damage_taken":0,"max_hp_gain":0,"max_hp_loss":0,"event_name":"Designer","floor":48,"gold_loss":40,"cards_upgraded":["Juggernaut","Strike_R"]}],"is_beta":false,"boss_relics":[{"not_picked":["Pandora\u0027s Box","Runic Cube"],"picked":"SacredBark"},{"not_picked":["Black Blood","Astrolabe"],"picked":"Fusion Hammer"}],"items_purged_floors":[36,46],"is_endless":false,"potions_floor_spawned":[1,13,16,18,27,30,31,33,35,37,38,40,41,42,44,47],"ascension_level":8}}