{"host":"jt62yzdgnrkmwwqv","time":1608300106,"event":{"mods":["AchievementEnabler","BaseMod","CapriCore","Colored Map","Colored Powertips","GungeonMod","Lobotomy","LobotomyExtend","Minty Spire (QoL Compilation)","StSLib","SuperFastMode","The Animator","The Construct","The Immortal"],"gold_per_floor":[110,129,147,163,163,198,198,215,241,241,257,272,46,59,59,157,157,167,67,82,82,82,82,163,163,163,196,196,206,81,101,101,202,202,217,67,80,80,80,80,90,121,121,131,131,143,143,143],"floor_reached":47,"playtime":1747,"items_purged":["Establishment","Strike_P","Defend_P","Strike_P"],"score":479,"play_id":"f35c2312-53a2-4bab-9367-15afd737bae1","local_time":"20201218230146","is_ascension_mode":false,"campfire_choices":[{"data":"Eruption","floor":7,"key":"SMITH"},{"floor":15,"key":"REST"},{"floor":23,"key":"RECALL"},{"floor":25,"key":"REST"},{"floor":28,"key":"REST"},{"floor":32,"key":"REST"},{"floor":40,"key":"REST"}],"circlet_count":0,"master_deck":["Strike_P","Strike_P+1","Defend_P","Defend_P+1","Defend_P","Eruption+1","Vigilance","EmptyBody","FearNoEvil+1","InnerPeace+1","EmptyFist+1","Adaptation","TalkToTheHand+1","LessonLearned"],"relics":["PureWater","LetterFromLob","DemoMod:OrangeGuonStone","Fusion Hammer","Matryoshka","Whetstone","Eternal Feather","Kunai","SlaversCollar","The Courier","Omamori","Pocketwatch"],"acts_visited":["Exordium","TheCity","TheBeyond"],"potions_floor_usage":[8,12,16,16,27,31,46,47],"damage_taken":[{"damage":0,"enemies":"2 Louse","floor":1,"turns":3},{"damage":0,"enemies":"Jaw Worm","floor":2,"turns":3},{"damage":0,"enemies":"Small Slimes","floor":3,"turns":3},{"damage":0,"enemies":"Blue Slaver","floor":4,"turns":6},{"damage":37,"enemies":"Gremlin Nob","floor":6,"turns":5},{"damage":3,"enemies":"Large Slime","floor":8,"turns":7},{"damage":4,"enemies":"Lots of Slimes","floor":11,"turns":5},{"damage":1,"enemies":"Exordium Wildlife","floor":12,"turns":5},{"damage":2,"enemies":"Large Slime","floor":14,"turns":6},{"damage":17,"enemies":"Hexaghost","floor":16,"turns":11},{"damage":4,"enemies":"Shell Parasite","floor":18,"turns":4},{"damage":1,"enemies":"3 Byrds","floor":20,"turns":5},{"damage":64,"enemies":"Book of Stabbing","floor":27,"turns":9},{"damage":8,"enemies":"Sentry and Sphere","floor":29,"turns":6},{"damage":10,"enemies":"Snake Plant","floor":31,"turns":6},{"damage":24,"enemies":"Champ","floor":33,"turns":13},{"damage":3,"enemies":"Orb Walker","floor":35,"turns":3},{"damage":4,"enemies":"3 Shapes","floor":37,"turns":7},{"damage":7,"enemies":"Transient","floor":41,"turns":5},{"damage":28,"enemies":"Nemesis","floor":42,"turns":11},{"damage":6,"enemies":"4 Shapes","floor":44,"turns":5},{"damage":14,"enemies":"3 Darklings","floor":46,"turns":10},{"damage":22,"enemies":"Jaw Worm Horde","floor":47,"turns":3}],"seed_played":"8334701838118056634","potions_obtained":[{"floor":1,"key":"LiquidMemories"},{"floor":3,"key":"Explosive Potion"},{"floor":8,"key":"SkillPotion"},{"floor":12,"key":"Dexterity Potion"},{"floor":16,"key":"ColorlessPotion"},{"floor":20,"key":"GamblersBrew"},{"floor":27,"key":"ColorlessPotion"},{"floor":39,"key":"BottledMiracle"},{"floor":39,"key":"EssenceOfSteel"},{"floor":39,"key":"LiquidMemories"},{"floor":46,"key":"Dexterity Potion"}],"is_trial":false,"path_per_floor":["M","M","M","M","M","E","R","M","T","?","M","M","$","M","R","B",null,"M","$","M","?","?","R","T","R","T","E","R","M","$","M","R","B",null,"M","$","M","?","?","R","M","E","T","M","$","M","M"],"character_chosen":"WATCHER","items_purchased":["Adaptation","TalkToTheHand"],"campfire_rested":5,"item_purchase_floors":[13,13],"current_hp_per_floor":[72,72,72,72,72,35,35,32,32,18,14,13,13,11,32,15,72,68,68,67,67,51,51,51,72,72,8,38,30,30,20,47,23,72,69,69,65,72,72,72,65,37,37,31,31,17,0,0],"gold":143,"neow_bonus":"ONE_RANDOM_RARE_CARD","is_daily":false,"chose_seed":false,"campfire_upgraded":1,"win_rate":0.0,"timestamp":1608300106,"path_taken":["M","M","M","M","M","E","R","M","T","?","M","M","?","M","R","BOSS","M","$","M","?","?","R","?","R","T","E","R","M","$","M","R","BOSS","M","$","M","?","?","R","M","E","T","?","$","M","M"],"items_purchased_type":["Card","Card"],"build_version":"2020-12-13","purchased_purges":4,"victory":false,"max_hp_per_floor":[72,72,72,72,72,72,72,72,72,72,72,72,72,72,72,72,72,72,72,72,72,72,72,72,72,72,72,72,72,72,72,72,72,72,72,72,72,72,72,72,72,72,72,72,72,72,72,72],"card_choices":[{"not_picked":["Study","CarveReality"],"picked":"EmptyBody","floor":1},{"not_picked":["Nirvana","EmptyFist","Crescendo"],"picked":"SKIP","floor":2},{"not_picked":["SashWhip","ClearTheMind","Protect"],"picked":"SKIP","floor":3},{"not_picked":["Meditate","FollowUp"],"picked":"FearNoEvil","floor":4},{"not_picked":["Halt","FollowUp","Tantrum"],"picked":"SKIP","floor":6},{"not_picked":["Swivel","SashWhip"],"picked":"InnerPeace","floor":8},{"not_picked":["Indignation","EmptyBody"],"picked":"EmptyFist","floor":11},{"not_picked":["ThirdEye","FlyingSleeves","Protect"],"picked":"SKIP","floor":12},{"not_picked":["Perseverance","CutThroughFate","ThirdEye"],"picked":"SKIP","floor":14},{"not_picked":["JustLucky+1","Prostrate+1","CutThroughFate+1"],"picked":"SKIP","floor":18},{"not_picked":["CutThroughFate+1","EmptyFist","Perseverance"],"picked":"SKIP","floor":20},{"not_picked":["Brilliance","CrushJoints","Consecrate"],"picked":"SKIP","floor":27},{"not_picked":["Collect","CrushJoints","WindmillStrike"],"picked":"SKIP","floor":29},{"not_picked":["Meditate","Consecrate+1","SashWhip+1"],"picked":"SKIP","floor":31},{"not_picked":["ConjureBlade","Devotion"],"picked":"LessonLearned","floor":33},{"not_picked":["Crescendo","DeceiveReality","Consecrate+1"],"picked":"SKIP","floor":35},{"not_picked":["CutThroughFate+1","Consecrate","CrushJoints+1"],"picked":"SKIP","floor":37},{"not_picked":["Nirvana+1","ClearTheMind+1","FollowUp"],"picked":"SKIP","floor":41},{"not_picked":["CutThroughFate+1","PathToVictory+1","Prostrate+1"],"picked":"SKIP","floor":42},{"not_picked":["ThirdEye+1","Weave","Worship"],"picked":"SKIP","floor":44},{"not_picked":["Weave","Establishment","EmptyBody"],"picked":"SKIP","floor":46}],"player_experience":224975,"relics_obtained":[{"floor":1,"key":"LetterFromLob"},{"floor":6,"key":"DemoMod:WeirdEgg"},{"floor":24,"key":"Matryoshka"},{"floor":26,"key":"Whetstone"},{"floor":26,"key":"Eternal Feather"},{"floor":27,"key":"Kunai"},{"floor":42,"key":"The Courier"},{"floor":43,"key":"Omamori"},{"floor":43,"key":"Pocketwatch"}],"event_choices":[{"damage_healed":0,"gold_gain":0,"player_choice":"Entered Light","damage_taken":14,"max_hp_gain":0,"max_hp_loss":0,"event_name":"Shining Light","floor":10,"gold_loss":0,"cards_upgraded":["Defend_P","InnerPeace"]},{"damage_healed":0,"gold_gain":0,"player_choice":"Ignored","damage_taken":0,"max_hp_gain":0,"max_hp_loss":0,"event_name":"Vampires","floor":21,"gold_loss":0},{"damage_healed":0,"gold_gain":0,"player_choice":"Obtained Book","damage_taken":16,"max_hp_gain":0,"max_hp_loss":0,"event_name":"Cursed Tome","floor":22,"gold_loss":0},{"damage_healed":0,"gold_gain":0,"player_choice":"Got Potions","damage_taken":0,"max_hp_gain":0,"max_hp_loss":0,"event_name":"Lab","floor":39,"gold_loss":0}],"is_beta":false,"boss_relics":[{"not_picked":["construct:ClawGrip","Velvet Choker"],"picked":"Fusion Hammer"},{"not_picked":["SacredBark","Runic Pyramid"],"picked":"SlaversCollar"}],"items_purged_floors":[13,19,30,36],"is_endless":false,"potions_floor_spawned":[1,3,8,12,16,20,27,42,44,46],"killed_by":"Jaw Worm Horde","ascension_level":0}}