{"host":"fflyk188z5ncxlup","time":1608335133,"event":{"mods":["AchievementEnabler","BaseMod","Bestiary","Better Third Choice","Block Reminder","Colored Map","Colored Powertips","DeckTracker","Googly Eyes","Minty Spire (QoL Compilation)","StSLib","SuperFastMode"],"gold_per_floor":[111,123,123,141,158,177,177,177,177,211,230,35,46,57,57,57,57],"floor_reached":16,"playtime":363,"items_purged":[],"score":201,"play_id":"77545ebf-4a75-4494-b165-bb8696d81cd2","local_time":"20201219084533","is_ascension_mode":true,"campfire_choices":[{"floor":8,"key":"REST"},{"data":"Immolate","floor":15,"key":"SMITH"}],"circlet_count":0,"master_deck":["AscendersBane","Strike_R","Strike_R","Strike_R","Defend_R","Defend_R","Defend_R","Defend_R","Bash","Thunderclap","Twin Strike","Iron Wave","Whirlwind","Immolate+1","Pommel Strike","Inflame"],"relics":["Burning Blood","NeowsBlessing","Gremlin Horn","PreservedInsect","Lee\u0027s Waffle"],"acts_visited":["Exordium"],"potions_floor_usage":[16],"damage_taken":[{"damage":0.0,"enemies":"Jaw Worm","floor":1.0,"turns":1.0},{"damage":0,"enemies":"Cultist","floor":2,"turns":1},{"damage":0,"enemies":"2 Louse","floor":4,"turns":1},{"damage":9,"enemies":"Red Slaver","floor":5,"turns":3},{"damage":29,"enemies":"Exordium Thugs","floor":6,"turns":7},{"damage":30,"enemies":"3 Sentries","floor":10,"turns":8},{"damage":0,"enemies":"Lots of Slimes","floor":11,"turns":1},{"damage":11,"enemies":"Blue Slaver","floor":13,"turns":3},{"damage":12,"enemies":"Looter","floor":14,"turns":3},{"damage":47,"enemies":"The Guardian","floor":16,"turns":6}],"seed_played":"-2360441330054069494","potions_obtained":[{"floor":4,"key":"Ancient Potion"},{"floor":5,"key":"ElixirPotion"},{"floor":6,"key":"Swift Potion"}],"is_trial":false,"path_per_floor":["M","M","?","M","M","M","?","R","T","E","M","$","M","M","R","B"],"character_chosen":"IRONCLAD","items_purchased":["Inflame","Lee\u0027s Waffle"],"campfire_rested":1,"item_purchase_floors":[12,12],"current_hp_per_floor":[74,75,68,74,71,48,48,70,70,46,52,82,77,71,71,24,24],"gold":57,"neow_bonus":"THREE_ENEMY_KILL","is_daily":false,"chose_seed":false,"campfire_upgraded":1,"win_rate":0.0,"timestamp":1608335133,"path_taken":["M","M","?","M","M","M","?","R","T","E","M","$","M","M","R","BOSS"],"items_purchased_type":["Card","Relic"],"build_version":"2020-12-13","purchased_purges":0,"victory":false,"max_hp_per_floor":[75,75,75,75,75,75,75,75,75,75,75,82,82,82,82,82,82],"card_choices":[{"not_picked":["Heavy Blade","Reckless Charge"],"picked":"Thunderclap","floor":1},{"not_picked":["Rampage","Pummel","Warcry"],"picked":"SKIP","floor":2},{"not_picked":["Wild Strike","Body Slam"],"picked":"Twin Strike","floor":4},{"not_picked":["Body Slam","Heavy Blade"],"picked":"Iron Wave","floor":5},{"not_picked":["Entrench","Sever Soul"],"picked":"Whirlwind","floor":6},{"not_picked":["Reckless Charge","Inflame"],"picked":"Immolate","floor":10},{"not_picked":["Combust","Perfected Strike"],"picked":"Pommel Strike","floor":11},{"not_picked":["Havoc","Dual Wield","Thunderclap"],"picked":"SKIP","floor":13},{"not_picked":["Uppercut","Reckless Charge","Anger"],"picked":"SKIP","floor":14}],"player_experience":375759,"relics_obtained":[{"floor":9,"key":"Gremlin Horn"},{"floor":10,"key":"PreservedInsect"}],"event_choices":[{"cards_removed":["Strike_R"],"damage_healed":0,"gold_gain":0,"player_choice":"Card Removal","damage_taken":7,"max_hp_gain":0,"max_hp_loss":0,"event_name":"Golden Wing","floor":3,"gold_loss":0},{"cards_removed":["Strike_R"],"damage_healed":0,"gold_gain":0,"player_choice":"Card Removal","damage_taken":0,"max_hp_gain":0,"max_hp_loss":0,"event_name":"Wheel of Change","floor":7,"gold_loss":0}],"is_beta":false,"boss_relics":[],"items_purged_floors":[],"is_endless":false,"potions_floor_spawned":[4,5,6],"killed_by":"The Guardian","ascension_level":18}}