{"host":"yvb207ks1sg3cxef","time":1608321929,"event":{"mods":["2.2 Compatiblity","BaseMod","Bestiary","Colored Powertips","Minty Spire (QoL Compilation)","Permanent Neow","Quick Restart","Relic Stats","StSLib"],"gold_per_floor":[364,374,70,80,42,42,69,96,108,120,162,174,216,245,257,371,383,410,436,464,487,49,82,82,82,82,113,141,151,168,168,168,267,267,287,299,314,332,347,372,384,417,417,467,467,499,258,272,272,272,272,272,72,102,102],"floor_reached":56,"playtime":6023,"items_purged":["Strike_P","Strike_P+1","Strike_P+1"],"score":1639,"play_id":"45184d03-b91b-4e53-8812-dbb871f8d25d","local_time":"20201219013529","is_ascension_mode":true,"campfire_choices":[{"data":"SashWhip","floor":6.0,"key":"SMITH"},{"data":"Eruption","floor":10.0,"key":"SMITH"},{"data":"Perseverance","floor":12.0,"key":"SMITH"},{"data":"Wallop","floor":15.0,"key":"SMITH"},{"floor":25.0,"key":"REST"},{"floor":32.0,"key":"REST"},{"floor":45.0,"key":"RECALL"},{"floor":49.0,"key":"REST"},{"floor":52.0,"key":"REST"}],"circlet_count":0,"master_deck":["Strike_P+1","Defend_P+1","Defend_P+1","Defend_P+1","Defend_P+1","Eruption+1","Vigilance+1","CarveReality+1","EmptyBody+1","SashWhip+1","Perseverance+1","Brilliance+1","FlyingSleeves+1","Wallop+1","LessonLearned+1","InnerPeace+1","Collect+1","EmptyBody+1","Adaptation","DevaForm+1","Fasting2","Meditate+1","Worship","CutThroughFate","Indignation","Ghostly","Ghostly","Ghostly+1","Ghostly+1","Ghostly+1","Scrawl","WaveOfTheHand+1","EmptyMind+1","Perseverance+1","Wireheading+1","LikeWater+1","Fasting2","Tantrum+1","DevaForm+1","DevaForm+1","Sanctity","Pray+1","Fasting2"],"relics":["PureWater","Incense Burner","MawBank","Vajra","TeardropLocket","Lantern","Fusion Hammer","Oddly Smooth Stone","Frozen Eye","Ancient Tea Set","Red Mask","Strawberry","Runic Pyramid","Bird Faced Urn","Letter Opener","Regal Pillow","StoneCalendar","MealTicket","Gremlin Horn"],"acts_visited":["TheCity","TheBeyond","TheEnding"],"potions_floor_usage":[55,55],"damage_taken":[{"damage":0.0,"enemies":"2 Louse","floor":1.0,"turns":1.0},{"damage":0.0,"enemies":"Small Slimes","floor":2.0,"turns":1.0},{"damage":0.0,"enemies":"Jaw Worm","floor":4.0,"turns":4.0},{"damage":5.0,"enemies":"3 Sentries","floor":7.0,"turns":7.0},{"damage":0.0,"enemies":"Large Slime","floor":8.0,"turns":5.0},{"damage":1.0,"enemies":"Gremlin Nob","floor":11.0,"turns":3.0},{"damage":1.0,"enemies":"3 Sentries","floor":13.0,"turns":6.0},{"damage":0.0,"enemies":"2 Fungi Beasts","floor":14.0,"turns":2.0},{"damage":8.0,"enemies":"Hexaghost","floor":16.0,"turns":10.0},{"damage":5.0,"enemies":"Shell Parasite","floor":18.0,"turns":4.0},{"damage":0.0,"enemies":"3 Byrds","floor":19.0,"turns":4.0},{"damage":12.0,"enemies":"Centurion and Healer","floor":20.0,"turns":5.0},{"damage":5.0,"enemies":"Snecko","floor":21.0,"turns":6.0},{"damage":22.0,"enemies":"Book of Stabbing","floor":23.0,"turns":8.0},{"damage":11.0,"enemies":"Masked Bandits","floor":27.0,"turns":5.0},{"damage":18.0,"enemies":"Slavers","floor":28.0,"turns":6.0},{"damage":0.0,"enemies":"Snake Plant","floor":29.0,"turns":6.0},{"damage":0.0,"enemies":"Chosen and Byrds","floor":30.0,"turns":5.0},{"damage":21.0,"enemies":"Champ","floor":33.0,"turns":11.0},{"damage":0.0,"enemies":"Orb Walker","floor":35.0,"turns":1.0},{"damage":1.0,"enemies":"3 Darklings","floor":36.0,"turns":7.0},{"damage":0.0,"enemies":"Maw","floor":37.0,"turns":10.0},{"damage":4.0,"enemies":"Writhing Mass","floor":38.0,"turns":6.0},{"damage":0.0,"enemies":"3 Darklings","floor":39.0,"turns":6.0},{"damage":0.0,"enemies":"Reptomancer","floor":40.0,"turns":7.0},{"damage":0.0,"enemies":"Maw","floor":41.0,"turns":8.0},{"damage":0.0,"enemies":"Nemesis","floor":42.0,"turns":7.0},{"damage":1.0,"enemies":"Mind Bloom Boss Battle","floor":44.0,"turns":6.0},{"damage":0.0,"enemies":"Reptomancer","floor":46.0,"turns":6.0},{"damage":0.0,"enemies":"Spire Growth","floor":48.0,"turns":4.0},{"damage":4.0,"enemies":"Awakened One","floor":50.0,"turns":10.0},{"damage":33.0,"enemies":"Shield and Spear","floor":54.0,"turns":9.0},{"damage":8,"enemies":"The Heart","floor":55,"turns":9}],"seed_played":"-8239742171386671165","potions_obtained":[{"floor":2.0,"key":"SteroidPotion"},{"floor":7.0,"key":"Fire Potion"},{"floor":8.0,"key":"Energy Potion"},{"floor":16.0,"key":"AttackPotion"},{"floor":19.0,"key":"Dexterity Potion"},{"floor":20.0,"key":"CultistPotion"},{"floor":23.0,"key":"Explosive Potion"},{"floor":30.0,"key":"Block Potion"},{"floor":35.0,"key":"Dexterity Potion"},{"floor":37.0,"key":"FairyPotion"},{"floor":40.0,"key":"Energy Potion"},{"floor":54.0,"key":"BottledMiracle"}],"is_trial":false,"path_per_floor":["M","M","$","M","?","R","E","M","T","R","E","R","E","M","R","B",null,"M","M","M","M","$","E","?","R","T","?","E","M","M","?","R","B",null,"M","M","M","M","M","E","M","E","T","?","R","E","$","M","R","B",null,"R","$","E","B",null],"character_chosen":"WATCHER","items_purchased":["Incense Burner","DevaForm","Oddly Smooth Stone","Frozen Eye","DevaForm","Sanctity","Fasting2"],"campfire_rested":4,"item_purchase_floors":[3,22,22,22,47,47,53],"current_hp_per_floor":[51,51,51,51,51,51,46,46,46,46,45,45,44,44,44,36,63,58,58,46,41,41,19,19,40,40,29,18,18,18,18,29,8,31,31,30,30,26,26,26,36,39,39,39,39,39,39,39,39,39,39,39,39,22,30],"gold":102,"neow_bonus":"TWO_FIFTY_GOLD","is_daily":false,"chose_seed":false,"campfire_upgraded":4,"win_rate":0.0,"timestamp":1608321929,"path_taken":["M","M","$","M","?","R","E","M","T","R","E","R","E","M","R","BOSS","M","M","M","M","$","E","?","R","T","?","E","M","M","?","R","BOSS","M","M","M","M","M","E","M","E","T","?","R","E","$","M","R","BOSS","R","$","E","BOSS"],"items_purchased_type":["Relic","Card","Relic","Relic","Card","Card","Card"],"build_version":"2020-12-13","purchased_purges":3,"victory":true,"max_hp_per_floor":[72,72,72,72,72,72,72,72,72,72,72,72,72,72,72,72,72,72,72,72,72,72,72,72,72,72,72,79,79,79,39,39,39,39,39,39,39,39,39,39,39,39,39,39,39,39,39,39,39,39,39,39,39,39,39],"relic_stats":{"Regal Pillow":0,"Gremlin Horn":[0,0],"counters":[33,195],"Bird Faced Urn":[50],"StoneCalendar":[103],"MealTicket":0,"Letter Opener":[185],"MawBank":180,"obtain_stats":[{"Lantern":13,"Regal Pillow":43,"Gremlin Horn":54,"Vajra":9,"Oddly Smooth Stone":22,"StoneCalendar":44,"Incense Burner":3,"TeardropLocket":11,"Letter Opener":42,"MawBank":7,"Ancient Tea Set":23,"Frozen Eye":22,"Strawberry":28,"Bird Faced Urn":40,"MealTicket":46,"Fusion Hammer":17,"Red Mask":27,"PureWater":0,"Runic Pyramid":34},{"Lantern":7,"Regal Pillow":27,"Gremlin Horn":32,"Vajra":5,"Oddly Smooth Stone":13,"StoneCalendar":28,"Incense Burner":2,"TeardropLocket":6,"Letter Opener":27,"MawBank":4,"Ancient Tea Set":14,"Frozen Eye":13,"Strawberry":16,"Bird Faced Urn":25,"MealTicket":29,"Fusion Hammer":9,"Red Mask":15,"PureWater":0,"Runic Pyramid":19},{"Lantern":27,"Regal Pillow":151,"Gremlin Horn":186,"Vajra":18,"Oddly Smooth Stone":58,"StoneCalendar":157,"Incense Burner":2,"TeardropLocket":21,"Letter Opener":151,"MawBank":13,"Ancient Tea Set":66,"Frozen Eye":58,"Strawberry":77,"Bird Faced Urn":136,"MealTicket":163,"Fusion Hammer":39,"Red Mask":71,"PureWater":0,"Runic Pyramid":99}]},"card_choices":[{"not_picked":["JustLucky","Halt"],"picked":"CarveReality","floor":1.0},{"not_picked":["Crescendo","Halt"],"picked":"EmptyBody","floor":2.0},{"not_picked":["BowlingBash","Consecrate"],"picked":"SashWhip","floor":4.0},{"not_picked":["PathToVictory","Prostrate","JustLucky"],"picked":"SKIP","floor":7.0},{"not_picked":["FollowUp","Consecrate"],"picked":"Perseverance","floor":8.0},{"not_picked":["BattleHymn","PathToVictory"],"picked":"Brilliance","floor":11.0},{"not_picked":["FollowUp","ForeignInfluence"],"picked":"FlyingSleeves","floor":13.0},{"not_picked":["Halt","FlurryOfBlows"],"picked":"Wallop","floor":14.0},{"not_picked":["DevaForm","ConjureBlade"],"picked":"LessonLearned","floor":16.0},{"not_picked":["FlurryOfBlows","Consecrate"],"picked":"InnerPeace","floor":18.0},{"not_picked":["CrushJoints","JustLucky"],"picked":"Collect+1","floor":19.0},{"not_picked":["Halt","FlurryOfBlows"],"picked":"EmptyBody","floor":20.0},{"not_picked":["Vengeance","EmptyMind"],"picked":"Adaptation","floor":21.0},{"not_picked":["ForeignInfluence+1","TalkToTheHand"],"picked":"Fasting2","floor":23.0},{"not_picked":["Protect+1","JustLucky+1"],"picked":"Meditate+1","floor":27.0},{"not_picked":["DevaForm","Protect+1"],"picked":"Worship","floor":28.0},{"not_picked":["CrushJoints","FlurryOfBlows"],"picked":"CutThroughFate","floor":29.0},{"not_picked":["WindmillStrike","Wireheading"],"picked":"Indignation","floor":30.0},{"not_picked":["MasterReality","Wish"],"picked":"Scrawl","floor":33.0},{"not_picked":["EmptyBody+1","FollowUp"],"picked":"WaveOfTheHand","floor":35.0},{"not_picked":["EmptyFist+1","FlyingSleeves+1","CrushJoints"],"picked":"SKIP","floor":36.0},{"not_picked":["Nirvana+1","ClearTheMind+1"],"picked":"EmptyMind+1","floor":37.0},{"not_picked":["EmptyBody+1","SashWhip+1"],"picked":"Perseverance+1","floor":38.0},{"not_picked":["FollowUp+1","Perseverance+1"],"picked":"Wireheading+1","floor":39.0},{"not_picked":["Wallop+1","ForeignInfluence"],"picked":"LikeWater+1","floor":40.0},{"not_picked":["Protect+1","CrushJoints"],"picked":"Fasting2","floor":41.0},{"not_picked":["Halt","Omniscience","SashWhip+1"],"picked":"SKIP","floor":42.0},{"not_picked":["EmptyBody","EmptyMind"],"picked":"Tantrum+1","floor":44.0},{"not_picked":["ForeignInfluence+1","PathToVictory"],"picked":"DevaForm","floor":46.0},{"not_picked":["ReachHeaven+1","ForeignInfluence"],"picked":"Pray+1","floor":48.0},{"not_picked":["ForeignInfluence","SignatureMove+1","InnerPeace"],"picked":"SKIP","floor":54.0}],"player_experience":184278,"relics_obtained":[{"floor":7.0,"key":"MawBank"},{"floor":9.0,"key":"Vajra"},{"floor":11.0,"key":"TeardropLocket"},{"floor":13.0,"key":"Lantern"},{"floor":23.0,"key":"Ancient Tea Set"},{"floor":27.0,"key":"Red Mask"},{"floor":28.0,"key":"Strawberry"},{"floor":40.0,"key":"Bird Faced Urn"},{"floor":42.0,"key":"Letter Opener"},{"floor":43.0,"key":"Regal Pillow"},{"floor":44.0,"key":"StoneCalendar"},{"floor":46.0,"key":"MealTicket"},{"floor":54.0,"key":"Gremlin Horn"}],"event_choices":[{"damage_healed":0.0,"max_hp_gain":0.0,"max_hp_loss":0.0,"gold_gain":0.0,"event_name":"World of Goop","player_choice":"Left Gold","floor":5.0,"gold_loss":38.0,"damage_taken":0.0},{"damage_healed":0.0,"max_hp_gain":0.0,"max_hp_loss":0.0,"gold_gain":0.0,"event_name":"Cursed Tome","player_choice":"Ignored","floor":24.0,"gold_loss":0.0,"damage_taken":0.0},{"damage_healed":0.0,"max_hp_gain":0.0,"max_hp_loss":0.0,"gold_gain":0.0,"event_name":"Masked Bandits","player_choice":"Fought Bandits","floor":27.0,"gold_loss":0.0,"damage_taken":0.0},{"damage_healed":0.0,"max_hp_gain":0.0,"max_hp_loss":40.0,"gold_gain":0.0,"event_name":"Ghosts","player_choice":"Became a Ghost","floor":31.0,"gold_loss":0.0,"damage_taken":0.0,"cards_obtained":["Ghostly","Ghostly","Ghostly","Ghostly","Ghostly"]},{"damage_healed":0.0,"max_hp_gain":0.0,"max_hp_loss":0.0,"gold_gain":0.0,"event_name":"MindBloom","player_choice":"Fight","floor":44.0,"gold_loss":0.0,"damage_taken":0.0}],"is_beta":false,"boss_relics":[{"not_picked":["Tiny House","SacredBark"],"picked":"Fusion Hammer"},{"not_picked":["Coffee Dripper","Astrolabe"],"picked":"Runic Pyramid"}],"items_purged_floors":[22,47,53],"is_endless":false,"potions_floor_spawned":[2,7,8,16,19,20,23,30,35,37,40,41,46,48,54],"ascension_level":5}}