{"host":"adt9pv9dmmkchns7","time":1608315142,"event":{"mods":["AchievementEnabler","BaseMod","Beaked The Cultist","Better Third Choice","Downfall","Energized Spire","Infinite Spire","Minty Spire (QoL Compilation)","Potionbrewer","Replay The Spire","Robot Space Explorer","Shade Mod","Spicy Shops","StSLib","The Blackbeard","The Construct","The Cursed","The Forsaken","The Gatherer","The Necromancer","Wandering Minibosses"],"gold_per_floor":[109,124,137,137,137,137,156,187,187,187,204,223,237,272,272,375,375,300,300],"floor_reached":18,"playtime":1758,"items_purged":[],"score":199,"play_id":"1d837584-fde7-4c84-af3a-8f6fd29a69fd","local_time":"20201218191222","is_ascension_mode":false,"campfire_choices":[{"floor":6,"key":"RECALL"},{"data":"RobotSpaceExplorer:MiniBoosters","floor":10,"key":"SMITH"},{"data":"RobotSpaceExplorer:MiniLasers","floor":15,"key":"SMITH"}],"circlet_count":0,"master_deck":["RobotSpaceExplorer:Strike","RobotSpaceExplorer:Strike","RobotSpaceExplorer:Strike","RobotSpaceExplorer:Strike","RobotSpaceExplorer:Defend","RobotSpaceExplorer:Defend","RobotSpaceExplorer:Defend","RobotSpaceExplorer:Defend","RobotSpaceExplorer:Scan","RobotSpaceExplorer:MiniLasers+1","RobotSpaceExplorer:FreezeRay","RobotSpaceExplorer:MiniBoosters+1","Replay:SS_fish_2","theForsaken:Purification","Gatherer:FlowerShield","Halt","Shade:LichForm"],"relics":["RobotSpaceExplorer:RoboCore","PrismaticShard","Boot","Replay:Bottled Snecko","potionbrewer:AlchemistFlask","RobotSpaceExplorer:Reprocessor"],"acts_visited":["Exordium","TheCity"],"potions_floor_usage":[8,11,12,13,14,14],"damage_taken":[{"damage":1,"enemies":"Jaw Worm","floor":1,"turns":4},{"damage":0,"enemies":"2 Louse","floor":2,"turns":3},{"damage":0,"enemies":"Cultist","floor":3,"turns":5},{"damage":0,"enemies":"3 Louse","floor":7,"turns":3},{"damage":12,"enemies":"Gremlin Nob","floor":8,"turns":2},{"damage":26,"enemies":"Exordium Thugs","floor":11,"turns":7},{"damage":5,"enemies":"Exordium Wildlife","floor":12,"turns":5},{"damage":0,"enemies":"Lots of Slimes","floor":13,"turns":2},{"damage":6,"enemies":"Lagavulin","floor":14,"turns":7},{"damage":16,"enemies":"Fading Forest","floor":16,"turns":11},{"damage":43,"enemies":"2 Thieves","floor":18,"turns":4}],"seed_played":"-4991961632390431004","potions_obtained":[{"floor":2,"key":"Explosive Potion"},{"floor":3,"key":"EssenceOfSteel"},{"floor":7,"key":"Death Potion"},{"floor":11,"key":"Ancient Potion"},{"floor":12,"key":"SteroidPotion"},{"floor":13,"key":"potionbrewer:AcidPotion"}],"is_trial":false,"path_per_floor":["M","M","M","?","?","R","M","E","T","R","M","M","M","E","R","B",null,"M"],"character_chosen":"RobotSpaceExplorer","items_purchased":[],"campfire_rested":0,"item_purchase_floors":[],"current_hp_per_floor":[81,81,81,81,81,81,81,69,69,69,51,54,54,56,56,48,82,39,39],"gold":300,"neow_bonus":"TEN_PERCENT_HP_BONUS","is_daily":false,"chose_seed":false,"campfire_upgraded":2,"win_rate":0.0,"timestamp":1608315142,"path_taken":["M","M","M","?","?","R","M","E","T","R","?","M","M","E","R","BOSS","M"],"items_purchased_type":[],"build_version":"2020-12-13","purchased_purges":0,"victory":false,"max_hp_per_floor":[82,82,82,82,82,82,82,82,82,82,82,82,82,82,82,82,82,82,82],"card_choices":[{"not_picked":["RobotSpaceExplorer:FreezingShield","RobotSpaceExplorer:FrostMissile"],"picked":"RobotSpaceExplorer:FreezeRay","floor":1},{"not_picked":["RobotSpaceExplorer:ShockKick","RobotSpaceExplorer:PlasmaMissile"],"picked":"RobotSpaceExplorer:MiniBoosters","floor":2},{"not_picked":["RobotSpaceExplorer:MiniBoosters","RobotSpaceExplorer:ScrapMissile"],"picked":"RobotSpaceExplorer:MiniDrones","floor":3},{"not_picked":["Gatherer:BigPouch","potionbrewer:CausticBarrier"],"picked":"Replay:SS_fish_2","floor":7},{"not_picked":["TheCursedMod:AbyssShockwave","Gatherer:GatherMaterial"],"picked":"theForsaken:Purification","floor":8},{"not_picked":["sneckomod:DiceBlock","Abandon"],"picked":"Gatherer:FlowerShield","floor":11},{"not_picked":["RobotSpaceExplorer:ShockKick","Guardian:Preprogram","Slimebound:GoopSpray"],"picked":"SKIP","floor":12},{"not_picked":["TheCursedMod:CursedMace","Blood_Whip","Shade:MadHubris"],"picked":"SKIP","floor":13},{"not_picked":["champ:ShieldThrow","potionbrewer:AcidCloud"],"picked":"Halt","floor":14},{"not_picked":["DevaForm","Gatherer:MindSearch"],"picked":"Shade:LichForm","floor":16}],"player_experience":830564,"relics_obtained":[{"floor":8,"key":"Replay:Bottled Snecko"},{"floor":14,"key":"potionbrewer:AlchemistFlask"}],"event_choices":[{"cards_removed":["RobotSpaceExplorer:MiniDrones"],"damage_healed":0,"gold_gain":0,"player_choice":"Gave Card","damage_taken":0,"relics_obtained":["Boot"],"max_hp_gain":0,"max_hp_loss":0,"event_name":"WeMeetAgain","floor":5,"gold_loss":0}],"is_beta":false,"boss_relics":[{"not_picked":["beaked:SacredDeck","Runic Dome"],"picked":"RobotSpaceExplorer:Reprocessor"}],"items_purged_floors":[],"is_endless":false,"potions_floor_spawned":[2,3,7,11,12,13],"killed_by":"2 Thieves","ascension_level":0}}