{"host":"6rmw1q50jy0xmvyl","time":1608291838,"event":{"mods":["BaseMod","BetterRewards","Clockwork Mod","Colored Map","Duelist Mod","Minty Spire (QoL Compilation)","Remove Card Discount Mod","StSLib","??????REMEMod"],"gold_per_floor":[111,41,55,68,85,85,116,116,143,143,143,72,103,178,178,298,298,321,266,280,295,143,143,161,176,176,176,22,42,93,124,124,274,274,289,289,303,74,74,74,74],"floor_reached":40,"playtime":2623,"items_purged":["Strike_B","Strike_B","Strike_B","Strike_B","Defend_B","Defend_B","Defend_B"],"score":736,"play_id":"069750ce-de45-43cc-880a-cacb1c3cf967","local_time":"20201218124358","is_ascension_mode":true,"campfire_choices":[{"data":"Defragment","floor":6,"key":"SMITH"},{"floor":8,"key":"REST"},{"floor":11,"key":"REST"},{"data":"Loop","floor":15,"key":"SMITH"},{"floor":23,"key":"REST"},{"floor":27,"key":"REST"},{"floor":32,"key":"REST"}],"circlet_count":0,"master_deck":["Zap","Dualcast","theDuelist:BurningSkullHead","Gash","Coolheaded","Defragment+1","Glacier","REME_SelfUpgrade","Static Discharge","Doom and Gloom","Loop+1","Capacitor","Core Surge","Redo","Conserve Battery+1","Echo Form","Fusion","Madness","Self Repair"],"relics":["Cracked Core","REME_ComplimentaryCards","Art of War","Bronze Scales","Golden Idol","Vajra","Velvet Choker","White Beast Statue","REME_PuzzleBoxRelic","Toy Ornithopter","Runic Capacitor","REME_HandOfSuture","Bag of Marbles","Pandora\u0027s Box","Potion Belt"],"acts_visited":["Exordium","TheCity","TheBeyond"],"potions_floor_usage":[7,13,21,24,25,29,31,33,37,40],"damage_taken":[{"damage":0,"enemies":"Cultist","floor":1,"turns":3},{"damage":4,"enemies":"Jaw Worm","floor":3,"turns":5},{"damage":0,"enemies":"Small Slimes","floor":4,"turns":4},{"damage":14,"enemies":"Exordium Thugs","floor":5,"turns":4},{"damage":19,"enemies":"3 Sentries","floor":7,"turns":8},{"damage":0,"enemies":"Lagavulin","floor":13,"turns":6},{"damage":39,"enemies":"Hexaghost","floor":16,"turns":5},{"damage":24,"enemies":"2 Thieves","floor":18,"turns":3},{"damage":20,"enemies":"Chosen","floor":20,"turns":5},{"damage":8,"enemies":"Snake Plant","floor":21,"turns":3},{"damage":13,"enemies":"Centurion and Healer","floor":24,"turns":7},{"damage":3,"enemies":"3 Cultists","floor":25,"turns":5},{"damage":10,"enemies":"Snake Plant","floor":29,"turns":5},{"damage":29,"enemies":"Slavers","floor":31,"turns":4},{"damage":8,"enemies":"Collector","floor":33,"turns":13},{"damage":22,"enemies":"3 Shapes","floor":35,"turns":3},{"damage":37,"enemies":"3 Darklings","floor":37,"turns":5},{"damage":148,"enemies":"Nemesis","floor":40,"turns":12}],"seed_played":"-638789602244322148","potions_obtained":[{"floor":1,"key":"ColorlessPotion"},{"floor":7,"key":"Regen Potion"},{"floor":20,"key":"PowerPotion"},{"floor":21,"key":"FearPotion"},{"floor":24,"key":"EssenceOfDarkness"},{"floor":25,"key":"Ancient Potion"},{"floor":29,"key":"DuplicationPotion"},{"floor":31,"key":"Energy Potion"},{"floor":33,"key":"Regen Potion"},{"floor":35,"key":"FairyPotion"},{"floor":37,"key":"Explosive Potion"}],"is_trial":false,"path_per_floor":["M","$","M","M","M","R","E","R","T","?","R","$","E","?","R","B",null,"M","?","M","M","$","R","M","M","T","R","$","M","T","E","R","B",null,"M","?","M","$","?","E"],"character_chosen":"DEFECT","items_purchased":["Gash","Strange Spoon","Defragment","Loop","REME_PuzzleBoxRelic","Runic Capacitor","Self Repair","Potion Belt"],"campfire_rested":5,"item_purchase_floors":[0,0,2,12,22,28,38,38],"current_hp_per_floor":[68,68,64,64,50,50,31,53,53,35,57,57,72,61,61,22,62,38,38,18,10,10,32,31,28,28,50,50,45,45,21,43,40,66,44,44,26,26,66,0,0],"gold":74,"neow_bonus":"","is_daily":false,"chose_seed":false,"campfire_upgraded":2,"win_rate":0.0,"timestamp":1608291838,"path_taken":["M","$","M","M","M","R","E","R","T","?","R","$","E","?","R","BOSS","M","?","M","M","$","R","M","M","T","R","?","M","?","E","R","BOSS","M","?","M","$","?","E"],"items_purchased_type":["Card","Relic","Card","Card","Relic","Relic","Card","Relic"],"build_version":"2020-12-13","purchased_purges":7,"victory":false,"max_hp_per_floor":[75,75,75,75,75,75,75,75,75,75,75,75,75,75,75,75,75,75,75,75,75,75,75,75,75,75,75,75,75,75,75,75,75,75,75,75,75,75,66,66,66],"card_choices":[{"not_picked":["Turbo","Heatsinks"],"picked":"Coolheaded","floor":1},{"not_picked":["Doom and Gloom","Coolheaded"],"picked":"Glacier","floor":3},{"not_picked":["Lockon","Turbo"],"picked":"REME_SelfUpgrade","floor":4},{"not_picked":["BootSequence","Tempest","Hologram"],"picked":"Static Discharge","floor":5},{"not_picked":["Compile Driver","Sweeping Beam","Core Surge"],"picked":"Doom and Gloom","floor":7},{"not_picked":["REME_Compress","Aggregate","Steam"],"picked":"Capacitor","floor":13},{"not_picked":["Meteor Strike","All For One","Hyperbeam"],"picked":"Core Surge","floor":16},{"not_picked":["Ball Lightning","Sunder+1"],"picked":"Redo","floor":18},{"not_picked":["Scrape","Barrage","Go for the Eyes","Reprogram"],"picked":"SKIP","floor":20},{"not_picked":["Ball Lightning+1","FTL+1","Go for the Eyes+1"],"picked":"Conserve Battery+1","floor":21},{"not_picked":["Go for the Eyes+1","Stack","Conserve Battery","FTL+1"],"picked":"SKIP","floor":24},{"not_picked":["FTL","Genetic Algorithm","Scrape","Hologram"],"picked":"SKIP","floor":25},{"not_picked":["Undo+1","Ball Lightning","Leap","Reinforced Body"],"picked":"SKIP","floor":29},{"not_picked":["Ball Lightning","Cold Snap+1","Turbo"],"picked":"SKIP","floor":31},{"not_picked":["Creative AI","Thunder Strike","Reboot"],"picked":"Echo Form","floor":33},{"not_picked":["Tempest","Rip and Tear+1","Beam Cell"],"picked":"SKIP","floor":35},{"not_picked":["HandOfGreed","Purity"],"picked":"Madness","floor":36},{"not_picked":["Rebound","Blizzard","REME_Whirling"],"picked":"SKIP","floor":37}],"player_experience":577251,"relics_obtained":[{"floor":7,"key":"Art of War"},{"floor":9,"key":"Bronze Scales"},{"floor":13,"key":"Vajra"},{"floor":26,"key":"Toy Ornithopter"},{"floor":30,"key":"REME_HandOfSuture"},{"floor":31,"key":"Bag of Marbles"}],"event_choices":[{"damage_healed":0,"gold_gain":0,"player_choice":"Take Damage","damage_taken":18,"relics_obtained":["Golden Idol"],"max_hp_gain":0,"max_hp_loss":0,"event_name":"Golden Idol","floor":10,"gold_loss":0},{"damage_healed":0,"gold_gain":75,"player_choice":"Gather Gold","damage_taken":11,"max_hp_gain":0,"max_hp_loss":0,"event_name":"World of Goop","floor":14,"gold_loss":0},{"damage_healed":0,"gold_gain":0,"player_choice":"Paid Gold","damage_taken":0,"relics_obtained":["White Beast Statue"],"max_hp_gain":0,"max_hp_loss":0,"event_name":"WeMeetAgain","floor":19,"gold_loss":55},{"damage_healed":0,"gold_gain":0,"player_choice":"Memory 1","damage_taken":0,"max_hp_gain":0,"max_hp_loss":0,"event_name":"SensoryStone","floor":36,"gold_loss":0},{"damage_healed":66,"gold_gain":0,"player_choice":"Heal","damage_taken":0,"max_hp_gain":0,"max_hp_loss":9,"event_name":"The Moai Head","floor":39,"gold_loss":0}],"is_beta":false,"boss_relics":[{"not_picked":["Runic Dome","REME_DuelDisc"],"picked":"Velvet Choker"},{"not_picked":["Coffee Dripper","Runic Pyramid"],"picked":"Pandora\u0027s Box"}],"items_purged_floors":[0,0,0,0,0,22,22],"is_endless":false,"potions_floor_spawned":[1,7,20,21,24,25,29,31,33,35,37],"killed_by":"Nemesis","ascension_level":5}}