{"host":"3srbdas3e7jgqz5l","time":1608330382,"event":{"mods":["BaseMod","Downfall","Minty Spire (QoL Compilation)","StSLib"],"gold_per_floor":[99,114,114,64,99,109,184,199,70,20,120,139,149,218,228,324,324,199,211,96,146,296,296,296],"floor_reached":23,"playtime":1278,"items_purged":["Slimebound:Strike_Slimebound","Slimebound:Strike_Slimebound"],"score":245,"play_id":"38d51397-384b-4424-9d25-30cb57b2a584","local_time":"20201218222622","is_ascension_mode":true,"campfire_choices":[{"floor":1,"key":"RECALL"},{"data":"Slimebound:CorrosiveSpit","floor":4,"key":"SMITH"},{"data":"Slimebound:SlimeBrawl","floor":10,"key":"SMITH"},{"data":"Slimebound:Darklings","floor":18,"key":"SMITH"}],"circlet_count":0,"master_deck":["Slimebound:Strike_Slimebound","Slimebound:Tackle","Slimebound:Defend_Slimebound","Slimebound:Defend_Slimebound","Slimebound:Defend_Slimebound","Slimebound:Defend_Slimebound","Slimebound:Split","Slimebound:CorrosiveSpit+1","Slimebound:SlimeSpikes","Slimebound:GrowthPunch","Slimebound:PrepareCrush","Slimebound:SlimeSpikes","Slimebound:SlimeBrawl+1","Slimebound:SplitMire","Slimebound:Schlurp","Slimebound:OozeBath","Slimebound:AcidTongue","Slimebound:SamplingLick","Slimebound:SlimeSpikes","Slimebound:SamplingLick","Slimebound:MassRepurpose","Slimebound:SamplingLick","Slimebound:SlimeSpikes","Slimebound:TongueLash","Slimebound:Gluttony","Slimebound:Darklings+1","Slimebound:SlimeBrawl+1","Slimebound:Prepare"],"relics":["Slimebound:AbsorbEndCombat","Prayer Wheel","Slimebound:GreedOozeRelic","Bottled Flame","Mummified Hand","downfall:CloakOfManyFaces","CultistMask","FaceOfCleric","NlothsMask","GremlinMask","SsserpentHead","Busted Crown","downfall:HeartBlessingRed","StoneCalendar","Bottled Tornado"],"acts_visited":["Exordium","TheCity"],"potions_floor_usage":[16,20,22],"damage_taken":[{"damage":4,"enemies":"Jaw Worm","floor":2,"turns":5},{"damage":21,"enemies":"3 Sentries","floor":5,"turns":9},{"damage":7,"enemies":"2 Louse","floor":6,"turns":2},{"damage":0,"enemies":"Cultist","floor":8,"turns":2},{"damage":11,"enemies":"downfall:FleeingMerchant","floor":9,"turns":4},{"damage":17,"enemies":"downfall:FaceTrader","floor":11,"turns":5},{"damage":17,"enemies":"Blue Slaver","floor":12,"turns":3},{"damage":19,"enemies":"Gremlin Gang","floor":13,"turns":3},{"damage":21,"enemies":"Exordium Thugs","floor":14,"turns":5},{"damage":8,"enemies":"3 Louse","floor":15,"turns":4},{"damage":28,"enemies":"downfall:Ironclad","floor":16,"turns":7},{"damage":45,"enemies":"3 Byrds","floor":19,"turns":4},{"damage":15,"enemies":"downfall:FleeingMerchant","floor":20,"turns":4},{"damage":18,"enemies":"Colosseum Nobs","floor":22,"turns":3},{"damage":72,"enemies":"Gremlin Leader","floor":23,"turns":2}],"seed_played":"-224368210086665626","potions_obtained":[{"floor":6,"key":"DuplicationPotion"},{"floor":8,"key":"Explosive Potion"},{"floor":11,"key":"SkillPotion"},{"floor":15,"key":"BlessingOfTheForge"},{"floor":22,"key":"Strength Potion"}],"is_trial":false,"path_per_floor":["R","M","?","R","E","M","T","M","$","R","?","M","M","M","M","B",null,"R","M","$","?","?","E"],"character_chosen":"SLIMEBOUND","items_purchased":["Slimebound:AcidTongue"],"campfire_rested":0,"item_purchase_floors":[9],"current_hp_per_floor":[54,54,54,54,45,42,42,42,43,43,44,38,36,32,31,26,59,59,41,47,47,54,0,0],"gold":296,"neow_bonus":"ONE_RARE_RELIC","is_daily":false,"chose_seed":false,"campfire_upgraded":3,"win_rate":0.0,"timestamp":1608330382,"path_taken":["R","M","?","R","E","M","T","M","$","R","?","M","M","?","M","BOSS","R","M","$","?","?","E"],"items_purchased_type":["Card"],"build_version":"2020-12-13","purchased_purges":2,"victory":false,"max_hp_per_floor":[54,54,54,54,54,54,54,54,54,54,54,55,56,57,58,59,59,59,60,61,61,62,62,62],"card_choices":[{"not_picked":["Slimebound:Dissolve","Slimebound:FinishingTackle"],"picked":"Slimebound:SlimeSpikes","floor":2},{"not_picked":["Slimebound:SplitMire","Slimebound:HungryTackle"],"picked":"Slimebound:GrowthPunch","floor":2},{"not_picked":["Slimebound:Chomp","Slimebound:FlameTackle"],"picked":"Slimebound:PrepareCrush","floor":5},{"not_picked":["Slimebound:SplitAcid","Slimebound:FinishingTackle"],"picked":"Slimebound:SlimeSpikes","floor":6},{"not_picked":["Slimebound:LeadByExample","Slimebound:FirmFortitude"],"picked":"Slimebound:SlimeBrawl","floor":6},{"not_picked":["Slimebound:ViciousTackle","Slimebound:PressTheAttack"],"picked":"Slimebound:SplitMire","floor":8},{"not_picked":["Slimebound:ViciousTackle","Slimebound:GrowthPunch"],"picked":"Slimebound:Schlurp","floor":8},{"not_picked":["Slimebound:Recollect","Slimebound:ServeAndProtect"],"picked":"Slimebound:OozeBath","floor":9},{"not_picked":["Slimebound:FirmFortitude","Slimebound:GoopSpray"],"picked":"Slimebound:SamplingLick","floor":12},{"not_picked":["Slimebound:SplitBruiser","Slimebound:LeechingTouch"],"picked":"Slimebound:SlimeSpikes","floor":12},{"not_picked":["Slimebound:Schlurp","Slimebound:SlimeSpikes"],"picked":"Slimebound:SamplingLick","floor":13},{"not_picked":["Slimebound:LivingWall","Slimebound:DivideAndConquer"],"picked":"Slimebound:MassRepurpose","floor":13},{"not_picked":["Slimebound:LeechEnergy","Slimebound:RollThrough"],"picked":"Slimebound:SamplingLick","floor":14},{"not_picked":["Slimebound:DisruptingSlam","Slimebound:PrepareCrush"],"picked":"Slimebound:SlimeSpikes","floor":14},{"not_picked":["Slimebound:ViciousTackle","Slimebound:PressTheAttack"],"picked":"Slimebound:TongueLash","floor":15},{"not_picked":["Slimebound:DivideAndConquer","Slimebound:LeechEnergy"],"picked":"Slimebound:Gluttony","floor":15},{"not_picked":["Slimebound:MassFeed","Slimebound:MassRepurpose"],"picked":"Slimebound:Darklings","floor":16},{"not_picked":["Slimebound:DisruptingSlam"],"picked":"SKIP","floor":19},{"not_picked":["Slimebound:Nibble+1"],"picked":"SKIP","floor":19},{"not_picked":[],"picked":"Slimebound:SlimeBrawl+1","floor":20}],"player_experience":455238,"relics_obtained":[{"floor":5,"key":"Bottled Flame"},{"floor":7,"key":"Mummified Hand"},{"floor":11,"key":"downfall:CloakOfManyFaces"},{"floor":22,"key":"StoneCalendar"},{"floor":22,"key":"Bottled Tornado"}],"event_choices":[{"damage_healed":0,"gold_gain":0,"player_choice":"Read","damage_taken":0,"max_hp_gain":0,"max_hp_loss":0,"event_name":"The Library","floor":21,"gold_loss":0,"cards_obtained":["Slimebound:Prepare"]}],"is_beta":false,"boss_relics":[{"not_picked":["Velvet Choker","Empty Cage"],"picked":"Busted Crown"}],"items_purged_floors":[9,20],"is_endless":false,"potions_floor_spawned":[6,8,11,12,15,22],"killed_by":"Gremlin Leader","ascension_level":3}}