{"host":"fdq5pmhluajjrf8d","time":1608250401,"event":{"mods":["BaseMod","Minty Spire (QoL Compilation)"],"gold_per_floor":[367,49,49,64,79,79,97,97,97,97,97,110,128,139,139,211,211,230,230,230,230,230,230,249,249,249,249,249,259,259,259],"floor_reached":30,"playtime":974,"items_purged":[],"score":429,"play_id":"32259068-026b-4822-a706-7e16b2c0e51e","local_time":"20201217191321","is_ascension_mode":true,"campfire_choices":[{"data":"Defragment","floor":6,"key":"SMITH"},{"floor":11,"key":"REST"},{"data":"Barrage","floor":15,"key":"SMITH"},{"floor":23,"key":"REST"},{"floor":25,"key":"REST"},{"floor":27,"key":"REST"}],"circlet_count":0,"master_deck":["AscendersBane","Strike_B","Strike_B","Strike_B","Strike_B","Defend_B","Defend_B","Defend_B","Defend_B","Zap+1","Dualcast","Defragment+1","Ball Lightning","Glacier","Compile Driver","Coolheaded","Barrage+1","Seek","Electrodynamics","Necronomicurse","Defragment+1","Thunder Strike"],"relics":["Cracked Core","ClockworkSouvenir","Incense Burner","SacredBark","Necronomicon","Sundial"],"acts_visited":["Exordium","TheCity"],"potions_floor_usage":[14,16,18,30],"damage_taken":[{"damage":2,"enemies":"2 Louse","floor":1,"turns":3},{"damage":9,"enemies":"Small Slimes","floor":4,"turns":3},{"damage":2,"enemies":"Jaw Worm","floor":5,"turns":4},{"damage":19,"enemies":"Exordium Wildlife","floor":7,"turns":4},{"damage":2,"enemies":"2 Fungi Beasts","floor":12,"turns":4},{"damage":3,"enemies":"Blue Slaver","floor":13,"turns":3},{"damage":11,"enemies":"3 Louse","floor":14,"turns":3},{"damage":4,"enemies":"Hexaghost","floor":16,"turns":8},{"damage":6,"enemies":"2 Thieves","floor":18,"turns":3},{"damage":27,"enemies":"3 Byrds","floor":24,"turns":3},{"damage":33,"enemies":"Snake Plant","floor":29,"turns":5},{"damage":12,"enemies":"Sentry and Sphere","floor":30,"turns":2}],"seed_played":"-5657589658949644042","potions_obtained":[{"floor":5,"key":"PotionOfCapacity"},{"floor":13,"key":"ColorlessPotion"},{"floor":14,"key":"SkillPotion"},{"floor":18,"key":"Ancient Potion"},{"floor":24,"key":"GamblersBrew"}],"is_trial":false,"path_per_floor":["M","$","?","M","M","R","M","?","T","$","R","M","M","M","R","B",null,"M","?","?","?","?","R","M","R","T","R","$","M","M"],"character_chosen":"DEFECT","items_purchased":["ClockworkSouvenir","Defragment","Ball Lightning"],"campfire_rested":4,"item_purchase_floors":[2,2,2],"current_hp_per_floor":[62,62,62,53,51,51,32,32,32,32,51,49,46,35,35,31,56,50,33,12,12,12,32,5,25,25,45,45,12,0,0],"gold":259,"neow_bonus":"TWO_FIFTY_GOLD","is_daily":false,"chose_seed":false,"campfire_upgraded":2,"win_rate":0.0,"timestamp":1608250401,"path_taken":["M","$","?","M","M","R","M","?","T","?","R","M","M","M","R","BOSS","M","?","?","?","?","R","M","R","T","R","$","M","M"],"items_purchased_type":["Relic","Card","Card"],"build_version":"2020-12-13","purchased_purges":0,"victory":false,"max_hp_per_floor":[64,64,64,64,64,64,64,64,64,64,64,64,64,64,64,64,64,64,69,69,69,69,69,69,69,69,69,69,69,69,69],"card_choices":[{"not_picked":["Go for the Eyes","Compile Driver","Barrage"],"picked":"SKIP","floor":1},{"not_picked":["Undo","Rip and Tear"],"picked":"Glacier","floor":4},{"not_picked":["Hologram","Sunder"],"picked":"Compile Driver","floor":5},{"not_picked":["Steam","Leap"],"picked":"Coolheaded","floor":7},{"not_picked":["Compile Driver","Go for the Eyes"],"picked":"Barrage","floor":12},{"not_picked":["Coolheaded","Rebound","Recycle"],"picked":"SKIP","floor":13},{"not_picked":["Rebound","Streamline"],"picked":"Seek","floor":14},{"not_picked":["Fission","Amplify"],"picked":"Electrodynamics","floor":16},{"not_picked":["Leap","Reinforced Body","Barrage"],"picked":"SKIP","floor":18},{"not_picked":["Beam Cell","Stack","Undo"],"picked":"SKIP","floor":24},{"not_picked":["FTL","Beam Cell"],"picked":"Thunder Strike","floor":29}],"player_experience":1877383,"relics_obtained":[{"floor":9,"key":"Incense Burner"},{"floor":20,"key":"Necronomicon"},{"floor":26,"key":"Sundial"}],"event_choices":[{"damage_healed":0,"gold_gain":0,"player_choice":"Leave","damage_taken":0,"max_hp_gain":0,"max_hp_loss":0,"event_name":"The Cleric","floor":3,"gold_loss":0},{"damage_healed":0,"gold_gain":0,"player_choice":"Grow","damage_taken":0,"max_hp_gain":0,"max_hp_loss":0,"event_name":"Living Wall","floor":8,"gold_loss":0,"cards_upgraded":["Zap"]},{"damage_healed":0,"gold_gain":0,"player_choice":"Shed Blood","damage_taken":22,"max_hp_gain":5,"max_hp_loss":0,"event_name":"Forgotten Altar","floor":19,"gold_loss":0},{"damage_healed":0,"gold_gain":0,"player_choice":"Obtained Book","damage_taken":21,"max_hp_gain":0,"max_hp_loss":0,"event_name":"Cursed Tome","floor":20,"gold_loss":0},{"damage_healed":0,"gold_gain":0,"player_choice":"Ignored","damage_taken":0,"max_hp_gain":0,"max_hp_loss":0,"event_name":"The Mausoleum","floor":21,"gold_loss":0},{"damage_healed":0,"gold_gain":0,"player_choice":"Copied","damage_taken":0,"max_hp_gain":0,"max_hp_loss":0,"event_name":"Duplicator","floor":22,"gold_loss":0,"cards_obtained":["Defragment"]}],"is_beta":false,"boss_relics":[{"not_picked":["Coffee Dripper","Snecko Eye"],"picked":"SacredBark"}],"items_purged_floors":[],"is_endless":false,"potions_floor_spawned":[5,13,14,18,24],"killed_by":"Sentry and Sphere","ascension_level":19}}