{"host":"33wh7cigx3w9wmym","time":1608256276,"event":{"mods":["AchievementEnabler","Act Like it!","BaseMod","Colored Map","Colored Powertips","Downfall","Friendly Minions","GifTheSpireLib","Minty Spire (QoL Compilation)","StSLib"],"gold_per_floor":[99,110,35,35,35,62,62,88,88,119,134,149,149,165,176,176,176],"floor_reached":16,"playtime":789,"items_purged":[],"score":132,"play_id":"6c4066d3-aa30-481f-9422-e0912d9779f8","local_time":"20201217235116","is_ascension_mode":true,"campfire_choices":[{"floor":1,"key":"RECALL"},{"data":"champ:Taunt","floor":3,"key":"SMITH"},{"floor":9,"key":"REST"}],"circlet_count":0,"master_deck":["champ:Strike","champ:Strike","champ:Strike","champ:Strike","champ:Defend","champ:Defend","champ:Defend","champ:Defend","champ:Execute","champ:Taunt+1","expansioncontent:DonusPower","champ:FanOfKnives","champ:RapidStrikes","champ:SwordSigil","champ:Lariat","champ:DancingMaster","champ:ArenaPreparation","champ:Balance","champ:EnragedBash","champ:RageSigil","champ:ShieldSigil","champ:StanceDance"],"relics":["champ:ChampionCrown","downfall:HeartBlessingRed","champ:LiftRelic","Nunchaku","Prayer Wheel","Bird Faced Urn","Pocketwatch","CaptainsWheel"],"acts_visited":["Exordium"],"potions_floor_usage":[10],"damage_taken":[{"damage":16,"enemies":"Jaw Worm","floor":2,"turns":6},{"damage":31,"enemies":"Gremlin Nob","floor":6,"turns":4},{"damage":10,"enemies":"3 Sentries","floor":8,"turns":6},{"damage":21,"enemies":"Gremlin Nob","floor":10,"turns":3},{"damage":2,"enemies":"Small Slimes","floor":11,"turns":2},{"damage":29,"enemies":"Cultist","floor":12,"turns":2},{"damage":5,"enemies":"Large Slime","floor":14,"turns":2},{"damage":8,"enemies":"Blue Slaver","floor":15,"turns":2},{"damage":65,"enemies":"downfall:Silent","floor":16,"turns":8}],"seed_played":"8489025756623264850","potions_obtained":[{"floor":6,"key":"champ:CounterPotion"},{"floor":12,"key":"Fire Potion"},{"floor":14,"key":"Block Potion"},{"floor":15,"key":"Block Potion"}],"is_trial":false,"path_per_floor":["R","M","R","?","T","E","T","E","R","E","M","M","?","M","M","B"],"character_chosen":"THE_CHAMP","items_purchased":[],"campfire_rested":1,"item_purchase_floors":[],"current_hp_per_floor":[90,77,77,77,77,51,51,41,68,55,53,53,53,53,52,0,0],"gold":176,"neow_bonus":"RANDOM_COLORLESS","is_daily":false,"chose_seed":false,"campfire_upgraded":1,"win_rate":0.0,"timestamp":1608256276,"path_taken":["R","M","R","?","?","E","T","E","R","E","M","M","?","M","M","BOSS"],"items_purchased_type":[],"build_version":"2020-12-13","purchased_purges":0,"victory":false,"max_hp_per_floor":[90,90,90,90,90,90,90,90,90,90,90,90,90,90,90,90,90],"card_choices":[{"not_picked":["expansioncontent:ManipulateTime","Panacea"],"picked":"expansioncontent:DonusPower","floor":0},{"not_picked":["champ:Backstep","champ:FlashCut"],"picked":"champ:FanOfKnives","floor":2},{"not_picked":["champ:Aggression","champ:PreciseThrust"],"picked":"champ:RapidStrikes","floor":6},{"not_picked":["champ:BerserkerStyle","champ:GladiatorStyle"],"picked":"champ:SwordSigil","floor":8},{"not_picked":["champ:PreciseThrust","champ:Haymaker"],"picked":"champ:Lariat","floor":10},{"not_picked":["champ:EnragedBash","champ:SkillfulDodge"],"picked":"champ:DancingMaster","floor":11},{"not_picked":["champ:PerfectedStrike","champ:BringItOn"],"picked":"champ:ArenaPreparation","floor":11},{"not_picked":["champ:RapidStrikes","champ:BerserkersShout"],"picked":"champ:Balance","floor":12},{"not_picked":["champ:Haymaker","champ:ShieldWall"],"picked":"champ:EnragedBash","floor":12},{"not_picked":["champ:DefensiveStyle","champ:EnGarde"],"picked":"champ:RageSigil","floor":14},{"not_picked":["champ:SwordSigil","champ:FocusedGladiator"],"picked":"champ:ShieldSigil","floor":14},{"not_picked":["champ:Encircle","champ:Backstep"],"picked":"champ:StanceDance","floor":15},{"not_picked":["champ:Haymaker","champ:Lariat","champ:DefensiveShout"],"picked":"SKIP","floor":15}],"player_experience":401169,"relics_obtained":[{"floor":5,"key":"Nunchaku"},{"floor":6,"key":"Prayer Wheel"},{"floor":7,"key":"Bird Faced Urn"},{"floor":8,"key":"Pocketwatch"},{"floor":10,"key":"CaptainsWheel"}],"event_choices":[],"is_beta":false,"boss_relics":[],"items_purged_floors":[],"is_endless":false,"potions_floor_spawned":[6,12,14,15],"killed_by":"downfall:Silent","ascension_level":2}}