{"host":"p245q48pmopyklqs","time":1608281052,"event":{"mods":["AchievementEnabler","BaseMod","DeckTracker","Minty Spire (QoL Compilation)","Relic Stats","Slay-I","StSLib","SuperFastMode"],"gold_per_floor":[10,10,10,23,34,34,67,86,132,167,167,192,209,222,222,299,299,318,368,378,30,41,41,41,52,75,110,110,125,125,125,125,197,197,213,213,213],"floor_reached":36,"playtime":4112,"items_purged":[],"score":812,"play_id":"23de1dbb-a130-400f-b5b6-1af0a187497b","local_time":"20201218174412","is_ascension_mode":true,"campfire_choices":[{"data":"Zap","floor":6.0,"key":"SMITH"},{"floor":11.0,"key":"REST"},{"floor":15.0,"key":"REST"},{"floor":23.0,"key":"RECALL"},{"floor":28.0,"key":"REST"},{"floor":30.0,"key":"REST"},{"floor":32,"key":"REST"}],"circlet_count":0,"master_deck":["AscendersBane","Strike_B","Strike_B","Strike_B","Strike_B","Defend_B","Defend_B","Defend_B","Defend_B","Zap+1","Dualcast","Apotheosis+1","Rebound","FTL","Compile Driver","Ball Lightning","White Noise","Sunder","Creative AI","Hello World+1","Seek+1","Hologram","Stack","Echo Form","Undo","Machine Learning"],"relics":["Cracked Core","InkBottle","Ancient Tea Set","Oddly Smooth Stone","DataDisk","Fusion Hammer","Bottled Lightning","Strawberry","Mercury Hourglass","Nuclear Battery"],"acts_visited":["Exordium","TheCity","TheBeyond"],"potions_floor_usage":[31],"damage_taken":[{"damage":0.0,"enemies":"2 Louse","floor":1.0,"turns":2.0},{"damage":0.0,"enemies":"Small Slimes","floor":4.0,"turns":3.0},{"damage":2.0,"enemies":"Jaw Worm","floor":5.0,"turns":3.0},{"damage":11.0,"enemies":"Gremlin Nob","floor":7.0,"turns":3.0},{"damage":12.0,"enemies":"2 Fungi Beasts","floor":8.0,"turns":2.0},{"damage":10.0,"enemies":"3 Sentries","floor":10.0,"turns":3.0},{"damage":32.0,"enemies":"Gremlin Nob","floor":12.0,"turns":4.0},{"damage":11.0,"enemies":"Gremlin Gang","floor":13.0,"turns":3.0},{"damage":5.0,"enemies":"Looter","floor":14.0,"turns":3.0},{"damage":22.0,"enemies":"The Guardian","floor":16.0,"turns":9.0},{"damage":0.0,"enemies":"Chosen","floor":18.0,"turns":5.0},{"damage":11.0,"enemies":"Spheric Guardian","floor":20.0,"turns":3.0},{"damage":1.0,"enemies":"Centurion and Healer","floor":22.0,"turns":4.0},{"damage":0.0,"enemies":"Snake Plant","floor":25.0,"turns":2.0},{"damage":38.0,"enemies":"Book of Stabbing","floor":27.0,"turns":5.0},{"damage":12.0,"enemies":"Chosen and Byrds","floor":29.0,"turns":5.0},{"damage":0,"enemies":"Cultist and Chosen","floor":31,"turns":1},{"damage":56,"enemies":"Collector","floor":33,"turns":8},{"damage":24,"enemies":"3 Shapes","floor":35,"turns":3},{"damage":38,"enemies":"3 Darklings","floor":36,"turns":2}],"seed_played":"8862596410428275706","potions_obtained":[{"floor":5.0,"key":"SteroidPotion"},{"floor":7.0,"key":"Weak Potion"},{"floor":8.0,"key":"PowerPotion"},{"floor":16.0,"key":"BlessingOfTheForge"},{"floor":18.0,"key":"Explosive Potion"},{"floor":20.0,"key":"EntropicBrew"},{"floor":35,"key":"Regen Potion"}],"is_trial":false,"path_per_floor":["M","?","?","M","M","R","E","M","T","E","R","E","M","M","R","B",null,"M","?","M","$","M","R","?","M","T","E","R","M","R","M","R","B",null,"M","M"],"character_chosen":"DEFECT","items_purchased":["Bottled Lightning","Seek"],"campfire_rested":5,"item_purchase_floors":[21,21],"current_hp_per_floor":[64,64,64,64,62,62,51,39,39,29,50,18,7,2,23,1,54,54,54,43,43,42,42,42,42,49,11,34,22,45,45,68,12,62,38,0,0],"gold":213,"neow_bonus":"RANDOM_COLORLESS_2","is_daily":false,"chose_seed":false,"campfire_upgraded":1,"win_rate":0.0,"timestamp":1608281052,"path_taken":["M","?","?","M","M","R","E","M","T","E","R","E","M","M","R","BOSS","M","?","M","$","M","R","?","M","T","E","R","?","R","M","R","BOSS","M","M"],"items_purchased_type":["Relic","Card"],"build_version":"2020-12-13","purchased_purges":0,"victory":false,"max_hp_per_floor":[71,71,71,71,71,71,71,71,71,71,71,71,71,71,71,71,71,71,71,71,71,71,71,71,71,78,78,78,78,78,78,78,78,78,78,78,78],"relic_stats":{"counters":[20,72],"obtain_stats":[{"DataDisk":12,"Strawberry":26,"Oddly Smooth Stone":10,"Fusion Hammer":17,"Bottled Lightning":21,"Cracked Core":0,"Ancient Tea Set":9,"InkBottle":7,"Mercury Hourglass":27,"Nuclear Battery":34},{"DataDisk":7,"Strawberry":14,"Oddly Smooth Stone":6,"Fusion Hammer":10,"Bottled Lightning":12,"Cracked Core":0,"Ancient Tea Set":5,"InkBottle":4,"Mercury Hourglass":15,"Nuclear Battery":18},{"DataDisk":20,"Strawberry":49,"Oddly Smooth Stone":16,"Fusion Hammer":35,"Bottled Lightning":43,"Cracked Core":0,"Ancient Tea Set":13,"InkBottle":11,"Mercury Hourglass":53,"Nuclear Battery":67}],"InkBottle":[25],"Mercury Hourglass":[103]},"card_choices":[{"not_picked":["Thinking Ahead","HandOfGreed"],"picked":"Apotheosis","floor":0.0},{"not_picked":["Gash","Coolheaded"],"picked":"Rebound","floor":1.0},{"not_picked":["Steam","Rebound","Heatsinks"],"picked":"SKIP","floor":4.0},{"not_picked":["Melter","Reboot"],"picked":"FTL","floor":5.0},{"not_picked":["Auto Shields","Lockon"],"picked":"Compile Driver","floor":7.0},{"not_picked":["Recycle","Gash"],"picked":"Ball Lightning","floor":8.0},{"not_picked":["Static Discharge","Leap"],"picked":"White Noise","floor":10.0},{"not_picked":["Melter","Fission"],"picked":"Sunder","floor":12.0},{"not_picked":["Scrape","Skim","Streamline"],"picked":"SKIP","floor":13.0},{"not_picked":["Gash","Ball Lightning","Lockon"],"picked":"SKIP","floor":14.0},{"not_picked":["Thunder Strike","Machine Learning"],"picked":"Creative AI","floor":16.0},{"not_picked":["Aggregate","Streamline+1","Conserve Battery"],"picked":"SKIP","floor":18.0},{"not_picked":["Sweeping Beam","Ball Lightning"],"picked":"Hello World+1","floor":20.0},{"not_picked":["Reinforced Body","Streamline"],"picked":"Hologram","floor":22.0},{"not_picked":["Tempest","Beam Cell"],"picked":"Stack","floor":25.0},{"not_picked":["Coolheaded","Consume+1"],"picked":"Echo Form","floor":27.0},{"not_picked":["Sweeping Beam","Beam Cell"],"picked":"Undo","floor":29.0},{"not_picked":["Reboot","Creative AI"],"picked":"Machine Learning","floor":33},{"not_picked":["Leap+1","Hologram","Sweeping Beam"],"picked":"SKIP","floor":35}],"player_experience":2304347,"relics_obtained":[{"floor":7.0,"key":"InkBottle"},{"floor":9.0,"key":"Ancient Tea Set"},{"floor":10.0,"key":"Oddly Smooth Stone"},{"floor":12.0,"key":"DataDisk"},{"floor":26.0,"key":"Strawberry"},{"floor":27.0,"key":"Mercury Hourglass"}],"event_choices":[{"damage_healed":0.0,"max_hp_gain":0.0,"max_hp_loss":0.0,"gold_gain":0.0,"event_name":"Living Wall","player_choice":"Grow","floor":2.0,"gold_loss":0.0,"damage_taken":0.0,"cards_upgraded":["Apotheosis"]},{"damage_healed":0.0,"max_hp_gain":0.0,"max_hp_loss":0.0,"gold_gain":0.0,"event_name":"Liars Game","player_choice":"Ignored","floor":3.0,"gold_loss":0.0,"damage_taken":0.0},{"damage_healed":0.0,"max_hp_gain":0.0,"max_hp_loss":0.0,"gold_gain":50.0,"event_name":"Nest","player_choice":"Stole From Cult","floor":19.0,"gold_loss":0.0,"damage_taken":0.0},{"damage_healed":0.0,"max_hp_gain":0.0,"max_hp_loss":0.0,"gold_gain":0.0,"event_name":"Upgrade Shrine","player_choice":"Upgraded","floor":24.0,"gold_loss":0.0,"damage_taken":0.0,"cards_upgraded":["Seek"]}],"is_beta":false,"boss_relics":[{"not_picked":["Cursed Key","Velvet Choker"],"picked":"Fusion Hammer"},{"not_picked":["Black Star","Tiny House"],"picked":"Nuclear Battery"}],"items_purged_floors":[],"is_endless":false,"potions_floor_spawned":[5,7,8,16,18,20,22,35],"killed_by":"3 Darklings","ascension_level":20}}