{"host":"61r95uy0hn86b9iu","time":1608263366,"event":{"mods":["AchievementEnabler","BaseMod","Better Vampires","BetterRewards","Colored Powertips","Hubris","Minty Spire (QoL Compilation)","Shop Mod","StSLib"],"gold_per_floor":[115,115,125,125,55,86,103,103,183,195,222,33,33,33,33,111,111,126,126,126,176,191,191,205,205,205,4,22,22,22],"floor_reached":29,"playtime":1411,"items_purged":["Noxious Fumes+1","Strike_G"],"score":629,"play_id":"0b983d89-2850-48cc-9fee-0d17183c797c","local_time":"20201217214926","is_ascension_mode":true,"campfire_choices":[{"floor":8.0,"key":"REST"},{"floor":13.0,"key":"REST"},{"floor":15.0,"key":"REST"},{"data":"Noxious Fumes","floor":23.0,"key":"SMITH"},{"floor":25.0,"key":"REST"}],"circlet_count":0,"master_deck":["AscendersBane","Noxious Fumes+1","Survivor","Neutralize","Bane","hubris:EnhanceAbility","Bouncing Flask","Dodge and Roll","Acrobatics","Underhanded Strike","Blade Dance+1","Catalyst+1","Noxious Fumes+1","Phantasmal Killer+1","Leg Sweep+1","Bouncing Flask+1","Wraith Form v2","Reflex+1","Finisher","Masterful Stab","Leg Sweep+1","Distraction+1","Dagger Throw","Outmaneuver+1","Decay","Crippling Poison+1","Escape Plan+1","Noxious Fumes"],"relics":["Ring of the Snake","Blue Candle","Nunchaku","Toxic Egg 2","Mercury Hourglass","Pandora\u0027s Box","hubris:Towel","MealTicket","Membership Card"],"acts_visited":["Exordium","TheCity"],"potions_floor_usage":[29],"damage_taken":[{"damage":0.0,"enemies":"Jaw Worm","floor":1.0,"turns":5.0},{"damage":5.0,"enemies":"2 Louse","floor":3.0,"turns":4.0},{"damage":22.0,"enemies":"3 Sentries","floor":6.0,"turns":7.0},{"damage":0.0,"enemies":"Small Slimes","floor":7.0,"turns":4.0},{"damage":18.0,"enemies":"Gremlin Gang","floor":10.0,"turns":5.0},{"damage":9.0,"enemies":"Lagavulin","floor":11.0,"turns":6.0},{"damage":34.0,"enemies":"Slime Boss","floor":16.0,"turns":7.0},{"damage":0.0,"enemies":"Spheric Guardian","floor":18.0,"turns":3.0},{"damage":0.0,"enemies":"Chosen","floor":22.0,"turns":2.0},{"damage":25.0,"enemies":"Snake Plant","floor":24.0,"turns":5.0},{"damage":7.0,"enemies":"Snecko","floor":28.0,"turns":4.0},{"damage":63,"enemies":"Slavers","floor":29,"turns":4}],"seed_played":"2444164305410031478","potions_obtained":[{"floor":1.0,"key":"ColorlessPotion"},{"floor":10.0,"key":"Block Potion"},{"floor":11.0,"key":"DuplicationPotion"},{"floor":24.0,"key":"EssenceOfSteel"}],"is_trial":false,"path_per_floor":["M","?","M","?","?","E","M","R","T","M","E","$","R","$","R","B",null,"M","?","?","?","M","R","M","R","T","$","M","E"],"character_chosen":"THE_SILENT","items_purchased":["Bane","hubris:EnhanceAbility","Noxious Fumes","Membership Card","Noxious Fumes"],"campfire_rested":4,"item_purchase_floors":[0,0,12,27,27],"current_hp_per_floor":[50,39,34,34,34,12,12,31,31,13,4,4,23,23,42,8,52,52,52,52,52,52,52,27,46,46,61,54,0,0],"gold":22,"neow_bonus":"","is_daily":false,"chose_seed":false,"campfire_upgraded":1,"win_rate":0.0,"timestamp":1608263366,"path_taken":["M","?","M","?","?","E","M","R","T","M","E","?","R","$","R","BOSS","M","?","?","?","M","R","?","R","T","$","M","E"],"items_purchased_type":["Card","Card","Card","Relic","Card"],"build_version":"2020-12-13","purchased_purges":2,"victory":false,"max_hp_per_floor":[66,66,66,66,66,66,66,66,66,66,66,66,66,66,66,66,66,66,66,66,66,66,66,66,66,66,66,66,66,66],"card_choices":[{"not_picked":["Underhanded Strike","Reflex"],"picked":"Bouncing Flask","floor":1.0},{"not_picked":["Bane","Dagger Spray"],"picked":"Dodge and Roll","floor":3.0},{"not_picked":["hubris:TrickCloak","Underhanded Strike"],"picked":"Acrobatics","floor":6.0},{"not_picked":["Backstab","Skewer"],"picked":"Underhanded Strike","floor":7.0},{"not_picked":["Acrobatics+1","Flying Knee"],"picked":"Blade Dance+1","floor":10.0},{"not_picked":["Dagger Spray","Slice"],"picked":"Catalyst+1","floor":11.0},{"not_picked":["Burst+1","Grand Finale"],"picked":"Phantasmal Killer+1","floor":16.0},{"not_picked":["PiercingWail+1","Quick Slash"],"picked":"Outmaneuver+1","floor":18.0},{"not_picked":["Underhanded Strike","Terror+1"],"picked":"Crippling Poison+1","floor":22.0},{"not_picked":["Dagger Spray","Burst+1"],"picked":"Escape Plan+1","floor":24.0},{"not_picked":["Well Laid Plans","Dagger Spray","Distraction+1"],"picked":"SKIP","floor":28.0}],"player_experience":3151364,"relics_obtained":[{"floor":6.0,"key":"Nunchaku"},{"floor":9.0,"key":"Toxic Egg 2"},{"floor":11.0,"key":"Mercury Hourglass"},{"floor":26.0,"key":"MealTicket"}],"event_choices":[{"damage_healed":0.0,"max_hp_gain":0.0,"max_hp_loss":0.0,"gold_gain":0.0,"event_name":"Scrap Ooze","player_choice":"Success","floor":2.0,"gold_loss":0.0,"damage_taken":11.0,"relics_obtained":["Blue Candle"]},{"damage_healed":0.0,"max_hp_gain":0.0,"max_hp_loss":0.0,"gold_gain":0.0,"event_name":"Shining Light","player_choice":"Ignored","floor":4.0,"gold_loss":0.0,"damage_taken":0.0},{"damage_healed":0.0,"max_hp_gain":0.0,"max_hp_loss":0.0,"gold_gain":0.0,"event_name":"World of Goop","player_choice":"Left Gold","floor":5.0,"gold_loss":70.0,"damage_taken":0.0},{"damage_healed":0.0,"max_hp_gain":0.0,"max_hp_loss":0.0,"gold_gain":0.0,"event_name":"Forgotten Altar","player_choice":"Smashed Altar","floor":19.0,"gold_loss":0.0,"damage_taken":0.0,"cards_obtained":["Decay"]},{"damage_healed":0.0,"max_hp_gain":0.0,"max_hp_loss":0.0,"gold_gain":100.0,"event_name":"The Joust","player_choice":"Bet on Murderer","floor":21.0,"gold_loss":50.0,"damage_taken":0.0}],"is_beta":false,"boss_relics":[{"not_picked":["Tiny House","Black Star"],"picked":"Pandora\u0027s Box"}],"items_purged_floors":[0,12],"is_endless":false,"potions_floor_spawned":[1,10,11,24],"killed_by":"Slavers","ascension_level":18}}