{"host":"pjgcdp3h1plnbocs","time":1608298607,"event":{"mods":["AchievementEnabler","BaseMod","Colored Map","Highlight Path","Minty Spire (QoL Compilation)"],"gold_per_floor":[112,123,138,37,52,85,85,104,104,104,134,102,118,134,134,231,231,251,151,151,163,118,118,118,151,204,221,254,129,129,129],"floor_reached":30,"playtime":1288,"items_purged":["Strike_B","Strike_B","Strike_B"],"score":429,"play_id":"2527248b-4ea5-4e0d-96c2-219c83d83e78","local_time":"20201218143647","is_ascension_mode":true,"campfire_choices":[{"data":"Conserve Battery","floor":7,"key":"SMITH"},{"floor":10,"key":"REST"},{"data":"Echo Form","floor":15,"key":"SMITH"},{"data":"Redo","floor":23,"key":"SMITH"}],"circlet_count":0,"master_deck":["Strike_B","Defend_B+1","Defend_B","Defend_B","Defend_B","Zap","Dualcast","Conserve Battery+1","Sweeping Beam","Cold Snap","Redo","Seek+1","Lockon","Echo Form+1","Hologram","Glacier","Multi-Cast","Defragment+1","Redo+1","Redo","Consume","White Noise+1"],"relics":["Cracked Core","War Paint","MealTicket","Oddly Smooth Stone","Nuclear Battery","Bottled Flame","Potion Belt","Art of War"],"acts_visited":["Exordium","TheCity"],"potions_floor_usage":[28,28,30,30],"damage_taken":[{"damage":1,"enemies":"Cultist","floor":1,"turns":4},{"damage":7,"enemies":"Small Slimes","floor":2,"turns":3},{"damage":5,"enemies":"2 Louse","floor":3,"turns":3},{"damage":28,"enemies":"Exordium Thugs","floor":5,"turns":6},{"damage":27,"enemies":"3 Sentries","floor":6,"turns":6},{"damage":1,"enemies":"Looter","floor":8,"turns":2},{"damage":14,"enemies":"Gremlin Nob","floor":11,"turns":3},{"damage":0,"enemies":"Large Slime","floor":13,"turns":3},{"damage":0,"enemies":"2 Fungi Beasts","floor":14,"turns":4},{"damage":0,"enemies":"Hexaghost","floor":16,"turns":12},{"damage":5,"enemies":"Spheric Guardian","floor":18,"turns":6},{"damage":3,"enemies":"2 Thieves","floor":21,"turns":5},{"damage":12,"enemies":"Gremlin Leader","floor":25,"turns":8},{"damage":24,"enemies":"3 Cultists","floor":27,"turns":7},{"damage":38,"enemies":"Book of Stabbing","floor":28,"turns":8},{"damage":38,"enemies":"Slavers","floor":30,"turns":2}],"seed_played":"-6221839071560312418","potions_obtained":[{"floor":1,"key":"SkillPotion"},{"floor":3,"key":"SpeedPotion"},{"floor":11,"key":"Regen Potion"},{"floor":27,"key":"Energy Potion"}],"is_trial":false,"path_per_floor":["M","M","M","$","M","E","R","M","T","R","E","?","M","M","R","B",null,"M","$","?","M","$","R","?","E","T","M","E","$","E"],"character_chosen":"DEFECT","items_purchased":["Redo","Redo"],"campfire_rested":1,"item_purchase_floors":[4,22],"current_hp_per_floor":[74,67,62,62,34,7,7,6,6,30,16,16,16,16,16,16,66,61,76,76,73,82,82,82,70,70,46,23,38,0,0],"gold":129,"neow_bonus":"TEN_PERCENT_HP_BONUS","is_daily":false,"chose_seed":false,"campfire_upgraded":3,"win_rate":0.0,"timestamp":1608298607,"path_taken":["M","M","M","$","M","E","R","M","T","R","E","?","M","M","R","BOSS","M","$","?","M","$","R","?","E","T","M","E","$","E"],"items_purchased_type":["Card","Card"],"build_version":"2020-12-13","purchased_purges":3,"victory":false,"max_hp_per_floor":[82,82,82,82,82,82,82,82,82,82,82,82,82,82,82,82,82,82,82,82,82,82,82,82,82,82,82,82,82,82,82],"card_choices":[{"not_picked":["Storm","Rip and Tear"],"picked":"Conserve Battery","floor":1},{"not_picked":["Go for the Eyes","Doom and Gloom"],"picked":"Sweeping Beam","floor":2},{"not_picked":["FTL","Leap"],"picked":"Cold Snap","floor":3},{"not_picked":["Barrage","Genetic Algorithm"],"picked":"Seek","floor":5},{"not_picked":["Steam","Gash"],"picked":"Lockon","floor":6},{"not_picked":["Cold Snap","Barrage","Conserve Battery"],"picked":"SKIP","floor":8},{"not_picked":["Coolheaded","Beam Cell"],"picked":"Echo Form","floor":11},{"not_picked":["Gash","Cold Snap"],"picked":"Hologram","floor":13},{"not_picked":["Sweeping Beam","Static Discharge"],"picked":"Glacier","floor":14},{"not_picked":["Buffer","Fission"],"picked":"Multi-Cast","floor":16},{"not_picked":["Sweeping Beam","Scrape"],"picked":"Defragment+1","floor":18},{"not_picked":["Compile Driver","Reinforced Body","Undo+1"],"picked":"SKIP","floor":21},{"not_picked":["Core Surge","Gash"],"picked":"Consume","floor":25},{"not_picked":["Sweeping Beam","Cold Snap","Coolheaded"],"picked":"SKIP","floor":27},{"not_picked":["BootSequence+1","Hologram"],"picked":"White Noise+1","floor":28}],"player_experience":109545,"relics_obtained":[{"floor":6,"key":"War Paint"},{"floor":9,"key":"MealTicket"},{"floor":11,"key":"Oddly Smooth Stone"},{"floor":25,"key":"Bottled Flame"},{"floor":26,"key":"Potion Belt"},{"floor":28,"key":"Art of War"}],"event_choices":[{"damage_healed":0,"gold_gain":0,"player_choice":"Left Gold","damage_taken":0,"max_hp_gain":0,"max_hp_loss":0,"event_name":"World of Goop","floor":12,"gold_loss":32},{"damage_healed":0,"gold_gain":0,"player_choice":"Ignored","damage_taken":0,"max_hp_gain":0,"max_hp_loss":0,"event_name":"Ghosts","floor":20,"gold_loss":0},{"damage_healed":0,"gold_gain":0,"player_choice":"Read","damage_taken":0,"max_hp_gain":0,"max_hp_loss":0,"event_name":"The Library","floor":24,"gold_loss":0,"cards_obtained":["Redo"]}],"is_beta":false,"boss_relics":[{"not_picked":["Tiny House","Velvet Choker"],"picked":"Nuclear Battery"}],"items_purged_floors":[4,19,29],"is_endless":false,"potions_floor_spawned":[1,3,11,14,16,21,27],"killed_by":"Slavers","ascension_level":6}}