{"host":"0cnf9zf1gia27zti","time":1608316750,"event":{"mods":["BaseMod","BetterRewards","Card Forge","Colored Map","Colored Powertips","Conspire","Downfall","Minty Spire (QoL Compilation)","Practice Mode","Quick Restart","Replay The Spire","Robot Space Explorer","Shade Mod","Spicy Shops","StSLib"],"gold_per_floor":[110,80,97,37,54,54,65,98,98,98,136,167,167,167,167,167,167],"floor_reached":16,"playtime":1529,"items_purged":["Regret"],"score":226,"play_id":"1d352324-aee4-47f9-a8e2-f33917515391","local_time":"20201218183910","is_ascension_mode":true,"campfire_choices":[{"data":"Zap","floor":6,"key":"SMITH"},{"floor":13,"key":"REST"}],"circlet_count":0,"master_deck":["AscendersBane","Strike_B","Strike_B+1","Strike_B","Strike_B+1","Defend_B","Defend_B","Defend_B","Defend_B","Zap+1","Dualcast","Self Repair","Self Repair","Loop","Barrage","Reinforced Body","Reinforced Body","Capacitor","Ball Lightning","Mayhem+1","Panic Button","Glacier","Conserve Battery","Ball Lightning","Conserve Battery+1"],"relics":["Cracked Core","Hammer of Thor","Seething Fire","Anvil of the Gods","Runic Capacitor","Blue Doll","Divine Protection","Membership Card","Whetstone","ReplayTheSpireMod:CursedCoin","Regal Pillow","Torii","Turnip","Art of War","Replay:Mystery Machine","Bag of Preparation"],"acts_visited":["Exordium"],"potions_floor_usage":[8,12,12,12,12],"damage_taken":[{"damage":0,"enemies":"Cultist","floor":1,"turns":3},{"damage":2,"enemies":"Small Slimes","floor":3,"turns":5},{"damage":0,"enemies":"Jaw Worm","floor":5,"turns":3},{"damage":3,"enemies":"2 Fungi Beasts","floor":7,"turns":4},{"damage":1,"enemies":"3 Sentries","floor":8,"turns":7},{"damage":0,"enemies":"Lagavulin","floor":12,"turns":8},{"damage":103,"enemies":"Fading Forest","floor":16,"turns":9}],"seed_played":"-743119423393124552","potions_obtained":[{"floor":3,"key":"FocusPotion"},{"floor":7,"key":"LiquidMemories"},{"floor":8,"key":"DistilledChaos"},{"floor":11,"key":"EntropicBrew"}],"is_trial":false,"path_per_floor":["M","$","M","$","M","R","M","E","T","$","?","E","R","?","R_BF","B"],"character_chosen":"DEFECT","items_purchased":["Self Repair","Runic Capacitor","Blue Doll","Divine Protection","Membership Card","Loop","Whetstone","Reinforced Body","Capacitor","ReplayTheSpireMod:CursedCoin","Regal Pillow","Mayhem+1"],"campfire_rested":1,"item_purchase_floors":[0,0,0,0,0,0,0,2,2,2,2,4],"current_hp_per_floor":[46,46,58,58,65,65,71,71,71,71,43,57,71,71,71,0,0],"gold":167,"neow_bonus":"","is_daily":false,"chose_seed":false,"campfire_upgraded":1,"win_rate":0.0,"timestamp":1608316750,"path_taken":["M","$","M","$","M","R","M","E","T","$","?","E","R","?","R_BF","BOSS"],"items_purchased_type":["Card","Relic","Relic","Relic","Relic","Card","Relic","Card","Card","Relic","Relic","Card"],"build_version":"2020-12-13","purchased_purges":1,"victory":false,"max_hp_per_floor":[71,71,71,71,71,71,71,71,71,71,71,71,71,71,71,71,71],"card_choices":[{"not_picked":["Go for the Eyes","ReplayTheSpireMod:System Scan"],"picked":"Barrage","floor":1},{"not_picked":["Cold Snap","Skim"],"picked":"Ball Lightning","floor":3},{"not_picked":["Stack","Gash","Coolheaded"],"picked":"SKIP","floor":5},{"not_picked":["Hologram","Steam"],"picked":"Panic Button","floor":7},{"not_picked":["Fission","Coolheaded"],"picked":"Glacier","floor":8},{"not_picked":["Undo","BootSequence"],"picked":"Conserve Battery","floor":11},{"not_picked":["Beam Cell","Compile Driver"],"picked":"Ball Lightning","floor":11},{"not_picked":["conspire:SharedLibrary","Redo"],"picked":"Conserve Battery","floor":12}],"player_experience":2139685,"relics_obtained":[{"floor":8,"key":"Torii"},{"floor":9,"key":"Turnip"},{"floor":11,"key":"Art of War"},{"floor":12,"key":"Replay:Mystery Machine"},{"floor":14,"key":"Bag of Preparation"}],"event_choices":[{"damage_healed":0,"gold_gain":0,"player_choice":"Relic","damage_taken":0,"max_hp_gain":0,"max_hp_loss":0,"event_name":"Wheel of Change","floor":14,"gold_loss":0}],"is_beta":false,"boss_relics":[],"items_purged_floors":[2],"is_endless":false,"potions_floor_spawned":[3,7,8],"killed_by":"Fading Forest","ascension_level":14}}