{"host":"og6lam4kt3nibbw0","time":1608254603,"event":{"mods":["AchievementEnabler","BaseMod","Colored Map","DeckTracker","Highlight Path","Keyboard Shortcuts","Minty Spire (QoL Compilation)","Permanent Neow","Quick Restart","StSLib","SuperFastMode"],"gold_per_floor":[109,34,48,67,67,82,27,27,73,38,57,57,88,88,88,165,165,184,184,184,200,200,200],"floor_reached":22,"playtime":552,"items_purged":["Decay"],"score":368,"play_id":"4d88c27a-0533-41b8-b44d-994f9f3a4709","local_time":"20201218102323","is_ascension_mode":true,"campfire_choices":[{"floor":8.0,"key":"RECALL"},{"data":"Dualcast","floor":12.0,"key":"SMITH"},{"floor":15.0,"key":"REST"}],"circlet_count":0,"master_deck":["AscendersBane","Strike_B","Strike_B","Strike_B","Defend_B","Defend_B","Defend_B","Zap","Dualcast+1","Apotheosis+1","Gash","Hologram","Sweeping Beam","Rip and Tear","Hologram","Chill","All For One","Beam Cell","Beam Cell"],"relics":["Cracked Core","Tiny Chest","Bag of Marbles","Empty Cage","Frozen Egg 2"],"acts_visited":["Exordium","TheCity"],"potions_floor_usage":[22],"damage_taken":[{"damage":0.0,"enemies":"Cultist","floor":1.0,"turns":3.0},{"damage":10.0,"enemies":"2 Louse","floor":3.0,"turns":3.0},{"damage":7.0,"enemies":"Jaw Worm","floor":4.0,"turns":3.0},{"damage":9.0,"enemies":"Red Slaver","floor":6.0,"turns":3.0},{"damage":10.0,"enemies":"2 Fungi Beasts","floor":11.0,"turns":3.0},{"damage":12.0,"enemies":"Lagavulin","floor":13.0,"turns":5.0},{"damage":22.0,"enemies":"The Guardian","floor":16.0,"turns":12.0},{"damage":18.0,"enemies":"2 Thieves","floor":18.0,"turns":3.0},{"damage":0.0,"enemies":"Chosen","floor":21.0,"turns":3.0},{"damage":21,"enemies":"Snake Plant","floor":22,"turns":3}],"seed_played":"-81981445642038875","potions_obtained":[{"floor":1.0,"key":"Swift Potion"},{"floor":4.0,"key":"FearPotion"}],"is_trial":false,"path_per_floor":["M","$","M","M","?","M","$","R","T","?","M","R","E","$","R","B",null,"M","?","T","M","M"],"character_chosen":"DEFECT","items_purchased":["Hologram"],"campfire_rested":1,"item_purchase_floors":[7],"current_hp_per_floor":[64,64,54,47,47,38,38,38,38,55,45,45,33,33,54,32,61,43,23,23,23,2,2],"gold":200,"neow_bonus":"RANDOM_COLORLESS_2","is_daily":false,"chose_seed":false,"campfire_upgraded":1,"win_rate":0.0,"timestamp":1608254603,"path_taken":["M","$","M","M","?","M","?","R","T","?","M","R","E","?","R","BOSS","M","?","?","M","?"],"items_purchased_type":["Card"],"build_version":"2020-12-13","purchased_purges":1,"victory":false,"max_hp_per_floor":[71,71,71,71,71,71,71,71,71,71,71,71,71,71,71,71,71,71,76,76,76,76,76],"card_choices":[{"not_picked":["Violence","Thinking Ahead"],"picked":"Apotheosis","floor":0.0},{"not_picked":["Barrage","Darkness"],"picked":"Gash","floor":1.0},{"not_picked":["Cold Snap","Stack"],"picked":"Hologram","floor":3.0},{"not_picked":["Go for the Eyes","Consume"],"picked":"Sweeping Beam","floor":4.0},{"not_picked":["Cold Snap","Streamline"],"picked":"Rip and Tear","floor":6.0},{"not_picked":["Tempest","Barrage"],"picked":"Chill","floor":11.0},{"not_picked":["Reprogram","Redo","Multi-Cast"],"picked":"SKIP","floor":13.0},{"not_picked":["Thunder Strike","Echo Form"],"picked":"All For One","floor":16.0},{"not_picked":["Compile Driver","Sweeping Beam"],"picked":"Beam Cell","floor":18.0},{"not_picked":["Glacier","Conserve Battery"],"picked":"Beam Cell","floor":21.0}],"player_experience":787517,"relics_obtained":[{"floor":9.0,"key":"Tiny Chest"},{"floor":13.0,"key":"Bag of Marbles"},{"floor":20.0,"key":"Frozen Egg 2"}],"event_choices":[{"damage_healed":0.0,"max_hp_gain":0.0,"max_hp_loss":0.0,"gold_gain":0.0,"event_name":"Accursed Blacksmith","player_choice":"Forge","floor":5.0,"gold_loss":0.0,"damage_taken":0.0,"cards_upgraded":["Apotheosis"]},{"damage_healed":17.0,"max_hp_gain":0.0,"max_hp_loss":0.0,"gold_gain":0.0,"event_name":"The Cleric","player_choice":"Healed","floor":10.0,"gold_loss":35.0,"damage_taken":0.0},{"damage_healed":0.0,"max_hp_gain":5.0,"max_hp_loss":0.0,"gold_gain":0.0,"event_name":"Forgotten Altar","player_choice":"Shed Blood","floor":19.0,"gold_loss":0.0,"damage_taken":25.0}],"is_beta":false,"boss_relics":[{"not_picked":["SlaversCollar","Busted Crown"],"picked":"Empty Cage"}],"items_purged_floors":[2],"is_endless":false,"potions_floor_spawned":[1,4,11],"killed_by":"Snake Plant","ascension_level":20}}