{"host":"3mff1044tv3dbeho","time":1608284750,"event":{"mods":["BaseMod","Downfall","Minty Spire (QoL Compilation)","StSLib"],"gold_per_floor":[114,128,139,149,163,196,207,207,207,240,240,35,50,70,70,167,167,179,192,48,48,48,79,29,46,97,97,125,125,125,142,142,142,142],"floor_reached":33,"playtime":2365,"items_purged":["Pain","Shame"],"score":434,"play_id":"c0ba4cff-43fc-47ae-aa17-eb094085b1ef","local_time":"20201218104550","is_ascension_mode":true,"campfire_choices":[{"floor":8,"key":"REST"},{"data":"Auto Shields","floor":15,"key":"SMITH"},{"data":"Defragment","floor":32,"key":"SMITH"}],"circlet_count":0,"master_deck":["Strike_B","Strike_B","Strike_B","Strike_B","Defend_B","Defend_B","Defend_B","Defend_B","Zap","Dualcast","Glacier","Defragment+1","Tempest","Genetic Algorithm","Auto Shields+1","Steam","Ball Lightning","Barrage","Beam Cell","BootSequence","Rainbow","Compile Driver","Loop","Reinforced Body","Cold Snap","Hologram","Steam"],"relics":["Cracked Core","Vajra","Art of War","Nunchaku","Smiling Mask","WarpedTongs","ClockworkSouvenir","Philosopher\u0027s Stone","Lantern","Anchor","Symbiotic Virus","Kunai","Matryoshka","Gremlin Horn"],"acts_visited":["Exordium","TheCity"],"potions_floor_usage":[6,6,19,33,33],"damage_taken":[{"damage":1,"enemies":"Cultist","floor":1,"turns":3},{"damage":5,"enemies":"Small Slimes","floor":2,"turns":3},{"damage":9,"enemies":"2 Louse","floor":3,"turns":3},{"damage":17,"enemies":"Exordium Wildlife","floor":4,"turns":7},{"damage":10,"enemies":"3 Louse","floor":5,"turns":5},{"damage":12,"enemies":"Lagavulin","floor":6,"turns":9},{"damage":0,"enemies":"Large Slime","floor":7,"turns":6},{"damage":19,"enemies":"3 Sentries","floor":10,"turns":8},{"damage":18,"enemies":"Gremlin Gang","floor":13,"turns":5},{"damage":0,"enemies":"3 Louse","floor":14,"turns":3},{"damage":5,"enemies":"Slime Boss","floor":16,"turns":8},{"damage":0,"enemies":"Spheric Guardian","floor":18,"turns":3},{"damage":14,"enemies":"2 Thieves","floor":19,"turns":4},{"damage":16,"enemies":"Book of Stabbing","floor":23,"turns":6},{"damage":2,"enemies":"Centurion and Healer","floor":25,"turns":6},{"damage":6,"enemies":"Slavers","floor":28,"turns":6},{"damage":13,"enemies":"3 Cultists","floor":31,"turns":5},{"damage":27,"enemies":"Automaton","floor":33,"turns":6}],"seed_played":"-2290772096297928061","potions_obtained":[{"floor":1,"key":"BlessingOfTheForge"},{"floor":3,"key":"Strength Potion"},{"floor":5,"key":"FairyPotion"},{"floor":6,"key":"Ancient Potion"},{"floor":18,"key":"champ:CounterPotion"},{"floor":19,"key":"Fire Potion"},{"floor":31,"key":"DuplicationPotion"}],"is_trial":false,"path_per_floor":["M","M","M","M","M","E","M","R","T","E","?","$","M","M","R","B",null,"M","M","$","?","$","E","$","M","T","?","E","T","?","M","R","B"],"character_chosen":"DEFECT","items_purchased":["ClockworkSouvenir","Lantern"],"campfire_rested":1,"item_purchase_floors":[12,20],"current_hp_per_floor":[67,62,53,36,26,14,14,36,36,17,17,17,22,22,22,17,61,61,47,47,47,47,31,31,29,29,29,23,23,23,10,10,0,0],"gold":142,"neow_bonus":"RANDOM_COMMON_RELIC","is_daily":false,"chose_seed":false,"campfire_upgraded":2,"win_rate":0.0,"timestamp":1608284750,"path_taken":["M","M","?","M","M","E","M","R","T","E","?","$","M","?","R","BOSS","M","M","?","?","?","E","$","M","T","?","E","?","?","M","R","BOSS"],"items_purchased_type":["Relic","Relic"],"build_version":"2020-12-13","purchased_purges":2,"victory":false,"max_hp_per_floor":[75,75,75,75,75,75,75,75,75,75,75,75,75,75,75,75,75,75,75,75,75,75,75,75,75,75,75,75,75,75,75,75,75,75],"card_choices":[{"not_picked":["Barrage","Redo"],"picked":"Glacier","floor":1},{"not_picked":["Turbo","Stack"],"picked":"Defragment","floor":2},{"not_picked":["Barrage","Rebound"],"picked":"Tempest","floor":3},{"not_picked":["Chaos","Hologram"],"picked":"Genetic Algorithm","floor":4},{"not_picked":["Amplify","Turbo"],"picked":"Auto Shields","floor":5},{"not_picked":["Turbo","Recycle"],"picked":"Steam","floor":6},{"not_picked":["Rip and Tear","Stack"],"picked":"Ball Lightning","floor":7},{"not_picked":["Gash","Turbo"],"picked":"Barrage","floor":10},{"not_picked":["Rebound","Turbo"],"picked":"Beam Cell","floor":13},{"not_picked":["Melter","Scrape"],"picked":"BootSequence","floor":14},{"not_picked":["Reboot","Hyperbeam"],"picked":"Rainbow","floor":16},{"not_picked":["Gash+1","Rebound"],"picked":"Compile Driver","floor":18},{"not_picked":["Compile Driver","Sweeping Beam"],"picked":"Loop","floor":19},{"not_picked":["Redo","Fusion+1"],"picked":"Reinforced Body","floor":23},{"not_picked":["Sunder","Multi-Cast"],"picked":"Cold Snap","floor":25},{"not_picked":["Static Discharge","Darkness"],"picked":"Hologram","floor":28},{"not_picked":["Steam Power","Fusion+1"],"picked":"Steam","floor":31}],"player_experience":381351,"relics_obtained":[{"floor":6,"key":"Art of War"},{"floor":9,"key":"Nunchaku"},{"floor":10,"key":"Smiling Mask"},{"floor":23,"key":"Symbiotic Virus"},{"floor":28,"key":"Kunai"},{"floor":29,"key":"Matryoshka"}],"event_choices":[{"damage_healed":0,"gold_gain":0,"player_choice":"Rummage","damage_taken":0,"relics_obtained":["WarpedTongs"],"max_hp_gain":0,"max_hp_loss":0,"event_name":"Accursed Blacksmith","floor":11,"gold_loss":0,"cards_obtained":["Pain"]},{"damage_healed":0,"gold_gain":0,"player_choice":"Stole Relic","damage_taken":0,"relics_obtained":["Anchor"],"max_hp_gain":0,"max_hp_loss":0,"event_name":"Addict","floor":21,"gold_loss":0,"cards_obtained":["Shame"]},{"damage_healed":0,"gold_gain":0,"player_choice":"Ignored","damage_taken":0,"max_hp_gain":0,"max_hp_loss":0,"event_name":"Beggar","floor":27,"gold_loss":0},{"damage_healed":0,"gold_gain":0,"player_choice":"Opened","damage_taken":0,"relics_obtained":["Gremlin Horn"],"max_hp_gain":0,"max_hp_loss":0,"event_name":"The Mausoleum","floor":30,"gold_loss":0}],"is_beta":false,"boss_relics":[{"not_picked":["SacredBark","Inserter"],"picked":"Philosopher\u0027s Stone"}],"items_purged_floors":[12,24],"is_endless":false,"potions_floor_spawned":[1,3,5,6,18,19,31],"killed_by":"Automaton","ascension_level":9}}