{"host":"Lingo","time":1608276668,"event":{"mods":["BaseMod","Downfall","Minty Spire (QoL Compilation)","Relic Stats","StSLib"],"gold_per_floor":[99,116,101,101,121,121,121,150,177,193,193,203,353,353,364,461,461,386,420,250,265,265,299,299,299,312,346,357,375,107,107,120,225,225,150,204,239,253,263,313,313,313,119,150,165,165,178,187,204,204],"floor_reached":51,"playtime":9647,"items_purged":["Guardian:Strike_Guardian","Guardian:Strike_Guardian+1","Guardian:Strike_Guardian+1"],"score":865,"play_id":"0ba91b37-4318-4e4a-ab9a-37ea10ff6410","local_time":"20201217233108","is_ascension_mode":false,"campfire_choices":[{"data":"Guardian:TwinSlam","floor":1,"key":"SMITH"},{"data":"Guardian:ChargeCore","floor":4,"key":"SMITH"},{"data":"Guardian:Suspension","floor":6,"key":"SMITH"},{"data":"Guardian:BaubleBeam","floor":18,"key":"SMITH"},{"data":"Guardian:BronzeOrb","floor":35,"key":"SMITH"},{"floor":42,"key":"RECALL"}],"circlet_count":0,"master_deck":["Guardian:Strike_Guardian+1","Guardian:Defend_Guardian+1","Guardian:Defend_Guardian+1","Guardian:Defend_Guardian+1","Guardian:Defend_Guardian+1","Guardian:CurlUp","Guardian:TwinSlam+1","Guardian:ChargeCore+1","Guardian:Suspension+1","Guardian:Emergency+1","Guardian:Recover","Guardian:ConstructionForm","Guardian:TemporalShield","Trip","Guardian:ShieldCharger","Guardian:BaubleBeam+1","Guardian:BronzeOrb+1","Guardian:MultiBeam","Guardian:PiercingHide+1","Guardian:PiercingHide+1","Guardian:Harden","Guardian:WalkerClaw","Guardian:Clone+1","Guardian:EvasiveProtocol+1","Dark Shackles","Guardian:StasisField+1","Guardian:PolyBeam+1","Guardian:DecasProtection","expansioncontent:StudyTheSpire","Guardian:TimeCapacitor","Guardian:PrimingBeam+1"],"relics":["Black Star","Odd Mushroom","Prayer Wheel","Calipers","Empty Cage","downfall:HeartBlessingBlue","Orichalcum","White Beast Statue","Thread and Needle","Pear","Bottled Flame","Torii","Eternal Feather","Bag of Preparation","MutagenicStrength","Philosopher\u0027s Stone","downfall:HeartBlessingGreen","Oddly Smooth Stone","Ancient Tea Set","Meat on the Bone","Incense Burner","Bottled Tornado","HornCleat","Darkstone Periapt"],"acts_visited":["Exordium","TheCity","TheBeyond"],"potions_floor_usage":[16,16,16,19,23,23,27,29,37],"damage_taken":[{"damage":0,"enemies":"2 Louse","floor":2,"turns":3},{"damage":5,"enemies":"downfall:FleeingMerchant","floor":3,"turns":4},{"damage":0,"enemies":"Cultist","floor":5,"turns":2},{"damage":14,"enemies":"The Mushroom Lair","floor":8,"turns":4},{"damage":18,"enemies":"3 Sentries","floor":9,"turns":8},{"damage":5,"enemies":"Small Slimes","floor":10,"turns":3},{"damage":2,"enemies":"Blue Slaver","floor":12,"turns":4},{"damage":6,"enemies":"Red Slaver","floor":15,"turns":4},{"damage":27,"enemies":"downfall:Silent","floor":16,"turns":12},{"damage":4,"enemies":"Book of Stabbing","floor":19,"turns":4},{"damage":8,"enemies":"downfall:FleeingMerchant","floor":20,"turns":4},{"damage":0,"enemies":"Shell Parasite","floor":21,"turns":3},{"damage":17,"enemies":"Slavers","floor":23,"turns":8},{"damage":11,"enemies":"Snake Plant","floor":26,"turns":4},{"damage":22,"enemies":"Gremlin Leader","floor":27,"turns":7},{"damage":1,"enemies":"Centurion and Healer","floor":28,"turns":4},{"damage":13,"enemies":"Shelled Parasite and Fungi","floor":29,"turns":5},{"damage":2,"enemies":"downfall:FleeingMerchant","floor":30,"turns":4},{"damage":1,"enemies":"3 Cultists","floor":32,"turns":6},{"damage":23,"enemies":"downfall:Defect","floor":33,"turns":11},{"damage":0,"enemies":"Reptomancer","floor":37,"turns":7},{"damage":0,"enemies":"Orb Walker","floor":38,"turns":3},{"damage":1,"enemies":"3 Shapes","floor":39,"turns":3},{"damage":0,"enemies":"Mind Bloom Boss Battle","floor":40,"turns":6},{"damage":0,"enemies":"downfall:FleeingMerchant","floor":43,"turns":4},{"damage":0,"enemies":"Giant Head","floor":44,"turns":10},{"damage":0,"enemies":"Transient","floor":45,"turns":5},{"damage":0,"enemies":"Spire Growth","floor":47,"turns":7},{"damage":0,"enemies":"downfall:FleeingMerchant","floor":48,"turns":1},{"damage":0,"enemies":"3 Darklings","floor":49,"turns":3},{"damage":0,"enemies":"downfall:Ironclad","floor":50,"turns":12}],"seed_played":"-2023040183122208916","potions_obtained":[{"floor":5,"key":"Slimebound:ThreeZeroPotion"},{"floor":9,"key":"SteroidPotion"},{"floor":15,"key":"DuplicationPotion"},{"floor":16,"key":"Slimebound:ThreeZeroPotion"},{"floor":20,"key":"Dexterity Potion"},{"floor":21,"key":"PowerPotion"},{"floor":23,"key":"champ:CounterPotion"},{"floor":26,"key":"BlessingOfTheForge"},{"floor":28,"key":"Fruit Juice"},{"floor":29,"key":"Guardian:BlockOnCardUsePotion"},{"floor":30,"key":"BlessingOfTheForge"},{"floor":32,"key":"hexamod:EctoCoolerPotion"},{"floor":33,"key":"Energy Potion"},{"floor":37,"key":"Weak Potion"},{"floor":38,"key":"AttackPotion"},{"floor":43,"key":"Guardian:StasisDiscoveryPotion"},{"floor":48,"key":"LiquidMemories"},{"floor":49,"key":"Slimebound:ThreeZeroPotion"}],"is_trial":false,"path_per_floor":["R","M","$","R","M","R","T","?","E","M","?","M","?","?","M","B",null,"R","E","$","M","?","E","T","?","M","E","M","M","$","?","M","B",null,"R","?","E","M","M","?","T","R","$","E","M","?","M","$","M","B",null],"character_chosen":"GUARDIAN","items_purchased":["Guardian:MultiBeam","Dark Shackles","Bag of Preparation","Guardian:DecasProtection","expansioncontent:StudyTheSpire","Guardian:TimeCapacitor"],"campfire_rested":0,"item_purchase_floors":[20,30,30,43,48,48],"current_hp_per_floor":[80,80,75,75,75,75,75,61,43,38,38,36,36,36,30,3,80,90,86,78,78,78,71,71,71,60,38,37,29,27,27,26,3,105,105,105,105,105,104,104,104,105,105,105,105,105,105,105,105,105],"gold":204,"neow_bonus":"BOSS_RELIC","is_daily":false,"chose_seed":false,"campfire_upgraded":5,"win_rate":0.0,"timestamp":1608276668,"path_taken":["R","M","$","R","M","R","T","?","E","M","?","?","?","?","M","BOSS","R","E","$","M","?","E","T","?","M","E","M","?","$","?","M","BOSS","R","?","E","M","M","?","T","R","$","E","M","?","M","$","M","BOSS"],"items_purchased_type":["Card","Card","Relic","Card","Card","Card"],"build_version":"2020-12-17","purchased_purges":3,"victory":true,"max_hp_per_floor":[80,80,80,80,80,80,80,80,80,80,80,80,80,80,80,80,80,90,90,90,90,90,100,100,100,100,100,100,105,105,105,105,105,105,105,105,105,105,105,105,105,105,105,105,105,105,105,105,105,105],"relic_stats":{"Darkstone Periapt":0,"Torii":10,"counters":[31,165],"Prayer Wheel":13,"Eternal Feather":1,"Black Star":6,"Bag of Preparation":[26],"Orichalcum":[6],"obtain_stats":[{"Darkstone Periapt":44,"Calipers":9,"Torii":27,"downfall:HeartBlessingGreen":35,"Bag of Preparation":30,"Incense Burner":40,"Bottled Tornado":41,"Empty Cage":17,"Ancient Tea Set":37,"HornCleat":44,"downfall:HeartBlessingBlue":18,"Prayer Wheel":9,"Philosopher\u0027s Stone":34,"Pear":23,"Guardian:ModeShifter":0,"Oddly Smooth Stone":36,"Thread and Needle":23,"Eternal Feather":27,"Odd Mushroom":8,"Orichalcum":19,"White Beast Statue":19,"Bottled Flame":24,"MutagenicStrength":31,"Black Star":0,"Meat on the Bone":37},{"Darkstone Periapt":26,"Calipers":5,"Torii":15,"downfall:HeartBlessingGreen":20,"Bag of Preparation":18,"Incense Burner":24,"Bottled Tornado":24,"Empty Cage":9,"Ancient Tea Set":21,"HornCleat":26,"downfall:HeartBlessingBlue":9,"Prayer Wheel":5,"Philosopher\u0027s Stone":20,"Pear":13,"Guardian:ModeShifter":0,"Oddly Smooth Stone":20,"Thread and Needle":13,"Eternal Feather":15,"Odd Mushroom":4,"Orichalcum":10,"White Beast Statue":10,"Bottled Flame":13,"MutagenicStrength":18,"Black Star":0,"Meat on the Bone":21},{"Darkstone Periapt":137,"Calipers":21,"Torii":74,"downfall:HeartBlessingGreen":104,"Bag of Preparation":87,"Incense Burner":123,"Bottled Tornado":123,"Empty Cage":44,"Ancient Tea Set":111,"HornCleat":137,"downfall:HeartBlessingBlue":44,"Prayer Wheel":21,"Philosopher\u0027s Stone":104,"Pear":63,"Guardian:ModeShifter":0,"Oddly Smooth Stone":104,"Thread and Needle":63,"Eternal Feather":74,"Odd Mushroom":13,"Orichalcum":48,"White Beast Statue":48,"Bottled Flame":63,"MutagenicStrength":87,"Black Star":0,"Meat on the Bone":111}],"Meat on the Bone":0},"card_choices":[{"not_picked":["Guardian:ShieldCharger","Guardian:PrismaticBarrier"],"picked":"Guardian:Gem_Crimson","floor":2},{"not_picked":["Guardian:EvasiveProtocol","Guardian:Recover"],"picked":"Guardian:ChargeCore","floor":3},{"not_picked":["Guardian:Gem_Cyan","Guardian:WalkerClaw"],"picked":"Guardian:Suspension","floor":5},{"not_picked":["Guardian:Gem_Crimson","Guardian:PiercingHide"],"picked":"Guardian:Emergency","floor":8},{"not_picked":["Guardian:SpikerProtocol","Guardian:PrismaticBeam"],"picked":"Guardian:Recover","floor":9},{"not_picked":["Guardian:Gem_Cyan","Guardian:Planning"],"picked":"Guardian:ConstructionForm","floor":10},{"not_picked":["Guardian:Gem_Red","Guardian:CrystalBeam"],"picked":"Guardian:TemporalShield","floor":10},{"not_picked":["Guardian:CrystalBeam","Guardian:TimeCapacitor"],"picked":"Guardian:PrismaticBarrier","floor":12},{"not_picked":["Guardian:Suspension","Guardian:TemporalStrike"],"picked":"Guardian:ShieldCharger","floor":12},{"not_picked":["Guardian:TemporalStrike","Guardian:Repulse"],"picked":"Guardian:BaubleBeam","floor":15},{"not_picked":["Guardian:Reroute","Guardian:Incinerate","Guardian:Planning"],"picked":"SKIP","floor":15},{"not_picked":["Guardian:FastForward","Guardian:StasisField"],"picked":"Guardian:Gem_Synthetic","floor":16},{"not_picked":["Guardian:PrismaticBeam","Guardian:Suspension"],"picked":"Guardian:BronzeOrb","floor":19},{"not_picked":["Guardian:Reroute","Guardian:ChargeUp","Guardian:GuardianWhirl"],"picked":"SKIP","floor":20},{"not_picked":["Guardian:RollAttack+1","Guardian:TemporalStrike"],"picked":"Guardian:PiercingHide+1","floor":21},{"not_picked":["Guardian:ChargeCore","Guardian:Gem_Red"],"picked":"Guardian:Gem_Green","floor":21},{"not_picked":["Guardian:ExploitGems","Guardian:PrismaticBarrier"],"picked":"Guardian:PiercingHide+1","floor":23},{"not_picked":["Guardian:SentryBeam+1","Guardian:PiercingHide"],"picked":"Guardian:Harden","floor":26},{"not_picked":["Guardian:Gem_Lightblue","Guardian:BronzeArmor"],"picked":"Guardian:Gem_Cyan","floor":26},{"not_picked":["Guardian:VentSteam","Guardian:Reroute"],"picked":"Guardian:WalkerClaw","floor":27},{"not_picked":["Guardian:WalkerClaw+1","Guardian:RollAttack"],"picked":"Guardian:Clone+1","floor":28},{"not_picked":["Guardian:TemporalStrike","Guardian:ShieldCharger","Guardian:VentSteam"],"picked":"SKIP","floor":28},{"not_picked":["Guardian:TemporalShield","Guardian:PrismaticBarrier"],"picked":"Guardian:Gem_Orange","floor":29},{"not_picked":["Guardian:Gem_Green","Guardian:GuardianWhirl+1"],"picked":"Guardian:Gem_White","floor":29},{"not_picked":["Guardian:ArmoredProtocol","Guardian:Planning+1"],"picked":"Guardian:EvasiveProtocol+1","floor":30},{"not_picked":["Guardian:Harden+1","Guardian:Incinerate","Guardian:Gem_Cyan"],"picked":"SKIP","floor":32},{"not_picked":["Guardian:GuardianWhirl","Guardian:Recover","Guardian:PrimingBeam"],"picked":"SKIP","floor":32},{"not_picked":["Guardian:StasisStrike","Guardian:HyperBeam_Guardian"],"picked":"Guardian:StasisField","floor":33},{"not_picked":["Guardian:PrimingBeam","Guardian:Reroute+1","Guardian:Planning+1"],"picked":"SKIP","floor":37},{"not_picked":["Guardian:ShieldCharger+1","Guardian:Gem_White"],"picked":"Guardian:PolyBeam+1","floor":38},{"not_picked":["Guardian:Gem_Red","Guardian:Harden","Guardian:ChargeCore+1"],"picked":"SKIP","floor":38},{"not_picked":["Guardian:Recover","Guardian:ShieldSpikes","Guardian:PiercingHide+1"],"picked":"SKIP","floor":39},{"not_picked":["Guardian:Suspension+1","Guardian:SentryBeam+1","Guardian:Reroute+1"],"picked":"SKIP","floor":39},{"not_picked":["Guardian:Gem_Red","Guardian:Planning+1"],"picked":"Guardian:Gem_Purple","floor":40},{"not_picked":["Guardian:ChargeUp","Guardian:Recover+1","Guardian:SphericShield"],"picked":"SKIP","floor":43},{"not_picked":["Guardian:BronzeOrb+1","Guardian:Reroute+1","Guardian:ArmoredProtocol"],"picked":"SKIP","floor":44},{"not_picked":["Guardian:Gem_Cyan","Guardian:PrismaticBeam","Guardian:Suspension+1"],"picked":"SKIP","floor":45},{"not_picked":["Guardian:ShieldCharger","Guardian:RefractedBeam","Guardian:Gem_Lightblue"],"picked":"SKIP","floor":45},{"not_picked":["Guardian:ShieldCharger","Guardian:VentSteam","Guardian:ChargeCore+1"],"picked":"SKIP","floor":47},{"not_picked":["Guardian:Gem_Blue","Guardian:VentSteam","Guardian:RollAttack+1"],"picked":"SKIP","floor":47},{"not_picked":["Guardian:Suspension","Guardian:Gem_Lightblue","Guardian:Gem_Cyan"],"picked":"SKIP","floor":48},{"not_picked":["Guardian:Suspension","Guardian:VentSteam"],"picked":"Guardian:PrimingBeam+1","floor":49},{"not_picked":["Guardian:DecasProtection","Guardian:Gem_Red","Guardian:Planning"],"picked":"SKIP","floor":49}],"player_experience":619966,"relics_obtained":[{"floor":8,"key":"Odd Mushroom"},{"floor":9,"key":"Prayer Wheel"},{"floor":9,"key":"Calipers"},{"floor":19,"key":"Orichalcum"},{"floor":19,"key":"White Beast Statue"},{"floor":23,"key":"Thread and Needle"},{"floor":23,"key":"Pear"},{"floor":24,"key":"Bottled Flame"},{"floor":27,"key":"Torii"},{"floor":27,"key":"Eternal Feather"},{"floor":36,"key":"Oddly Smooth Stone"},{"floor":37,"key":"Ancient Tea Set"},{"floor":37,"key":"Meat on the Bone"},{"floor":40,"key":"Incense Burner"},{"floor":41,"key":"Bottled Tornado"},{"floor":44,"key":"HornCleat"},{"floor":44,"key":"Darkstone Periapt"}],"event_choices":[{"damage_healed":0,"gold_gain":0,"player_choice":"Fought Mushrooms","damage_taken":0,"max_hp_gain":0,"max_hp_loss":0,"event_name":"Mushrooms","floor":8,"gold_loss":0},{"damage_healed":0,"gold_gain":0,"player_choice":"Simplicity","damage_taken":0,"max_hp_gain":0,"max_hp_loss":0,"event_name":"Back to Basics","floor":22,"gold_loss":0,"cards_upgraded":["Guardian:Strike_Guardian","Guardian:Strike_Guardian","Guardian:Strike_Guardian","Guardian:Defend_Guardian","Guardian:Defend_Guardian","Guardian:Defend_Guardian","Guardian:Defend_Guardian"]},{"damage_healed":0,"gold_gain":0,"player_choice":"Ignored","damage_taken":0,"max_hp_gain":0,"max_hp_loss":0,"event_name":"Vampires","floor":25,"gold_loss":0},{"damage_healed":0,"gold_gain":0,"player_choice":"Inject Mutagens","damage_taken":0,"relics_obtained":["MutagenicStrength"],"max_hp_gain":0,"max_hp_loss":0,"event_name":"Drug Dealer","floor":31,"gold_loss":0},{"damage_healed":0,"gold_gain":0,"player_choice":"Upgraded","damage_taken":0,"max_hp_gain":0,"max_hp_loss":0,"event_name":"Upgrade Shrine","floor":46,"gold_loss":0,"cards_upgraded":["Guardian:StasisField"]}],"is_beta":true,"boss_relics":[{"not_picked":["Ectoplasm","SlaversCollar"],"picked":"Empty Cage"},{"not_picked":["Guardian:StasisSlotReductionRelic","Runic Dome"],"picked":"Philosopher\u0027s Stone"}],"items_purged_floors":[20,43,48],"is_endless":false,"potions_floor_spawned":[5,9,15,16,20,21,23,26,28,29,30,32,33,37,38,39,40,43,44,45,47,48,49],"ascension_level":0}}