{"host":"svab9sudlrudptws","time":1608317838,"event":{"mods":["BaseMod","Colored Powertips","Minty Spire (QoL Compilation)","Robot Space Explorer","Shade Mod","StSLib","The Blackbeard","The Mystic","The Necromancer","The Poker Player","The Servant 0.9.4"],"gold_per_floor":[119,129,129,142,174,219,219,252,299,299,325,96,96,17,17,114,114,145,182,34,67,67,112,112,142,168,205,225,225,225],"floor_reached":28,"playtime":1965,"items_purged":["blackbeard:BlackbeardStrike"],"score":523,"play_id":"c6d84778-ad16-47d2-bc69-b83093b041f6","local_time":"20201218205718","is_ascension_mode":true,"campfire_choices":[{"floor":7,"key":"REST"},{"data":"blackbeard:BrownPants","floor":10,"key":"SMITH"},{"data":"blackbeard:CaptainsHat","floor":15,"key":"SMITH"},{"floor":24,"key":"REST"}],"circlet_count":0,"master_deck":["AscendersBane","blackbeard:IntimidatingStrike","blackbeard:BlackbeardDefend","blackbeard:BlackbeardDefend+1","blackbeard:BlackbeardDefend","blackbeard:BlackbeardDefend","blackbeard:BuriedTreasure+1","blackbeard:PowderKeg","blackbeard:Revenge","blackbeard:BrownPants+1","blackbeard:CaptainsHat+1","blackbeard:GoldenStrike","blackbeard:GoldenRain","blackbeard:GoldenRain+1","blackbeard:UndeadForm+1","blackbeard:TerrorOfTheSeas+1","blackbeard:GoldenDefense+1","blackbeard:RearmingStrike","blackbeard:BlindAttacks+1","blackbeard:TheDrunkenSailor","blackbeard:Rum"],"relics":["blackbeard:LoadTheCannons","blackbeard:CannonballsOfSteel","Matryoshka","War Paint","blackbeard:Spearhead","Kunai","Membership Card","ClockworkSouvenir","Astrolabe","Pantograph","Singing Bowl","Mercury Hourglass","MealTicket"],"acts_visited":["Exordium","TheCity"],"potions_floor_usage":[6,16,19,21,27,28],"damage_taken":[{"damage":4,"enemies":"Jaw Worm","floor":1,"turns":4},{"damage":0,"enemies":"Cultist","floor":2,"turns":4},{"damage":0,"enemies":"Small Slimes","floor":4,"turns":3},{"damage":9,"enemies":"Exordium Thugs","floor":5,"turns":5},{"damage":51,"enemies":"Gremlin Nob","floor":6,"turns":5},{"damage":6,"enemies":"Looter","floor":8,"turns":2},{"damage":0,"enemies":"3 Sentries","floor":11,"turns":1},{"damage":1,"enemies":"Hexaghost","floor":16,"turns":7},{"damage":3,"enemies":"3 Byrds","floor":18,"turns":4},{"damage":19,"enemies":"Shell Parasite","floor":19,"turns":7},{"damage":0,"enemies":"3 Cultists","floor":21,"turns":3},{"damage":13,"enemies":"Gremlin Leader","floor":23,"turns":6},{"damage":23,"enemies":"Snake Plant","floor":25,"turns":6},{"damage":17,"enemies":"Cultist and Chosen","floor":27,"turns":5},{"damage":0,"enemies":"Colosseum Slavers","floor":28,"turns":1},{"damage":22,"enemies":"Colosseum Nobs","floor":28,"turns":3}],"seed_played":"6287707430422339086","potions_obtained":[{"floor":4,"key":"EssenceOfSteel"},{"floor":5,"key":"LiquidBronze"},{"floor":8,"key":"GamblersBrew"},{"floor":11,"key":"Dexterity Potion"},{"floor":16,"key":"Block Potion"},{"floor":23,"key":"Weak Potion"},{"floor":25,"key":"Swift Potion"}],"is_trial":false,"path_per_floor":["M","M","?","M","M","E","R","M","T","R","E","$","?","$","R","B",null,"M","M","$","M","?","E","R","M","T","M","?"],"character_chosen":"BLACKBEARD_CLASS","items_purchased":["Membership Card","blackbeard:GoldenStrike","ClockworkSouvenir","Pantograph","blackbeard:RearmingStrike"],"campfire_rested":2,"item_purchase_floors":[12,12,14,20,20],"current_hp_per_floor":[67,67,67,67,58,7,30,24,24,24,24,24,24,24,24,23,64,61,42,42,42,42,31,55,32,32,15,0,0,0],"gold":225,"neow_bonus":"TEN_PERCENT_HP_BONUS","is_daily":false,"chose_seed":false,"campfire_upgraded":2,"win_rate":0.0,"timestamp":1608317838,"path_taken":["M","M","?","?","M","E","R","M","T","R","E","$","?","?","R","BOSS","M","M","$","M","?","E","R","M","T","M","?"],"items_purchased_type":["Relic","Card","Relic","Relic","Card"],"build_version":"2020-12-13","purchased_purges":1,"victory":false,"max_hp_per_floor":[78,78,78,78,78,78,78,78,78,78,78,78,78,78,78,78,78,78,78,78,78,78,80,80,80,80,80,80,80,80],"card_choices":[{"not_picked":["blackbeard:Spear","blackbeard:FieryDefense","blackbeard:VengefulSpirit"],"picked":"SKIP","floor":1},{"not_picked":["blackbeard:DeadlyArsenal","blackbeard:DelayedPain"],"picked":"blackbeard:FieryDefense","floor":2},{"not_picked":["blackbeard:GhostInTheRum","blackbeard:PirateHook"],"picked":"blackbeard:BuriedTreasure","floor":4},{"not_picked":["blackbeard:Eyepatch","blackbeard:Spear"],"picked":"blackbeard:PowderKeg","floor":5},{"not_picked":["blackbeard:DoubleBottom","blackbeard:Sharpening"],"picked":"blackbeard:Revenge","floor":6},{"not_picked":["blackbeard:Revenge","blackbeard:JollyRoger"],"picked":"blackbeard:BrownPants","floor":8},{"not_picked":["blackbeard:Sword","blackbeard:BrownPants"],"picked":"blackbeard:CaptainsHat","floor":11},{"not_picked":["blackbeard:GoldenGuillotine","blackbeard:FinalBarrage"],"picked":"blackbeard:GoldenRain","floor":16},{"not_picked":["blackbeard:DangerousBlow+1","blackbeard:Fencing"],"picked":"blackbeard:GoldenDefense+1","floor":18},{"not_picked":["blackbeard:JollyRoger","blackbeard:TacticalRetreat","blackbeard:CannonBarrage"],"picked":"SKIP","floor":19},{"not_picked":["blackbeard:AgileStrike","blackbeard:PirateHook"],"picked":"blackbeard:BlindAttacks+1","floor":21},{"not_picked":["blackbeard:DoubleBottom","blackbeard:Sharpening+1","blackbeard:DeadlyArsenal+1"],"picked":"Singing Bowl","floor":23},{"not_picked":["blackbeard:WiseDefense","blackbeard:DeadlyArsenal"],"picked":"blackbeard:TheDrunkenSailor","floor":25},{"not_picked":["blackbeard:WoodenLeg","blackbeard:Dagger"],"picked":"blackbeard:Rum","floor":27}],"player_experience":1599572,"relics_obtained":[{"floor":6,"key":"Matryoshka"},{"floor":9,"key":"War Paint"},{"floor":9,"key":"blackbeard:Spearhead"},{"floor":11,"key":"Kunai"},{"floor":23,"key":"Singing Bowl"},{"floor":26,"key":"Mercury Hourglass"},{"floor":26,"key":"MealTicket"}],"event_choices":[{"cards_removed":["blackbeard:FieryDefense"],"damage_healed":0,"gold_gain":0,"player_choice":"Gave Card","damage_taken":0,"relics_obtained":["blackbeard:CannonballsOfSteel"],"max_hp_gain":0,"max_hp_loss":0,"event_name":"WeMeetAgain","floor":3,"gold_loss":0},{"cards_removed":["blackbeard:BlackbeardStrike"],"damage_healed":0,"gold_gain":0,"player_choice":"Card Removal","damage_taken":0,"max_hp_gain":0,"max_hp_loss":0,"event_name":"Wheel of Change","floor":13,"gold_loss":0},{"damage_healed":0,"gold_gain":0,"player_choice":"Ignored","damage_taken":0,"max_hp_gain":0,"max_hp_loss":0,"event_name":"Vampires","floor":22,"gold_loss":0},{"damage_healed":0,"gold_gain":0,"player_choice":"Fight","damage_taken":0,"max_hp_gain":0,"max_hp_loss":0,"event_name":"Colosseum","floor":28,"gold_loss":0},{"damage_healed":0,"gold_gain":0,"player_choice":"Fought Nobs","damage_taken":0,"max_hp_gain":0,"max_hp_loss":0,"event_name":"Colosseum","floor":28,"gold_loss":0}],"is_beta":false,"boss_relics":[{"not_picked":["Velvet Choker","Runic Pyramid"],"picked":"Astrolabe"}],"items_purged_floors":[12],"is_endless":false,"potions_floor_spawned":[4,5,8,11,16,18,23,25,28],"killed_by":"Colosseum Nobs","ascension_level":18}}