{"host":"byu8oejwd0fdcxn8","time":1608281237,"event":{"mods":["Act Like it!","Arknights The Spire","BaseMod","Custom Start","Friendly Minions","Hermit","Minty Spire (QoL Compilation)","StSLib"],"gold_per_floor":[110,32,52,2,2,41,41,65,90,154,154,181,33,33,33,33,33],"floor_reached":16,"playtime":479,"items_purged":[],"score":100,"play_id":"d092a5d0-90de-4e01-8407-af2820397d6e","local_time":"20201218174717","is_ascension_mode":false,"campfire_choices":[{"floor":15,"key":"REST"}],"circlet_count":0,"master_deck":["ats:Powerful Strike","ats:Powerful Strike","ats:Powerful Strike","ats:Armor Crushing Shot","ats:Defend Up","ats:Defend Up","ats:Defend Up","ats:Defend Up","ats:Emotion Absorption","ats:Emotion Absorption","ats:Very Hot Blade","ats:Sunburst","ats:Attack Strengthen","ats:Disruption Kick","ats:Flexible Camouflage","ats:Ignite","ats:Explosion Area Strengthen","ats:Just Like an Apocalypse","ats:Composite Medical Shells","ats:Consecutive Shot: Auto"],"relics":["ats:Sanity","Peace Pipe","Pear","CeramicFish","ats:Originium","Akabeko","PreservedInsect","ats:Originium"],"acts_visited":["Exordium"],"potions_floor_usage":[12,14],"damage_taken":[{"damage":3,"enemies":"Cultist","floor":1,"turns":5},{"damage":1,"enemies":"2 Louse","floor":3,"turns":2},{"damage":35,"enemies":"Gremlin Nob","floor":6,"turns":5},{"damage":1,"enemies":"Jaw Worm","floor":8,"turns":3},{"damage":17,"enemies":"3 Sentries","floor":10,"turns":5},{"damage":9,"enemies":"Large Slime","floor":12,"turns":4},{"damage":12,"enemies":"2 Fungi Beasts","floor":14,"turns":2},{"damage":33,"enemies":"The Guardian","floor":16,"turns":5}],"seed_played":"-3471752834700341249","potions_obtained":[{"floor":1,"key":"SmokeBomb"},{"floor":10,"key":"Explosive Potion"}],"is_trial":false,"path_per_floor":["M","$","M","?","T","E","R","M","T","?","R","M","$","M","R","B"],"character_chosen":"DOCTOR_CLASS","items_purchased":["ats:Sunburst","ats:Just Like an Apocalypse","ats:Composite Medical Shells","ats:Consecutive Shot: Auto"],"campfire_rested":1,"item_purchase_floors":[2,13,13,13],"current_hp_per_floor":[69,69,68,68,78,43,43,42,42,25,25,16,16,6,30,0,0],"gold":33,"neow_bonus":"ONE_RARE_RELIC","is_daily":false,"chose_seed":false,"campfire_upgraded":0,"win_rate":0.0,"timestamp":1608281237,"path_taken":["M","$","?","?","?","E","R","M","T","?","R","M","$","M","R","BOSS"],"items_purchased_type":["Card","Card","Card","Card"],"build_version":"2020-12-13","purchased_purges":0,"victory":false,"max_hp_per_floor":[72,72,72,72,82,82,82,82,82,82,82,82,82,82,82,82,82],"card_choices":[{"not_picked":["ats:Consecutive Shot: Auto","ats:Explosion Area Strengthen"],"picked":"ats:Very Hot Blade","floor":1},{"not_picked":["ats:Cat Scratch","ats:Poison Spread"],"picked":"ats:Attack Strengthen","floor":3},{"not_picked":["ats:Explosion Area Strengthen","ats:Charging Defense"],"picked":"ats:Disruption Kick","floor":6},{"not_picked":["ats:Cat Scratch","ats:Revitalization"],"picked":"ats:Flexible Camouflage","floor":8},{"not_picked":["ats:Very Hot Blade","ats:Explosion Area Strengthen"],"picked":"ats:Ignite","floor":10},{"not_picked":["ats:Roar Of Ursus","ats:Assault Order"],"picked":"ats:Explosion Area Strengthen","floor":12}],"player_experience":1060916,"relics_obtained":[{"floor":5,"key":"Pear"},{"floor":6,"key":"CeramicFish"},{"floor":7,"key":"ats:Originium"},{"floor":9,"key":"Akabeko"},{"floor":11,"key":"ats:Originium"}],"event_choices":[{"cards_removed":["Injury"],"damage_healed":0,"gold_gain":0,"player_choice":"Card Removal","damage_taken":0,"max_hp_gain":0,"max_hp_loss":0,"event_name":"The Cleric","floor":4,"gold_loss":50},{"damage_healed":0,"gold_gain":30,"player_choice":"Searched \u00273\u0027 times","damage_taken":0,"relics_obtained":["PreservedInsect"],"max_hp_gain":0,"max_hp_loss":0,"event_name":"Dead Adventurer","floor":10,"gold_loss":0}],"is_beta":false,"boss_relics":[],"items_purged_floors":[],"is_endless":false,"potions_floor_spawned":[1,10],"killed_by":"The Guardian","ascension_level":0}}