{"host":"jgyoyy5iuhtvyvtg","time":1608266354,"event":{"mods":["2.2 Compatiblity","BaseMod","Challenge The Spire","Colored Map","Conspire","Downfall","Hermit","Highlight Path","Infinite Spire","Lobotomy","LobotomyExtend","Minty Spire (QoL Compilation)","Quick Restart","Replay The Spire","Spikes Relics","StSLib","The Construct","The Disciple","The Jungle","Yuri Mod"],"gold_per_floor":[109,123,138,138,18,18,31,31,56,56,56,82,92,118,118,215,215,228,228,228,245,245,245,271,271,271,287,313,326,342,342,342,443,443,459,478,83,83,83,83,117,117,117,117,117,148,148,158,158,158,158],"floor_reached":52,"playtime":1849,"items_purged":["hermit:Strike_Hermit","hermit:Strike_Hermit","hermit:Strike_Hermit"],"score":1047,"play_id":"baa40111-45f0-4d98-a880-bb1ed6648b01","local_time":"20201217203914","is_ascension_mode":true,"campfire_choices":[{"data":"hermit:WideOpen","floor":6.0,"key":"SMITH"},{"data":"hermit:Determination","floor":11.0,"key":"SMITH"},{"data":"hermit:Desperado","floor":15.0,"key":"SMITH"},{"data":"hermit:SprayPray","floor":23.0,"key":"SMITH"},{"data":"hermit:HoleUp","floor":25,"key":"SMITH"},{"data":"hermit:Strike_Hermit","floor":32,"key":"PURGE"},{"data":"hermit:Brawl","floor":40,"key":"SMITH"},{"data":"hermit:Determination","floor":42,"key":"SMITH"},{"data":"infinitespire:Gouge","floor":45,"key":"SMITH"},{"data":"ReplayUltimateDefense","floor":49,"key":"SMITH"}],"circlet_count":0,"master_deck":["hermit:Defend_Hermit","hermit:Defend_Hermit","hermit:Defend_Hermit","hermit:Defend_Hermit","hermit:Snapshot","hermit:Covet","hermit:Determination+1","hermit:WideOpen+1","hermit:Enervate","hermit:SprayPray+1","hermit:Determination+1","hermit:Desperado+1","hermit:RoundhouseKick","CurseOfTheBell","hermit:Quickdraw+1","hermit:HoleUp+1","hermit:Coalescence+1","hermit:Spite+1","hermit:Gambit","hermit:ShadowCloak+1","hermit:Brawl+1","hermit:Grudge","Poisoned Strike","Madness","Madness","hermit:Quickdraw+1","infinitespire:Fortify","infinitespire:Gouge+1","ReplayUltimateDefense+1"],"relics":["ChewingGum","LetterFromLob","Replay:Rubber Ducky","Vajra","infinitespire:Broken Mirror","Replay:Grab Bag","conspire:SlowCooker","infinitespire:Cupcake","construct:ClawGrip","Calling Bell","Omamori","Singing Bowl","infinitespire:Lychee Nut","Ring of Peace","conspire:SpecialSausage","Replay:Towering Pillar of Hats","Pen Nib","Anchor","Peace Pipe","Replay:Bronze Core","SpikesRelics:DaevaFist","ReplayTheSpireMod:Lightbulb","Busted Crown","Replay:Towering Pillar of Hats","CaptainsWheel"],"acts_visited":["Exordium","Exordium","TheBeyond"],"potions_floor_usage":[28,50,50,50],"damage_taken":[{"damage":3.0,"enemies":"2 Louse","floor":1.0,"turns":2.0},{"damage":2.0,"enemies":"Jaw Worm","floor":2.0,"turns":3.0},{"damage":7.0,"enemies":"Small Slimes","floor":3.0,"turns":3.0},{"damage":2.0,"enemies":"Looter","floor":7.0,"turns":3.0},{"damage":0.0,"enemies":"Replay:BlueRogue","floor":12.0,"turns":3.0},{"damage":4.0,"enemies":"Exordium Wildlife","floor":13.0,"turns":2.0},{"damage":0.0,"enemies":"Gremlin Nob","floor":14.0,"turns":2.0},{"damage":6.0,"enemies":"Fading Forest","floor":16.0,"turns":11.0},{"damage":11.0,"enemies":"theJungle:5_Spyders","floor":18.0,"turns":4.0},{"damage":4.0,"enemies":"theJungle:MUSHROOMGANG","floor":21.0,"turns":3.0},{"damage":0,"enemies":"conspire:MimicChest","floor":24,"turns":4},{"damage":0,"enemies":"theJungle:JungleHuntersEncounter","floor":27,"turns":4},{"damage":0,"enemies":"theJungle:2_Phrogs","floor":28,"turns":4},{"damage":0,"enemies":"theJungle:Lyon","floor":29,"turns":3},{"damage":0,"enemies":"theJungle:2_Flameangoes","floor":30,"turns":4},{"damage":14,"enemies":"theJungle:QueenSpyder","floor":33,"turns":9},{"damage":1,"enemies":"3 Darklings","floor":35,"turns":7},{"damage":0,"enemies":"3 Shapes","floor":36,"turns":2},{"damage":0,"enemies":"Giant Head","floor":41,"turns":6},{"damage":0,"enemies":"R_Hoarder","floor":46,"turns":6},{"damage":0,"enemies":"Spire Growth","floor":48,"turns":4},{"damage":0,"enemies":"conspire:OrnateMirror","floor":50,"turns":7}],"seed_played":"2048726205763442322","potions_obtained":[{"floor":3.0,"key":"PowerPotion"},{"floor":7.0,"key":"Swift Potion"},{"floor":12.0,"key":"Fire Potion"},{"floor":13.0,"key":"DistilledChaos"},{"floor":18.0,"key":"Dexterity Potion"},{"floor":28,"key":"hermit:Tonic"}],"is_trial":false,"path_per_floor":["M","M","M","?","$","R","M","?","T","$","R","E","M","E","R","B",null,"M","?","?","M","AVR","R","?","R","T","M","E","M","M","?","R","B",null,"M","M","$","?","?","R","E","R","T","AVR","R","E","?","M","R","B",null,null],"character_chosen":"HERMIT","items_purchased":["hermit:WideOpen","hermit:Enervate","hermit:Brawl","hermit:Grudge","Poisoned Strike"],"campfire_rested":0,"item_purchase_floors":[5,5,37,37,37],"current_hp_per_floor":[72,70,63,63,63,63,61,61,61,61,61,61,57,57,57,75,56,48,48,66,64,64,64,68,68,68,68,68,70,72,72,72,58,72,71,74,74,65,65,65,71,71,71,71,71,76,76,78,78,78,78],"gold":158,"neow_bonus":"BOSS_RELIC","is_daily":false,"chose_seed":false,"campfire_upgraded":9,"win_rate":0.0,"timestamp":1608266354,"path_taken":["M","M","M","?","$","R","M","?","T","?","R","E","M","E","R","BOSS","M","?","?","?","AVR","R","?","R","T","M","E","M","M","?","R","BOSS","M","M","$","?","?","R","E","R","T","AVR","R","E","?","M","R","BOSS"],"items_purchased_type":["Card","Card","Card","Card","Card"],"build_version":"2020-12-13","purchased_purges":3,"victory":true,"max_hp_per_floor":[75,75,75,75,75,75,75,75,75,75,75,75,75,75,75,75,56,56,56,66,66,66,66,68,68,68,68,68,70,72,72,72,72,72,72,74,74,74,74,74,74,74,74,74,74,76,76,78,78,78,78],"card_choices":[{"not_picked":["hermit:SprayPray","hermit:HoleUp"],"picked":"hermit:Determination","floor":1.0},{"not_picked":["hermit:ShadowCloak","hermit:Glare","hermit:Combo"],"picked":"SKIP","floor":2.0},{"not_picked":["hermit:Glare","hermit:BodyArmor","hermit:ShadowCloak"],"picked":"SKIP","floor":3.0},{"not_picked":["hermit:Manifest","hermit:Dive"],"picked":"hermit:SprayPray","floor":7.0},{"not_picked":["hermit:Vantage","hermit:SprayPray"],"picked":"hermit:Determination","floor":12.0},{"not_picked":["hermit:Feint","hermit:Deadeye"],"picked":"hermit:Desperado","floor":13.0},{"not_picked":["hermit:Shortfuse","hermit:Manifest"],"picked":"hermit:RoundhouseKick","floor":14.0},{"not_picked":["hermit:RoundhouseKick","hermit:DeadOrAlive"],"picked":"hermit:FromBeyond","floor":16.0},{"not_picked":["hermit:CalledShot+1","hermit:Snipe+1"],"picked":"hermit:Quickdraw+1","floor":18.0},{"not_picked":["hermit:GoldenBullet","hermit:CursedWeapon"],"picked":"hermit:HoleUp","floor":21.0},{"not_picked":["hermit:BodyArmor+1","hermit:Showdown+1","hermit:EyeOfTheStorm"],"picked":"Singing Bowl","floor":24},{"not_picked":["hermit:WideOpen","hermit:DeadOrAlive"],"picked":"hermit:Coalescence+1","floor":27},{"not_picked":["hermit:CursedWeapon","hermit:SprayPray"],"picked":"hermit:Spite+1","floor":28},{"not_picked":["hermit:Vantage","hermit:Roulette","hermit:Ricochet+1"],"picked":"Singing Bowl","floor":29},{"not_picked":["hermit:Vantage","hermit:Showdown","hermit:Coalescence"],"picked":"Singing Bowl","floor":30},{"not_picked":["hermit:Roughhouse","hermit:RoundhouseKick"],"picked":"hermit:Gambit","floor":33},{"not_picked":["hermit:TrackingShot","hermit:HoleUp+1"],"picked":"hermit:ShadowCloak+1","floor":35},{"not_picked":["hermit:Ricochet+1","hermit:Snipe+1","hermit:Spite"],"picked":"Singing Bowl","floor":36},{"not_picked":["hermit:Vantage+1","hermit:Coalescence"],"picked":"hermit:Quickdraw+1","floor":41},{"not_picked":["hermit:TakeCover+1"],"picked":"Singing Bowl","floor":46},{"not_picked":[],"picked":"ReplayUltimateDefense","floor":47},{"not_picked":["hermit:Manifest"],"picked":"Singing Bowl","floor":48}],"player_experience":3151220,"relics_obtained":[{"floor":1.0,"key":"LetterFromLob"},{"floor":9.0,"key":"Replay:Rubber Ducky"},{"floor":12.0,"key":"Vajra"},{"floor":14.0,"key":"infinitespire:Broken Mirror"},{"floor":17.0,"key":"Omamori"},{"floor":17.0,"key":"Singing Bowl"},{"floor":17.0,"key":"infinitespire:Lychee Nut"},{"floor":19.0,"key":"Ring of Peace"},{"floor":24,"key":"Pen Nib"},{"floor":26,"key":"Anchor"},{"floor":28,"key":"Peace Pipe"},{"floor":41,"key":"SpikesRelics:DaevaFist"},{"floor":43,"key":"ReplayTheSpireMod:Lightbulb"},{"floor":46,"key":"CaptainsWheel"}],"event_choices":[{"damage_healed":0.0,"max_hp_gain":0.0,"max_hp_loss":0.0,"gold_gain":0.0,"event_name":"conspire:Investor","player_choice":"Leave","floor":8.0,"gold_loss":0.0,"damage_taken":0.0},{"cards_removed":["hermit:FromBeyond"],"damage_healed":8.0,"max_hp_gain":10.0,"max_hp_loss":0.0,"gold_gain":0.0,"event_name":"Bonfire Elementals","player_choice":"Offered Rare","floor":20.0,"gold_loss":0.0,"damage_taken":0.0},{"damage_healed":0,"gold_gain":0,"player_choice":"Embrace Madness","damage_taken":9,"max_hp_gain":0,"max_hp_loss":0,"event_name":"Winding Halls","floor":38,"gold_loss":0,"cards_obtained":["Madness","Madness"]},{"damage_healed":0,"gold_gain":0,"player_choice":"Memory 1","damage_taken":0,"max_hp_gain":0,"max_hp_loss":0,"event_name":"SensoryStone","floor":47,"gold_loss":0}],"is_beta":false,"boss_relics":[{"not_picked":["Philosopher\u0027s Stone","Coffee Dripper"],"picked":"Replay:Grab Bag"},{"not_picked":["Painkiller Herb","Runic Dome"],"picked":"conspire:SlowCooker"},{"not_picked":["Fusion Hammer","Replay:Wanted Poster"],"picked":"infinitespire:Cupcake"},{"not_picked":["ReplayTheSpireMod:SealedPack","Pandora\u0027s Box"],"picked":"construct:ClawGrip"},{"not_picked":["Black Star","Sandwich"],"picked":"Calling Bell"},{"not_picked":["conspire:RoyalGoblet","Kintsugi"],"picked":"Replay:Bronze Core"}],"items_purged_floors":[22,37,44],"is_endless":false,"potions_floor_spawned":[3,7,12,13,18,27,28,35,48],"ascension_level":2}}