{"host":"3c27c697js19kaoo","time":1608279912,"event":{"mods":["BaseMod","Dota2Spire","Hermit","Minty Spire (QoL Compilation)","Quick Restart","Remilia£®¿Ÿ√◊¿Ú—«£©","Replay The Spire","Robot Space Explorer","Spicy Shops","StSLib","The Alterego","The Cursed","The Servant 0.9.4","vexMod","°æ“≈ŒÔø®≈∆°øREMEMod"],"gold_per_floor":[117,192,204,218,74,109,121,121,145,180,180,194,194,268,268,367,367,367,367],"floor_reached":18,"playtime":510,"items_purged":[],"score":170,"play_id":"80501ad9-84c2-4de9-b4e9-13f3dea4e46c","local_time":"20201218162512","is_ascension_mode":false,"campfire_choices":[{"floor":8,"key":"REST"},{"data":"Embodiment","floor":15,"key":"SMITH"}],"circlet_count":0,"master_deck":["Strike_G","Strike_G","Strike_G","Strike_G","Strike_G","Defend_G","Defend_G","Defend_G","Defend_G","Defend_G","Survivor","Neutralize","Embodiment+1","Deflect","Die Die Die","Masterful Stab","Flying Knee","REME_ShadowStrike","Slice","Predator","Backflip","Riddle With Holes","Quick Slash","Dagger Spray","Spreading Infection","Tools of the Trade"],"relics":["Ring of the Snake","REME_ComplimentaryCards","NeowsBlessing","Regal Pillow","Dota2Spire:ArcaneBoots","Ancient Tea Set","Oddly Smooth Stone","Ring of Peace","HornCleat","Ring of Chaos"],"acts_visited":["Exordium","TheCity"],"potions_floor_usage":[10,10,16],"damage_taken":[{"damage":0,"enemies":"Jaw Worm","floor":1,"turns":1},{"damage":0,"enemies":"Small Slimes","floor":3,"turns":1},{"damage":0,"enemies":"2 Louse","floor":4,"turns":1},{"damage":12,"enemies":"Gremlin Nob","floor":6,"turns":4},{"damage":21,"enemies":"Exordium Wildlife","floor":7,"turns":5},{"damage":7,"enemies":"Lagavulin","floor":10,"turns":4},{"damage":13,"enemies":"Red Slaver","floor":12,"turns":3},{"damage":5,"enemies":"Hexaghost","floor":16,"turns":13},{"damage":0,"enemies":"Shell Parasite","floor":18,"turns":1}],"seed_played":"8043846718043604875","potions_obtained":[{"floor":3,"key":"SteroidPotion"},{"floor":7,"key":"CunningPotion"},{"floor":12,"key":"Languid Potion"},{"floor":16,"key":"SpeedPotion"}],"is_trial":false,"path_per_floor":["M","?","M","M","$","E","M","R","T","E","?","M","?","T","R","B",null,"M"],"character_chosen":"THE_SILENT","items_purchased":["Regal Pillow"],"campfire_rested":1,"item_purchase_floors":[5],"current_hp_per_floor":[70,59,59,59,59,47,26,62,62,55,55,42,42,42,42,37,70,70,70],"gold":367,"neow_bonus":"THREE_ENEMY_KILL","is_daily":false,"chose_seed":false,"campfire_upgraded":1,"win_rate":0.0,"timestamp":1608279912,"path_taken":["M","?","M","M","$","E","M","R","T","E","?","M","?","?","R","BOSS","M"],"items_purchased_type":["Relic"],"build_version":"2020-12-13","purchased_purges":0,"victory":false,"max_hp_per_floor":[70,70,70,70,70,70,70,70,70,70,70,70,70,70,70,70,70,70,70],"card_choices":[{"not_picked":["Slice","Fluid Movement"],"picked":"Deflect","floor":1},{"not_picked":["Slice","Blade Dance"],"picked":"Die Die Die","floor":3},{"not_picked":["Deadly Poison","Riddle With Holes"],"picked":"Masterful Stab","floor":4},{"not_picked":["Acrobatics","Backflip"],"picked":"Flying Knee","floor":6},{"not_picked":["Catalyst","Dagger Throw","Poisoned Stab"],"picked":"SKIP","floor":7},{"not_picked":["Leg Sweep","Backflip"],"picked":"REME_ShadowStrike","floor":10},{"not_picked":["Caltrops","Slice"],"picked":"Dagger Spray","floor":12},{"not_picked":["Venomology","Die Die Die"],"picked":"Tools of the Trade","floor":16}],"player_experience":133869,"relics_obtained":[{"floor":6,"key":"Dota2Spire:ArcaneBoots"},{"floor":9,"key":"Ancient Tea Set"},{"floor":10,"key":"Oddly Smooth Stone"},{"floor":13,"key":"Ring of Peace"},{"floor":14,"key":"HornCleat"}],"event_choices":[{"damage_healed":0,"gold_gain":75,"player_choice":"Gather Gold","damage_taken":11,"max_hp_gain":0,"max_hp_loss":0,"event_name":"World of Goop","floor":2,"gold_loss":0}],"is_beta":false,"boss_relics":[{"not_picked":["Busted Crown","Snecko Scales"],"picked":"Ring of Chaos"}],"items_purged_floors":[],"is_endless":false,"potions_floor_spawned":[3,7,12,16],"killed_by":"Shell Parasite","ascension_level":0}}