{"host":"4eao2pkwlmv012cz","time":1608264139,"event":{"mods":["BaseMod","Colored Powertips","Minty Spire (QoL Compilation)","Permanent Neow","Quick Restart","Random Character Button","StSLib"],"gold_per_floor":[14,27,27,27,27,27,62,90,102,114,114],"floor_reached":10,"playtime":266,"items_purged":[],"score":132,"play_id":"b1d2cfa5-d43b-40e1-9d8a-0ed9020fcffd","local_time":"20201217230219","is_ascension_mode":true,"campfire_choices":[{"data":"Sweeping Beam","floor":6,"key":"SMITH"}],"circlet_count":0,"master_deck":["AscendersBane","Strike_B","Strike_B","Strike_B","Defend_B","Defend_B","Defend_B","Zap+1","Dualcast","Self Repair","Beam Cell","Sweeping Beam+1","Steam Power","Rebound","Biased Cognition"],"relics":["Cracked Core","Mango","MawBank","Turnip"],"acts_visited":["Exordium"],"potions_floor_usage":[7,7],"damage_taken":[{"damage":7,"enemies":"Jaw Worm","floor":1,"turns":3},{"damage":3,"enemies":"Small Slimes","floor":2,"turns":2},{"damage":20,"enemies":"3 Sentries","floor":7,"turns":5},{"damage":1,"enemies":"Cultist","floor":8,"turns":3},{"damage":64,"enemies":"Gremlin Nob","floor":10,"turns":4}],"seed_played":"7421924711782933158","potions_obtained":[{"floor":1,"key":"Fire Potion"},{"floor":2,"key":"LiquidMemories"}],"is_trial":false,"path_per_floor":["M","M","?","?","$","R","E","M","T","E"],"character_chosen":"DEFECT","items_purchased":[],"campfire_rested":0,"item_purchase_floors":[],"current_hp_per_floor":[64,61,61,70,70,70,57,63,63,0,0],"gold":114,"neow_bonus":"TRANSFORM_TWO_CARDS","is_daily":false,"chose_seed":false,"campfire_upgraded":1,"win_rate":0.0,"timestamp":1608264139,"path_taken":["M","M","?","?","$","R","E","M","T","E"],"items_purchased_type":[],"build_version":"2020-12-13","purchased_purges":0,"victory":false,"max_hp_per_floor":[71,71,71,85,85,85,85,85,85,85,85],"card_choices":[{"not_picked":["Sunder","Compile Driver"],"picked":"Sweeping Beam","floor":1},{"not_picked":["Stack","Streamline"],"picked":"Steam Power","floor":2},{"not_picked":["Turbo","Beam Cell"],"picked":"Rebound","floor":7},{"not_picked":["BootSequence","Gash"],"picked":"Biased Cognition","floor":8}],"player_experience":2843958,"relics_obtained":[{"floor":7,"key":"MawBank"},{"floor":9,"key":"Turnip"}],"event_choices":[{"damage_healed":0,"gold_gain":0,"player_choice":"Grow","damage_taken":0,"max_hp_gain":0,"max_hp_loss":0,"event_name":"Living Wall","floor":3,"gold_loss":0,"cards_upgraded":["Zap"]},{"damage_healed":0,"gold_gain":0,"player_choice":"Success","damage_taken":5,"relics_obtained":["Mango"],"max_hp_gain":0,"max_hp_loss":0,"event_name":"Scrap Ooze","floor":4,"gold_loss":0}],"is_beta":false,"boss_relics":[],"items_purged_floors":[],"is_endless":false,"potions_floor_spawned":[1,2],"killed_by":"Gremlin Nob","ascension_level":20}}