{"host":"fuszjwm6fqgjjp4d","time":1608277397,"event":{"mods":["BaseMod","Bestiary","Colored Map","DeckTracker","Minty Spire (QoL Compilation)","Permanent Neow","Relic Sorter","Relic Stats","StSLib"],"gold_per_floor":[117,117,117,135,210,235,385,402,402,250,263,289,304,304,304,379,379,396,406,7,7,7,7],"floor_reached":22,"playtime":525,"items_purged":["Doubt","Strike_B"],"score":438,"play_id":"427d5014-7096-45f7-968d-a384cdae36e0","local_time":"20201218014317","is_ascension_mode":true,"campfire_choices":[{"data":"Defragment","floor":15.0,"key":"SMITH"}],"circlet_count":0,"master_deck":["AscendersBane","Strike_B","Strike_B","Strike_B","Defend_B","Defend_B","Defend_B","Defend_B","Zap+1","Dualcast","Lockon","Static Discharge","FTL","Coolheaded","Glacier","Defragment+1","Amplify","Loop","Creative AI","Double Energy","Chill","Mayhem"],"relics":["Cracked Core","NeowsBlessing","Sundial","Vajra","Meat on the Bone","Ice Cream","Kunai","Busted Crown"],"acts_visited":["Exordium","TheCity"],"potions_floor_usage":[16,18,19,22],"damage_taken":[{"damage":0.0,"enemies":"2 Louse","floor":1.0,"turns":1.0},{"damage":0.0,"enemies":"Small Slimes","floor":4.0,"turns":1.0},{"damage":0.0,"enemies":"Lagavulin","floor":6.0,"turns":1.0},{"damage":2.0,"enemies":"Cultist","floor":8.0,"turns":4.0},{"damage":7.0,"enemies":"Looter","floor":11.0,"turns":3.0},{"damage":11.0,"enemies":"3 Sentries","floor":12.0,"turns":7.0},{"damage":23.0,"enemies":"Exordium Thugs","floor":13.0,"turns":4.0},{"damage":10,"enemies":"Slime Boss","floor":16,"turns":12},{"damage":23,"enemies":"Shell Parasite","floor":18,"turns":4},{"damage":36,"enemies":"2 Thieves","floor":19,"turns":4},{"damage":14,"enemies":"Cultist and Chosen","floor":22,"turns":3}],"seed_played":"1362369266740285576","potions_obtained":[{"floor":6.0,"key":"CultistPotion"},{"floor":8.0,"key":"EntropicBrew"},{"floor":12.0,"key":"FocusPotion"},{"floor":16,"key":"ColorlessPotion"},{"floor":18,"key":"GamblersBrew"},{"floor":19,"key":"Explosive Potion"}],"is_trial":false,"path_per_floor":["M","?","?","M","?","E","?","M","T","$","M","E","M","T","R","B",null,"M","M","$","?","M"],"character_chosen":"DEFECT","items_purchased":["Glacier","Chill","Mayhem"],"campfire_rested":0,"item_purchase_floors":[10,20,20],"current_hp_per_floor":[64,59,59,59,48,48,48,46,46,46,39,40,29,29,29,31,61,38,14,14,14,0,0],"gold":7,"neow_bonus":"THREE_ENEMY_KILL","is_daily":false,"chose_seed":false,"campfire_upgraded":1,"win_rate":0.0,"timestamp":1608277397,"path_taken":["M","?","?","?","?","E","?","?","T","$","M","E","M","?","R","BOSS","M","M","$","?","M"],"items_purchased_type":["Card","Card","Card"],"build_version":"2020-12-13","purchased_purges":2,"victory":false,"max_hp_per_floor":[71,71,71,71,71,71,71,71,71,71,71,71,71,71,71,71,71,71,71,71,71,71,71],"relic_stats":{"Busted Crown":4,"counters":[11,44],"Sundial":[6],"Kunai":[2],"obtain_stats":[{"Ice Cream":12,"Busted Crown":17,"NeowsBlessing":0,"Sundial":2,"Vajra":6,"Kunai":14,"Cracked Core":0,"Meat on the Bone":9},{"Ice Cream":6,"Busted Crown":8,"NeowsBlessing":0,"Sundial":1,"Vajra":3,"Kunai":7,"Cracked Core":0,"Meat on the Bone":4},{"Ice Cream":17,"Busted Crown":33,"NeowsBlessing":0,"Sundial":1,"Vajra":3,"Kunai":21,"Cracked Core":0,"Meat on the Bone":7}],"Meat on the Bone":48},"card_choices":[{"not_picked":["Redo","Compile Driver"],"picked":"Lockon","floor":1.0},{"not_picked":["Rebound","Beam Cell"],"picked":"Static Discharge","floor":4.0},{"not_picked":["Go for the Eyes","Reprogram"],"picked":"FTL","floor":6.0},{"not_picked":["Stack","Sweeping Beam"],"picked":"Coolheaded","floor":8.0},{"not_picked":["Reprogram","Amplify"],"picked":"Defragment","floor":11.0},{"not_picked":["Consume","Steam"],"picked":"Amplify","floor":12.0},{"not_picked":["Storm","Go for the Eyes"],"picked":"Loop","floor":13.0},{"not_picked":["Echo Form","Reboot"],"picked":"Creative AI","floor":16},{"not_picked":[],"picked":"Double Energy","floor":18},{"not_picked":["Go for the Eyes"],"picked":"SKIP","floor":19}],"player_experience":1170650,"relics_obtained":[{"floor":6.0,"key":"Vajra"},{"floor":9.0,"key":"Meat on the Bone"},{"floor":12.0,"key":"Ice Cream"},{"floor":14.0,"key":"Kunai"}],"event_choices":[{"damage_healed":0.0,"max_hp_gain":0.0,"max_hp_loss":0.0,"gold_gain":0.0,"event_name":"Scrap Ooze","player_choice":"Success","floor":2.0,"gold_loss":0.0,"damage_taken":5.0,"relics_obtained":["Sundial"]},{"damage_healed":0.0,"max_hp_gain":0.0,"max_hp_loss":0.0,"gold_gain":0.0,"event_name":"Upgrade Shrine","player_choice":"Upgraded","floor":3.0,"gold_loss":0.0,"damage_taken":0.0,"cards_upgraded":["Zap"]},{"damage_healed":0.0,"max_hp_gain":0.0,"max_hp_loss":0.0,"gold_gain":75.0,"event_name":"World of Goop","player_choice":"Gather Gold","floor":5.0,"gold_loss":0.0,"damage_taken":11.0},{"damage_healed":0.0,"max_hp_gain":0.0,"max_hp_loss":0.0,"gold_gain":150.0,"event_name":"Liars Game","player_choice":"AGREE","floor":7.0,"gold_loss":0.0,"damage_taken":0.0,"cards_obtained":["Doubt"]},{"damage_healed":0,"gold_gain":0,"player_choice":"Ignored","damage_taken":0,"max_hp_gain":0,"max_hp_loss":0,"event_name":"Cursed Tome","floor":21,"gold_loss":0}],"is_beta":false,"boss_relics":[{"not_picked":["Runic Dome","Snecko Eye"],"picked":"Busted Crown"}],"items_purged_floors":[10,20],"is_endless":false,"potions_floor_spawned":[6,8,12,13,16,18,19],"killed_by":"Cultist and Chosen","ascension_level":20}}