{"host":"cz3p2o9n3b1gdmkz","time":1608284172,"event":{"mods":["AchievementEnabler","BaseMod","CapriCore","GungeonMod","Hermit","Lobotomy","Minty Spire (QoL Compilation)","Replay The Spire","Shop Mod","StSLib","SuperFastMode","The Cursed","The Dragon Tamer","The Gatherer","The Jungle","The Poker Player","The Runesmith"],"gold_per_floor":[367,418,434,434,14,44,44,57,57,22,36,59,59,59,59,59,59],"floor_reached":16,"playtime":502,"items_purged":[],"score":157,"play_id":"e2e5bd67-6fac-4532-b82d-a31a8ed2e028","local_time":"20201218183612","is_ascension_mode":true,"campfire_choices":[{"data":"hermit:Strike_Hermit","floor":7,"key":"SMITH"},{"floor":13,"key":"REST"},{"data":"hermit:Dive","floor":15,"key":"SMITH"}],"circlet_count":0,"master_deck":["AscendersBane","hermit:Strike_Hermit+1","hermit:Strike_Hermit","hermit:Strike_Hermit+1","hermit:Strike_Hermit+1","hermit:Defend_Hermit","hermit:Defend_Hermit","hermit:Defend_Hermit","hermit:Defend_Hermit","hermit:Snapshot","hermit:Covet","hermit:Deadeye","hermit:Dive+1"],"relics":["hermit:Momento","Membership Card","Matryoshka","Incense Burner","Turnip","Dream Catcher","Frozen Egg 2","Odd Mushroom"],"acts_visited":["Exordium"],"potions_floor_usage":[6,16,16],"damage_taken":[{"damage":6,"enemies":"Jaw Worm","floor":1,"turns":4},{"damage":2,"enemies":"2 Louse","floor":3,"turns":3},{"damage":11,"enemies":"Gremlin Nob","floor":6,"turns":5},{"damage":0,"enemies":"Small Slimes","floor":8,"turns":2},{"damage":3,"enemies":"2 Fungi Beasts","floor":11,"turns":3},{"damage":13,"enemies":"The Mushroom Lair","floor":12,"turns":4},{"damage":60,"enemies":"Slime Boss","floor":16,"turns":8}],"seed_played":"976406695844375409","potions_obtained":[{"floor":1,"key":"PowerPotion"},{"floor":3,"key":"Milkshake"},{"floor":12,"key":"AttackPotion"}],"is_trial":false,"path_per_floor":["M","?","M","?","$","E","R","M","T","?","M","?","R","?","R","B"],"character_chosen":"HERMIT","items_purchased":["Membership Card","Matryoshka","Incense Burner"],"campfire_rested":1,"item_purchase_floors":[5,5,5],"current_hp_per_floor":[44,44,42,42,42,31,31,31,31,49,46,33,55,55,55,0,0],"gold":59,"neow_bonus":"TWO_FIFTY_GOLD","is_daily":false,"chose_seed":false,"campfire_upgraded":2,"win_rate":0.0,"timestamp":1608284172,"path_taken":["M","?","M","?","$","E","R","M","T","?","M","?","R","?","R","BOSS"],"items_purchased_type":["Relic","Relic","Relic"],"build_version":"2020-12-13","purchased_purges":0,"victory":false,"max_hp_per_floor":[75,75,75,75,75,75,75,75,75,75,75,75,75,75,75,75,75],"card_choices":[{"not_picked":["hermit:Roulette","hermit:Misfire","hermit:LowProfile"],"picked":"SKIP","floor":1},{"not_picked":["hermit:Vantage","hermit:WideOpen","hermit:LuckOfTheDraw"],"picked":"SKIP","floor":3},{"not_picked":["hermit:Combo","hermit:ItchyTrigger","hermit:HighCaliber"],"picked":"SKIP","floor":6},{"not_picked":["hermit:FromBeyond","hermit:TrackingShot","hermit:ShadowCloak"],"picked":"SKIP","floor":8},{"not_picked":["hermit:Vantage","hermit:TakeAim+1"],"picked":"hermit:Deadeye","floor":11},{"not_picked":["hermit:Purgatory","hermit:Vantage"],"picked":"hermit:Dive","floor":13}],"player_experience":976401,"relics_obtained":[{"floor":6,"key":"Turnip"},{"floor":9,"key":"Dream Catcher"},{"floor":9,"key":"Frozen Egg 2"},{"floor":12,"key":"Odd Mushroom"}],"event_choices":[{"damage_healed":0,"gold_gain":51,"player_choice":"Gained Gold","damage_taken":0,"max_hp_gain":0,"max_hp_loss":0,"event_name":"Golden Wing","floor":2,"gold_loss":0},{"damage_healed":0,"gold_gain":0,"player_choice":"Grow","damage_taken":0,"max_hp_gain":0,"max_hp_loss":0,"event_name":"Living Wall","floor":4,"gold_loss":0,"cards_upgraded":["hermit:Strike_Hermit"]},{"damage_healed":18,"gold_gain":0,"player_choice":"Healed","damage_taken":0,"max_hp_gain":0,"max_hp_loss":0,"event_name":"The Cleric","floor":10,"gold_loss":35},{"damage_healed":0,"gold_gain":0,"player_choice":"Fought Mushrooms","damage_taken":0,"max_hp_gain":0,"max_hp_loss":0,"event_name":"Mushrooms","floor":12,"gold_loss":0}],"is_beta":false,"boss_relics":[],"items_purged_floors":[],"is_endless":false,"potions_floor_spawned":[1,3,12],"killed_by":"Slime Boss","ascension_level":12}}