{"host":"1z4hbl9vfqrhg136","time":1608301510,"event":{"mods":["BaseMod","Minty Spire (QoL Compilation)"],"gold_per_floor":[115,39,54,54,54,54,87,87,135,135,148,148,158,183,183,260,260,271,196,111,123,149,176,188,234,270,282,376,388,400,438,450,539,551,581,643,667,697,724,763,775,787,799,827,862,874,530,550,550,550,550,550],"floor_reached":51,"playtime":6515,"items_purged":["Defend_G"],"score":1442,"play_id":"1800f7f3-38a4-48dd-83f5-a53559b61901","local_time":"20201218142510","is_ascension_mode":true,"campfire_choices":[{"data":"Neutralize","floor":6.0,"key":"SMITH"},{"data":"Survivor","floor":8.0,"key":"SMITH"},{"data":"Caltrops","floor":10.0,"key":"SMITH"},{"data":"Terror","floor":12.0,"key":"SMITH"},{"data":"Wraith Form v2","floor":15.0,"key":"SMITH"},{"data":"Envenom","floor":24.0,"key":"SMITH"},{"data":"Backflip","floor":27.0,"key":"SMITH"},{"data":"Ghostly","floor":32.0,"key":"SMITH"},{"data":"Burst","floor":41.0,"key":"SMITH"},{"data":"Malaise","floor":46.0,"key":"SMITH"},{"floor":49.0,"key":"RECALL"}],"circlet_count":0,"master_deck":["AscendersBane","Strike_G","Strike_G","Strike_G","Strike_G+1","Defend_G+1","Defend_G+1","Survivor+1","Neutralize+1","Caltrops+1","Skewer+1","Terror+1","Burst+1","Backflip","Backflip+1","Wraith Form v2+1","Envenom+1","Dagger Throw+1","Well Laid Plans","Backstab","Ghostly","Ghostly+1","Ghostly+1","Malaise+1","Well Laid Plans","Dagger Spray","Calculated Gamble","Footwork"],"relics":["Ring of the Snake","NeowsBlessing","Meat on the Bone","War Paint","Anchor","Coffee Dripper","MawBank","Tiny Chest","PreservedInsect","Pantograph","Orichalcum","Empty Cage","Blue Candle","StoneCalendar","Centennial Puzzle","Ornamental Fan"],"acts_visited":["Exordium","TheCity","TheBeyond"],"potions_floor_usage":[],"damage_taken":[{"damage":0.0,"enemies":"Cultist","floor":1.0,"turns":1.0},{"damage":0.0,"enemies":"2 Louse","floor":3.0,"turns":1.0},{"damage":0.0,"enemies":"3 Sentries","floor":7.0,"turns":1.0},{"damage":1.0,"enemies":"Jaw Worm","floor":11.0,"turns":3.0},{"damage":0.0,"enemies":"Large Slime","floor":13.0,"turns":4.0},{"damage":14.0,"enemies":"Lagavulin","floor":14.0,"turns":5.0},{"damage":9.0,"enemies":"The Guardian","floor":16.0,"turns":12.0},{"damage":16.0,"enemies":"Chosen","floor":18.0,"turns":6.0},{"damage":3.0,"enemies":"Shell Parasite","floor":22.0,"turns":5.0},{"damage":2.0,"enemies":"Snecko","floor":23.0,"turns":4.0},{"damage":15.0,"enemies":"Book of Stabbing","floor":25.0,"turns":6.0},{"damage":2.0,"enemies":"Gremlin Leader","floor":31.0,"turns":6.0},{"damage":17.0,"enemies":"Champ","floor":33.0,"turns":18.0},{"damage":0.0,"enemies":"Orb Walker","floor":35.0,"turns":5.0},{"damage":7.0,"enemies":"3 Shapes","floor":37.0,"turns":10.0},{"damage":3.0,"enemies":"Maw","floor":38.0,"turns":9.0},{"damage":2.0,"enemies":"3 Darklings","floor":39.0,"turns":7.0},{"damage":3.0,"enemies":"Giant Head","floor":40.0,"turns":10.0},{"damage":0.0,"enemies":"4 Shapes","floor":44.0,"turns":7.0},{"damage":0.0,"enemies":"Sphere and 2 Shapes","floor":48.0,"turns":7.0},{"damage":26.0,"enemies":"Donu and Deca","floor":50.0,"turns":14.0},{"damage":68,"enemies":"Time Eater","floor":51,"turns":14}],"seed_played":"1191656358478476036","potions_obtained":[{"floor":1.0,"key":"Explosive Potion"},{"floor":11.0,"key":"CunningPotion"},{"floor":16.0,"key":"SteroidPotion"},{"floor":23.0,"key":"Ancient Potion"},{"floor":37.0,"key":"EssenceOfSteel"}],"is_trial":false,"path_per_floor":["M","$","M","?","?","R","E","R","T","R","M","R","M","E","R","B",null,"M","?","?","$","M","M","R","E","T","R","T","?","?","E","R","B",null,"M","T","M","M","M","E","R","?","T","M","T","R","$","M","R","B","B"],"character_chosen":"THE_SILENT","items_purchased":["Skewer","Ornamental Fan"],"campfire_rested":0,"item_purchase_floors":[2,47],"current_hp_per_floor":[59,59,59,39,44,44,44,44,44,44,43,43,43,41,41,44,64,48,48,48,48,45,43,43,40,40,40,40,20,20,30,30,21,34,34,34,27,24,22,31,31,31,31,31,31,31,31,31,31,24,0,0],"gold":550,"neow_bonus":"THREE_ENEMY_KILL","is_daily":false,"chose_seed":false,"campfire_upgraded":10,"win_rate":0.0,"timestamp":1608301510,"path_taken":["M","?","?","?","?","R","E","R","T","R","M","R","M","E","R","BOSS","M","?","?","$","?","M","R","E","T","R","?","?","?","E","R","BOSS","M","?","?","?","M","E","R","?","T","M","?","R","$","M","R","BOSS","BOSS"],"items_purchased_type":["Card","Relic"],"build_version":"2020-12-13","purchased_purges":1,"victory":false,"max_hp_per_floor":[66,66,66,66,71,71,71,71,71,71,71,71,71,71,71,71,71,71,71,71,71,71,71,71,71,71,71,71,76,38,38,38,38,38,38,38,38,38,38,38,38,38,38,38,38,38,38,38,38,38,38,38],"card_choices":[{"not_picked":["Terror","Heel Hook"],"picked":"Caltrops","floor":1.0},{"not_picked":["Quick Slash","Outmaneuver"],"picked":"Terror","floor":3.0},{"not_picked":["Acrobatics","Bane"],"picked":"Burst","floor":7.0},{"not_picked":["Infinite Blades","Acrobatics"],"picked":"Backflip","floor":11.0},{"not_picked":["Distraction","Expertise"],"picked":"Backflip","floor":13.0},{"not_picked":["Riddle With Holes","Outmaneuver"],"picked":"Wraith Form v2","floor":14.0},{"not_picked":["Phantasmal Killer","Burst"],"picked":"Envenom","floor":16.0},{"not_picked":["Bane","Expertise+1"],"picked":"Dagger Throw+1","floor":18.0},{"not_picked":["Outmaneuver","Poisoned Stab","Sucker Punch"],"picked":"SKIP","floor":22.0},{"not_picked":["Poisoned Stab","Eviscerate+1"],"picked":"Well Laid Plans","floor":23.0},{"not_picked":["Reflex","Masterful Stab"],"picked":"Backstab","floor":25.0},{"not_picked":["Setup","Terror","Blur"],"picked":"SKIP","floor":31.0},{"not_picked":["Die Die Die","Phantasmal Killer"],"picked":"Malaise","floor":33.0},{"not_picked":["Finisher+1","Endless Agony","Deflect+1"],"picked":"SKIP","floor":35.0},{"not_picked":["Slice+1","Distraction","Bane"],"picked":"SKIP","floor":37.0},{"not_picked":["Backflip","Backstab"],"picked":"Well Laid Plans","floor":38.0},{"not_picked":["Backflip","Masterful Stab"],"picked":"Dagger Spray","floor":39.0},{"not_picked":["Outmaneuver","Infinite Blades","Finisher"],"picked":"SKIP","floor":40.0},{"not_picked":["Underhanded Strike+1","Prepared"],"picked":"Calculated Gamble","floor":44.0},{"not_picked":["Reflex","Poisoned Stab+1"],"picked":"Footwork","floor":48.0}],"player_experience":1829557,"relics_obtained":[{"floor":7.0,"key":"Meat on the Bone"},{"floor":9.0,"key":"War Paint"},{"floor":14.0,"key":"Anchor"},{"floor":25.0,"key":"Tiny Chest"},{"floor":26.0,"key":"PreservedInsect"},{"floor":28.0,"key":"Pantograph"},{"floor":31.0,"key":"Orichalcum"},{"floor":40.0,"key":"Blue Candle"},{"floor":43.0,"key":"StoneCalendar"},{"floor":45.0,"key":"Centennial Puzzle"}],"event_choices":[{"damage_healed":0.0,"max_hp_gain":0.0,"max_hp_loss":0.0,"gold_gain":0.0,"event_name":"Shining Light","player_choice":"Entered Light","floor":4.0,"gold_loss":0.0,"damage_taken":20.0,"cards_upgraded":["Skewer","Strike_G"]},{"damage_healed":0.0,"max_hp_gain":5.0,"max_hp_loss":0.0,"gold_gain":0.0,"event_name":"Big Fish","player_choice":"Donut","floor":5.0,"gold_loss":0.0,"damage_taken":0.0},{"cards_removed":["Strike_G"],"damage_healed":0.0,"max_hp_gain":0.0,"max_hp_loss":0.0,"gold_gain":0.0,"event_name":"Beggar","player_choice":"Gave Gold","floor":19.0,"gold_loss":75.0,"damage_taken":0.0},{"damage_healed":0.0,"max_hp_gain":0.0,"max_hp_loss":0.0,"gold_gain":0.0,"event_name":"Addict","player_choice":"Obtained Relic","floor":20.0,"gold_loss":85.0,"damage_taken":0.0,"relics_obtained":["MawBank"]},{"damage_healed":0.0,"max_hp_gain":5.0,"max_hp_loss":0.0,"gold_gain":0.0,"event_name":"Forgotten Altar","player_choice":"Shed Blood","floor":29.0,"gold_loss":0.0,"damage_taken":25.0},{"damage_healed":0.0,"max_hp_gain":0.0,"max_hp_loss":38.0,"gold_gain":0.0,"event_name":"Ghosts","player_choice":"Became a Ghost","floor":30.0,"gold_loss":0.0,"damage_taken":0.0,"cards_obtained":["Ghostly","Ghostly","Ghostly"]},{"damage_healed":0.0,"max_hp_gain":0.0,"max_hp_loss":0.0,"gold_gain":0.0,"event_name":"Accursed Blacksmith","player_choice":"Forge","floor":42.0,"gold_loss":0.0,"damage_taken":0.0,"cards_upgraded":["Ghostly"]}],"is_beta":false,"boss_relics":[{"not_picked":["SlaversCollar","Runic Dome"],"picked":"Coffee Dripper"},{"not_picked":["Velvet Choker","Runic Pyramid"],"picked":"Empty Cage"}],"items_purged_floors":[47],"is_endless":false,"potions_floor_spawned":[1,11,16,23,33,37,38,39,48],"killed_by":"Time Eater","ascension_level":20}}