{"host":"rih3m63woujmecfd","time":1608284128,"event":{"mods":["BaseMod","Lobotomy","LobotomyExtend","Minty Spire (QoL Compilation)","Remilia£®¿Ÿ√◊¿Ú—«£©","Replay The Spire","Shop Mod","StSLib"],"gold_per_floor":[120,140,157,170,182,182,182,192,274,285,285,285,285,297,297,396,396,612,622,27,45,60,60,72,72,72,72,22,22,22,22],"floor_reached":30,"playtime":1607,"items_purged":["Overencumbered","NothingThere"],"score":326,"play_id":"a1c34857-828b-45af-b268-a864d8e9418f","local_time":"20201218173528","daily_mods":["Vintage","Heirloom","Time Dilation","Flight","DeadlyEvents","Elite Swarm","Lethality"],"is_ascension_mode":false,"campfire_choices":[],"circlet_count":0,"master_deck":["SpecialBullet","SpecialBullet","SpecialBullet","SpecialBullet","SpecialBullet","SpecialBullet","SpecialBullet","SpecialBullet","InformationCode","ControlCode","SecurityCode","OldLady","TT2Protocol","SummonCall","CentralCode","BlackSwan","ExtractionCode","WelfareCode","TrainingCode"],"relics":["CogitoBucket","Bird Faced Urn","Incense Burner","LetterFromLob","Molten Egg 2","Replay:Rubber Ducky","Torii","Replay:Bottled Flurry","Ginger","LuminousBracelet","AntiCross","Pondfish Scales","Pantograph","Happy Flower","AspirationHeart","MerchantsRug","Ornamental Fan","Smiling Mask","FossilizedHelix","BranchBurnRelic","Mirror","Singing Bowl","LaetitiaHeart"],"acts_visited":["Exordium","TheCity"],"potions_floor_usage":[],"damage_taken":[{"damage":0,"enemies":"Small Slimes","floor":1,"turns":2},{"damage":0,"enemies":"Cultist","floor":2,"turns":2},{"damage":14,"enemies":"Jaw Worm","floor":3,"turns":2},{"damage":0,"enemies":"Red Slaver","floor":4,"turns":1},{"damage":0,"enemies":"Large Slime","floor":5,"turns":2},{"damage":24,"enemies":"Looter","floor":8,"turns":3},{"damage":2,"enemies":"2 Fungi Beasts","floor":10,"turns":2},{"damage":9,"enemies":"Exordium Thugs","floor":14,"turns":2},{"damage":2,"enemies":"Slime Boss","floor":16,"turns":5},{"damage":10,"enemies":"Shell Parasite","floor":18,"turns":2},{"damage":38,"enemies":"3 Byrds","floor":19,"turns":5},{"damage":12,"enemies":"Centurion and Healer","floor":21,"turns":3},{"damage":26,"enemies":"3 Cultists","floor":22,"turns":4},{"damage":0,"enemies":"Snecko","floor":24,"turns":3},{"damage":0,"enemies":"Centurion and Healer","floor":30,"turns":1},{"damage":0,"enemies":"Centurion and Healer","floor":30,"turns":1}],"seed_played":"5335977461947628356","potions_obtained":[{"floor":16,"key":"DuplicationPotion"}],"is_trial":true,"path_per_floor":["M","M","M","M","M","R","R","M","T","M","R","R","R","M","R","B",null,"M","M","$","M","M","R","M","R","T","R","$","R","M"],"character_chosen":"Angela","items_purchased":["MerchantsRug","Ornamental Fan","Dead Branch"],"campfire_rested":0,"item_purchase_floors":[20,20,20],"current_hp_per_floor":[70,70,64,70,70,70,70,75,75,85,85,85,85,89,89,91,93,97,107,107,107,111,111,115,115,115,115,115,115,0,0],"gold":22,"neow_bonus":"","is_daily":false,"chose_seed":false,"campfire_upgraded":0,"win_rate":0.0,"timestamp":1608284128,"path_taken":["M","M","M","M","M","R","R","M","T","M","R","R","R","M","R","BOSS","M","M","$","M","M","R","M","R","T","R","$","R","M"],"items_purchased_type":["Relic","Relic","Relic"],"build_version":"2020-12-13","purchased_purges":2,"victory":false,"max_hp_per_floor":[70,70,70,70,70,70,70,85,85,85,85,85,85,89,89,93,93,97,107,107,107,111,111,115,115,115,115,115,115,115,115],"card_choices":[{"not_picked":["PunishingBird","WallGazer"],"picked":"GalaxyChild","floor":1},{"not_picked":["PunishingBird","CherryBlossoms"],"picked":"Alriune","floor":2},{"not_picked":["Murderer","LongBird"],"picked":"OldLady","floor":3},{"not_picked":["Freischutz","CrumblingArmor"],"picked":"Mercenary","floor":4},{"not_picked":["Woodsman","FairyFestival"],"picked":"BigBadWolf","floor":14},{"not_picked":["CrumblingArmor","SpiderBud"],"picked":"Yin","floor":16},{"not_picked":["WhitesApple","Freischutz"],"picked":"Woodsman","floor":18},{"not_picked":["Mercenary","Murderer"],"picked":"NothingThere","floor":22},{"not_picked":["PunishingBird","VoidDream"],"picked":"BlackSwan","floor":24}],"player_experience":122851,"relics_obtained":[{"floor":1,"key":"Incense Burner"},{"floor":1,"key":"LetterFromLob"},{"floor":2,"key":"Molten Egg 2"},{"floor":3,"key":"Replay:Rubber Ducky"},{"floor":4,"key":"Torii"},{"floor":5,"key":"Replay:Bottled Flurry"},{"floor":8,"key":"Ginger"},{"floor":9,"key":"AntiCross"},{"floor":10,"key":"Pondfish Scales"},{"floor":14,"key":"Pantograph"},{"floor":18,"key":"Old Coin"},{"floor":19,"key":"Happy Flower"},{"floor":21,"key":"Smiling Mask"},{"floor":22,"key":"FossilizedHelix"},{"floor":24,"key":"Mirror"},{"floor":26,"key":"Singing Bowl"}],"event_choices":[],"is_beta":false,"boss_relics":[{"not_picked":["Runic Pyramid","Philosopher\u0027s Stone"],"picked":"Kintsugi"}],"items_purged_floors":[20,28],"is_endless":true,"potions_floor_spawned":[16,30,30],"killed_by":"Centurion and Healer","ascension_level":0}}