{"host":"5jyeqch4fosnsiz2","time":1608306024,"event":{"mods":["BaseMod","Bestiary","Colored Map","Colored Powertips","Filter the Spire","Minty Spire (QoL Compilation)","Relic Stats","StSLib","Waifu the Spire","ojb\u0027s Better Paths Mod","ojb\u0027s Info Mod"],"gold_per_floor":[118,68,86,98,98,139,139,139,162,162,182,36,57,75,75,199,199,199,53,8,8,8,8,8,8,8,8,8,8,8,8,8,8,8],"floor_reached":33,"playtime":1328,"items_purged":[],"score":267,"play_id":"be661e0b-12a4-4951-914f-c7d15046cc0d","local_time":"20201218104024","is_ascension_mode":false,"campfire_choices":[{"data":"Deadly Poison","floor":8,"key":"SMITH"},{"data":"Footwork","floor":15,"key":"SMITH"},{"floor":29,"key":"REST"},{"floor":32,"key":"REST"}],"circlet_count":0,"master_deck":["Strike_G","Strike_G","Strike_G","Strike_G","Defend_G","Defend_G","Defend_G","Defend_G","Defend_G","Survivor","Neutralize","All Out Attack+1","Deadly Poison","Deadly Poison+1","Flying Knee","Dagger Spray","Footwork+1","Dash","Backflip","Backflip","Tools of the Trade","Quick Slash+1","All Out Attack","Prepared","Underhanded Strike"],"relics":["Runic Dome","Bloody Idol","Tiny Chest","Happy Flower","Juzu Bracelet","Ectoplasm","PreservedInsect","Mummified Hand","MealTicket","StoneCalendar"],"acts_visited":["TheCity"],"potions_floor_usage":[6,16,23,33],"damage_taken":[{"damage":0,"enemies":"Cultist","floor":1,"turns":4},{"damage":1,"enemies":"Jaw Worm","floor":3,"turns":4},{"damage":0,"enemies":"2 Louse","floor":4,"turns":2},{"damage":18,"enemies":"Lagavulin","floor":6,"turns":6},{"damage":0,"enemies":"Looter","floor":11,"turns":3},{"damage":6,"enemies":"Exordium Wildlife","floor":13,"turns":3},{"damage":0,"enemies":"Lots of Slimes","floor":14,"turns":2},{"damage":2,"enemies":"Hexaghost","floor":16,"turns":9},{"damage":4,"enemies":"Shell Parasite","floor":18,"turns":5},{"damage":10,"enemies":"2 Thieves","floor":20,"turns":3},{"damage":22,"enemies":"Slavers","floor":23,"turns":3},{"damage":12,"enemies":"Shelled Parasite and Fungi","floor":24,"turns":5},{"damage":29,"enemies":"Sentry and Sphere","floor":28,"turns":6},{"damage":2,"enemies":"Centurion and Healer","floor":30,"turns":6},{"damage":54,"enemies":"Collector","floor":33,"turns":5}],"seed_played":"-8461185487730563256","potions_obtained":[{"floor":1,"key":"SmokeBomb"},{"floor":3,"key":"Fire Potion"},{"floor":14,"key":"PowerPotion"},{"floor":20,"key":"AttackPotion"},{"floor":30,"key":"Strength Potion"}],"is_trial":false,"path_per_floor":["M","?","M","M","?","E","?","R","T","?","M","$","M","M","R","B",null,"M","$","M","T","?","E","M","?","T","$","M","R","M","?","R","B"],"character_chosen":"THE_SILENT","items_purchased":["Footwork","Dash","PreservedInsect"],"campfire_rested":2,"item_purchase_floors":[12,12,19],"current_hp_per_floor":[70,70,69,69,52,34,34,34,34,22,22,22,16,16,16,14,70,66,66,56,56,56,34,22,22,22,37,8,29,27,27,48,0,0],"gold":8,"neow_bonus":"BOSS_RELIC","is_daily":false,"chose_seed":false,"campfire_upgraded":2,"win_rate":0.0,"timestamp":1608306024,"path_taken":["M","?","M","M","?","E","?","R","T","?","M","?","M","M","R","BOSS","M","$","M","?","?","E","M","?","T","$","M","R","M","?","R","BOSS"],"items_purchased_type":["Card","Card","Relic"],"build_version":"2020-12-13","purchased_purges":0,"victory":false,"max_hp_per_floor":[70,70,70,70,70,70,70,70,70,70,70,70,70,70,70,70,70,70,70,70,70,70,70,70,70,70,70,70,70,70,70,70,70,70],"relic_stats":{"Happy Flower":[16],"counters":[15,66],"Mummified Hand":[10],"Bloody Idol":0,"Tiny Chest":1,"MealTicket":15,"StoneCalendar":[0],"Ectoplasm":280,"PreservedInsect":39,"Juzu Bracelet":1,"obtain_stats":[{"Runic Dome":0,"Happy Flower":9,"Golden Idol":5,"Mummified Hand":21,"Bloody Idol":31,"Tiny Chest":6,"MealTicket":23,"StoneCalendar":26,"Ectoplasm":17,"PreservedInsect":19,"Juzu Bracelet":10,"Ring of the Snake":0},{"Runic Dome":0,"Happy Flower":4,"Golden Idol":3,"Mummified Hand":10,"Bloody Idol":14,"Tiny Chest":4,"MealTicket":11,"StoneCalendar":12,"Ectoplasm":8,"PreservedInsect":9,"Juzu Bracelet":4,"Ring of the Snake":0},{"Runic Dome":0,"Happy Flower":16,"Golden Idol":10,"Mummified Hand":41,"Bloody Idol":61,"Tiny Chest":16,"MealTicket":44,"StoneCalendar":49,"Ectoplasm":33,"PreservedInsect":38,"Juzu Bracelet":16,"Ring of the Snake":0}]},"card_choices":[{"not_picked":["Distraction","Poisoned Stab"],"picked":"All Out Attack","floor":1},{"not_picked":["Blade Dance","Bane"],"picked":"Deadly Poison","floor":3},{"not_picked":["Infinite Blades","Setup"],"picked":"Deadly Poison","floor":4},{"not_picked":["Crippling Poison","Outmaneuver"],"picked":"Flying Knee","floor":6},{"not_picked":["Deadly Poison","Concentrate"],"picked":"Dagger Spray","floor":11},{"not_picked":["Poisoned Stab","Masterful Stab"],"picked":"Backflip","floor":13},{"not_picked":["Noxious Fumes","Cloak And Dagger"],"picked":"Backflip","floor":14},{"not_picked":["A Thousand Cuts","Unload"],"picked":"Tools of the Trade","floor":16},{"not_picked":["Dodge and Roll+1","Flying Knee"],"picked":"Quick Slash+1","floor":18},{"not_picked":["Expertise","Flechettes"],"picked":"All Out Attack","floor":20},{"not_picked":["Dagger Spray","Acrobatics","Sucker Punch"],"picked":"SKIP","floor":23},{"not_picked":["Choke","Terror"],"picked":"Prepared","floor":24},{"not_picked":["Flechettes","Backflip","Dodge and Roll+1"],"picked":"SKIP","floor":28},{"not_picked":["Dash","Expertise"],"picked":"Underhanded Strike","floor":30}],"player_experience":275250,"relics_obtained":[{"floor":6,"key":"Tiny Chest"},{"floor":9,"key":"Happy Flower"},{"floor":21,"key":"Mummified Hand"},{"floor":23,"key":"MealTicket"},{"floor":26,"key":"StoneCalendar"}],"event_choices":[{"cards_removed":["Strike_G"],"damage_healed":0,"gold_gain":0,"player_choice":"Card Removal","damage_taken":0,"max_hp_gain":0,"max_hp_loss":0,"event_name":"The Cleric","floor":2,"gold_loss":50},{"damage_healed":0,"gold_gain":0,"player_choice":"Take Damage","damage_taken":17,"relics_obtained":["Golden Idol"],"max_hp_gain":0,"max_hp_loss":0,"event_name":"Golden Idol","floor":5,"gold_loss":0},{"damage_healed":0,"gold_gain":0,"player_choice":"Grow","damage_taken":0,"max_hp_gain":0,"max_hp_loss":0,"event_name":"Living Wall","floor":7,"gold_loss":0,"cards_upgraded":["All Out Attack"]},{"damage_healed":0,"gold_gain":0,"player_choice":"Success","damage_taken":12,"relics_obtained":["Juzu Bracelet"],"max_hp_gain":0,"max_hp_loss":0,"event_name":"Scrap Ooze","floor":10,"gold_loss":0},{"damage_healed":0,"gold_gain":99,"player_choice":"Stole From Cult","damage_taken":0,"max_hp_gain":0,"max_hp_loss":0,"event_name":"Nest","floor":22,"gold_loss":0},{"damage_healed":0,"gold_gain":0,"player_choice":"Ignored","damage_taken":0,"max_hp_gain":0,"max_hp_loss":0,"event_name":"Ghosts","floor":25,"gold_loss":0},{"damage_healed":0,"gold_gain":0,"player_choice":"Gave Idol","damage_taken":0,"relics_obtained":["Bloody Idol"],"max_hp_gain":0,"max_hp_loss":0,"event_name":"Forgotten Altar","floor":31,"relics_lost":["Golden Idol"],"gold_loss":0}],"is_beta":false,"boss_relics":[{"not_picked":["WristBlade","Cursed Key"],"picked":"Ectoplasm"}],"items_purged_floors":[],"is_endless":false,"potions_floor_spawned":[1,3,14,20,30],"killed_by":"Collector","ascension_level":0}}