{"host":"4a6fro0of1ie0h2w","time":1608289185,"event":{"mods":["Aspiration","BaseMod","CCEM","Colored Map","Conspire","Downfall","GifTheSpireLib","Halation","Highlight Path","Hubris","Infinite Spire","Marisa????????","Minty Spire (QoL Compilation)","Permanent Neow","Replay The Spire","StSLib","Stuff the Spire","The Servant 0.9.4"],"gold_per_floor":[99,99,39,49,49,80,80,96,138,63,4,8,8,8,28,28,28],"floor_reached":16,"playtime":948,"items_purged":[],"score":136,"play_id":"c815b4fe-cd1f-4b41-8640-43776663dc49","local_time":"20201218125945","is_ascension_mode":true,"campfire_choices":[{"floor":1,"key":"DIG"},{"data":"hexamod:Float","floor":5,"key":"SMITH"},{"data":"hexamod:TimeOfNeed","floor":10,"key":"SMITH"}],"circlet_count":0,"master_deck":["hexamod:Strike","hexamod:Strike","hexamod:Strike","hexamod:Defend","hexamod:Defend","hexamod:Defend","hexamod:Defend","hexamod:Sear","hexamod:Float+1","hexamod:TimeOfNeed+1","Pain","hexamod:BurningTouch","hexamod:BacktrackSmack","hexamod:BacktrackSmack","hexamod:SecondSeal","hexamod:FirstSeal","hexamod:ThermalTransfer","hexamod:TurnItUp+1","hexamod:DynamicBlow"],"relics":["hexamod:SpiritBrand","hexamod:CandleOfCauterizing","WarpedTongs","conspire:DecoderRing","Replay:Mystery Machine","downfall:HeartBlessingBlue"],"acts_visited":["Exordium"],"potions_floor_usage":[8,12,12,16],"damage_taken":[{"damage":7,"enemies":"downfall:FleeingMerchant","floor":3,"turns":4},{"damage":0,"enemies":"Cultist","floor":4,"turns":3},{"damage":22,"enemies":"Lagavulin","floor":6,"turns":6},{"damage":3,"enemies":"Jaw Worm","floor":8,"turns":3},{"damage":27,"enemies":"Gremlin Nob","floor":9,"turns":4},{"damage":5,"enemies":"downfall:FleeingMerchant","floor":11,"turns":4},{"damage":3,"enemies":"downfall:FleeingMerchant","floor":12,"turns":4},{"damage":16,"enemies":"downfall:FleeingMerchant","floor":14,"turns":4},{"damage":0,"enemies":"2 Louse","floor":15,"turns":2},{"damage":23,"enemies":"downfall:Watcher","floor":16,"turns":4}],"seed_played":"8939596092427419266","potions_obtained":[{"floor":8,"key":"Fruit Juice"},{"floor":9,"key":"Fire Potion"},{"floor":15,"key":"EssenceOfSteel"}],"is_trial":false,"path_per_floor":["R_BF","?","$","M","R","E","T","M","E","R","$","$","?","$","M","B"],"character_chosen":"THE_SPIRIT","items_purchased":["hexamod:BacktrackSmack","Block Potion"],"campfire_rested":0,"item_purchase_floors":[3,11],"current_hp_per_floor":[70,70,63,63,63,41,41,43,16,26,21,25,25,16,16,0,0],"gold":28,"neow_bonus":"ONE_RANDOM_RARE_CARD","is_daily":false,"chose_seed":false,"campfire_upgraded":2,"win_rate":0.0,"timestamp":1608289185,"path_taken":["R_BF","?","$","M","R","E","T","M","E","R","?","$","?","$","M","BOSS"],"items_purchased_type":["Card","Potion"],"build_version":"2020-12-13","purchased_purges":0,"victory":false,"max_hp_per_floor":[70,70,70,70,70,70,70,75,75,85,85,85,85,85,85,85,85],"card_choices":[{"not_picked":["hexamod:ThermalTransfer","hexamod:TimeWarp"],"picked":"hexamod:BurningTouch","floor":3},{"not_picked":["hexamod:NightmareStrike","hexamod:HeatShield","hexamod:RetreatToShadows"],"picked":"SKIP","floor":4},{"not_picked":["hexamod:Again","hexamod:AdvancingGuard"],"picked":"hexamod:BacktrackSmack","floor":6},{"not_picked":["hexamod:NightmareStrike","hexamod:Haunt"],"picked":"hexamod:SecondSeal","floor":8},{"not_picked":["hexamod:GhostShield","hexamod:GhostLash","hexamod:NightmareStrike"],"picked":"SKIP","floor":9},{"not_picked":["hexamod:NightmareStrike","hexamod:ApocalypticArmor"],"picked":"hexamod:FirstSeal","floor":11},{"not_picked":["hexamod:RainOfEmbers","hexamod:FirstSeal"],"picked":"hexamod:ThermalTransfer","floor":12},{"not_picked":["hexamod:SoulSteal","hexamod:GhostShield","hexamod:UnleashSpirits"],"picked":"SKIP","floor":14},{"not_picked":["hexamod:SpectersWail","hexamod:FlamesFromBeyond"],"picked":"hexamod:DynamicBlow","floor":15}],"player_experience":185095,"relics_obtained":[{"floor":1,"key":"hexamod:CandleOfCauterizing"},{"floor":6,"key":"conspire:DecoderRing"},{"floor":9,"key":"Replay:Mystery Machine"}],"event_choices":[{"damage_healed":0,"gold_gain":0,"player_choice":"Rummage","damage_taken":0,"relics_obtained":["WarpedTongs"],"max_hp_gain":0,"max_hp_loss":0,"event_name":"Accursed Blacksmith","floor":2,"gold_loss":0,"cards_obtained":["Pain"]}],"is_beta":false,"boss_relics":[],"items_purged_floors":[],"is_endless":false,"potions_floor_spawned":[8,9,15],"killed_by":"downfall:Watcher","ascension_level":1}}