{"host":"08sn1703g14rasc1","time":1608330573,"event":{"mods":["AchievementEnabler","BaseMod","Colored Map","Colored Powertips","Hermit","Minty Spire (QoL Compilation)","StSLib"],"gold_per_floor":[119,119,184,234,245,245,275,275,275,275,11,28,98,118,118,222,222,233,245,245,245],"floor_reached":20,"playtime":531,"items_purged":[],"score":238,"play_id":"02919ee1-0641-4f80-ba96-25f56abb7fdf","local_time":"20201218142933","is_ascension_mode":true,"campfire_choices":[{"data":"Zap","floor":6,"key":"SMITH"},{"floor":8,"key":"REST"},{"floor":10,"key":"REST"},{"floor":15,"key":"REST"}],"circlet_count":0,"master_deck":["Strike_B","Strike_B","Strike_B","Defend_B","Defend_B","Defend_B","Defend_B","Zap+1","Dualcast","Ball Lightning","Gash","Thunder Strike","Rip and Tear","Lockon","Steam","FollowUp","Poisoned Stab","Recycle","Bullet Time","WaveOfTheHand+1"],"relics":["Inserter","SsserpentHead","Bird Faced Urn","TungstenRod","PrismaticShard","Strawberry","Cursed Key"],"acts_visited":["Exordium","TheCity"],"potions_floor_usage":[7,7,12,12,16,16,20,20],"damage_taken":[{"damage":4,"enemies":"Small Slimes","floor":1,"turns":5},{"damage":1,"enemies":"Cultist","floor":3,"turns":3},{"damage":7,"enemies":"Jaw Worm","floor":5,"turns":3},{"damage":46,"enemies":"Lagavulin","floor":7,"turns":6},{"damage":15,"enemies":"Exordium Thugs","floor":12,"turns":3},{"damage":0,"enemies":"Red Slaver","floor":13,"turns":3},{"damage":4,"enemies":"Looter","floor":14,"turns":2},{"damage":46,"enemies":"Hexaghost","floor":16,"turns":9},{"damage":19,"enemies":"Spheric Guardian","floor":18,"turns":4},{"damage":10,"enemies":"Chosen","floor":19,"turns":4},{"damage":41,"enemies":"3 Cultists","floor":20,"turns":4}],"seed_played":"-5868233707931672724","potions_obtained":[{"floor":5,"key":"EntropicBrew"},{"floor":7,"key":"Fire Potion"},{"floor":14,"key":"ColorlessPotion"},{"floor":16,"key":"DuplicationPotion"},{"floor":19,"key":"FearPotion"}],"is_trial":false,"path_per_floor":["M","?","M","?","M","R","E","R","T","R","$","M","M","M","R","B",null,"M","M","M"],"character_chosen":"DEFECT","items_purchased":["PrismaticShard","Strawberry","Steam"],"campfire_rested":3,"item_purchase_floors":[11,11,11],"current_hp_per_floor":[64,64,63,63,56,56,10,32,32,54,61,46,46,42,66,20,67,48,38,0,0],"gold":245,"neow_bonus":"BOSS_RELIC","is_daily":false,"chose_seed":false,"campfire_upgraded":1,"win_rate":0.0,"timestamp":1608330573,"path_taken":["M","?","?","?","M","R","E","R","T","R","?","M","?","M","R","BOSS","M","M","M"],"items_purchased_type":["Relic","Relic","Card"],"build_version":"2020-12-13","purchased_purges":0,"victory":false,"max_hp_per_floor":[75,75,75,75,75,75,75,75,75,75,82,82,82,82,82,82,82,82,82,82,82],"card_choices":[{"not_picked":["Barrage","Stack"],"picked":"Ball Lightning","floor":1},{"not_picked":["Steam","Turbo"],"picked":"Gash","floor":3},{"not_picked":["Skim","Recycle"],"picked":"Rip and Tear","floor":5},{"not_picked":["Chill","Reprogram"],"picked":"Lockon","floor":7},{"not_picked":["Vengeance","hermit:BigShot"],"picked":"FollowUp","floor":12},{"not_picked":["Doom and Gloom","Wireheading"],"picked":"Poisoned Stab","floor":13},{"not_picked":["hermit:ItchyTrigger","Capacitor"],"picked":"Recycle","floor":14},{"not_picked":["Sadistic Nature","Ragnarok"],"picked":"Bullet Time","floor":16},{"not_picked":["Reinforced Body","Bane"],"picked":"WaveOfTheHand+1","floor":18},{"not_picked":["LikeWater","hermit:Manifest","Heavy Blade"],"picked":"SKIP","floor":19}],"player_experience":404282,"relics_obtained":[{"floor":7,"key":"Bird Faced Urn"},{"floor":9,"key":"TungstenRod"}],"event_choices":[{"damage_healed":0,"gold_gain":0,"player_choice":"Trade","damage_taken":0,"relics_obtained":["SsserpentHead"],"max_hp_gain":0,"max_hp_loss":0,"event_name":"FaceTrader","floor":2,"gold_loss":0},{"damage_healed":0,"gold_gain":0,"cards_transformed":["Strike_B"],"player_choice":"Change","damage_taken":0,"max_hp_gain":0,"max_hp_loss":0,"event_name":"Living Wall","floor":4,"gold_loss":0,"cards_obtained":["Thunder Strike"]}],"is_beta":false,"boss_relics":[{"not_picked":["Coffee Dripper","SacredBark"],"picked":"Cursed Key"}],"items_purged_floors":[],"is_endless":false,"potions_floor_spawned":[5,7,14,16,19],"killed_by":"3 Cultists","ascension_level":7}}