{"host":"5gc11emcm5chfr5t","time":1608313893,"event":{"mods":["2.2 Compatiblity","AchievementEnabler","BaseMod","Bestiary","Better Note","Colored Map","Colored Powertips","Downfall","Googly Eyes","Minty Spire (QoL Compilation)","Rare Cards Sparkle","StSLib"],"gold_per_floor":[99,129,54,39,59,59,59,104,114,114,126,36,486,486,496,496,496],"floor_reached":16,"playtime":543,"items_purged":["Regret"],"score":165,"play_id":"61177cca-d788-4bab-819a-afc93c06f1ee","local_time":"20201218125133","is_ascension_mode":true,"campfire_choices":[{"floor":1,"key":"RECALL"},{"floor":3,"key":"REST"},{"floor":10,"key":"REST"}],"circlet_count":0,"master_deck":["AscendersBane","sneckomod:TailWhip+1","sneckomod:SnekBite+1","sneckomod:Unknown","sneckomod:Unknown","sneckomod:UnknownRareSkill","sneckomod:Mudshield","sneckomod:UnknownRareAttack","sneckomod:UnknownClassGREEN","sneckomod:MixItUp","sneckomod:MixItUp+1","sneckomod:QuickMove","sneckomod:CheapStock","sneckomod:WideSting","sneckomod:IronFang","sneckomod:UnknownVulnerable","sneckomod:Unknown0Cost","sneckomod:UnknownRarePower","Slimebound:Icky","Slimebound:Icky","Slimebound:Icky","sneckomod:SlitherStrike"],"relics":["Pandora\u0027s Box","Du-Vu Doll","downfall:HeartBlessingRed","Bottled Tornado"],"acts_visited":["Exordium"],"potions_floor_usage":[12],"damage_taken":[{"damage":68,"enemies":"Gremlin Nob","floor":2,"turns":6},{"damage":5,"enemies":"downfall:FleeingMerchant","floor":4,"turns":4},{"damage":0,"enemies":"Cultist","floor":5,"turns":4},{"damage":12,"enemies":"2 Louse","floor":8,"turns":4},{"damage":0,"enemies":"Jaw Worm","floor":9,"turns":2},{"damage":34,"enemies":"Red Slaver","floor":11,"turns":4},{"damage":11,"enemies":"downfall:FleeingMerchant","floor":12,"turns":4},{"damage":26,"enemies":"Blue Slaver","floor":15,"turns":3},{"damage":23,"enemies":"downfall:Defect","floor":16,"turns":4}],"seed_played":"-7261791279016313257","potions_obtained":[{"floor":2,"key":"sneckomod:OffclassReductionPotion"},{"floor":4,"key":"Energy Potion"}],"is_trial":false,"path_per_floor":["R","E","R","$","M","?","T","M","M","R","M","$","?","?","M","B"],"character_chosen":"THE_SNECKO","items_purchased":[],"campfire_rested":2,"item_purchase_floors":[],"current_hp_per_floor":[81,13,40,35,35,35,35,23,23,50,16,5,5,5,14,0,0],"gold":496,"neow_bonus":"BOSS_RELIC","is_daily":false,"chose_seed":false,"campfire_upgraded":0,"win_rate":0.0,"timestamp":1608313893,"path_taken":["R","E","R","?","M","?","T","?","M","R","M","?","?","?","M","BOSS"],"items_purchased_type":[],"build_version":"2020-12-13","purchased_purges":1,"victory":false,"max_hp_per_floor":[90,90,90,90,90,90,90,90,90,90,90,90,90,90,90,90,90],"card_choices":[{"not_picked":["sneckomod:UnknownCommonSkill","sneckomod:SoulRoll"],"picked":"sneckomod:QuickMove","floor":2},{"not_picked":["sneckomod:IronFang","sneckomod:DefensiveFlair"],"picked":"sneckomod:CheapStock","floor":4},{"not_picked":["sneckomod:SoulRoll","sneckomod:Nope"],"picked":"sneckomod:WideSting","floor":5},{"not_picked":["sneckomod:SerpentMind","sneckomod:Unknown0Cost"],"picked":"sneckomod:IronFang","floor":8},{"not_picked":["sneckomod:RainOfDice","sneckomod:UnknownBlock"],"picked":"sneckomod:UnknownVulnerable","floor":9},{"not_picked":["sneckomod:IronFang","sneckomod:SoulDraw"],"picked":"sneckomod:Unknown0Cost","floor":11},{"not_picked":["sneckomod:SlitherStrike","sneckomod:SoulCleanse"],"picked":"sneckomod:UnknownRarePower","floor":12},{"not_picked":["sneckomod:DiceCrush","sneckomod:SoulRoll"],"picked":"sneckomod:SlitherStrike","floor":15}],"player_experience":425107,"relics_obtained":[{"floor":2,"key":"Du-Vu Doll"},{"floor":7,"key":"Bottled Tornado"}],"event_choices":[],"is_beta":false,"boss_relics":[],"items_purged_floors":[12],"is_endless":false,"potions_floor_spawned":[2,8,9,11],"killed_by":"downfall:Defect","ascension_level":13}}