{"host":"Terry","time":1608335739,"event":{"mods":["BaseMod","Downfall","Hubris","Minty Spire (QoL Compilation)","Replay The Spire","StSLib"],"gold_per_floor":[99,99,126,4,34,46,58,80,112,150,172,94,94,104,121,217,217,142,173,173,201,221,247,247,247,265,265,283,293,293,312,326,326,326],"floor_reached":33,"playtime":2239,"items_purged":["hexamod:Strike"],"score":352,"play_id":"0a4b43a0-be41-4b32-8bfd-890e4728e881","local_time":"20201218185539","is_ascension_mode":false,"campfire_choices":[{"data":"Apotheosis","floor":6,"key":"SMITH"},{"data":"hexamod:NecessarySacrifice","floor":18,"key":"SMITH"},{"floor":20,"key":"RECALL"},{"floor":25,"key":"REST"},{"floor":27,"key":"REST"}],"circlet_count":0,"master_deck":["hexamod:Strike+1","hexamod:Strike","hexamod:Strike+1","hexamod:Defend","hexamod:Defend","hexamod:Defend","hexamod:Defend","hexamod:Sear","hexamod:Float","hexamod:BacktrackSmack","hexamod:UnleashSpirits","hexamod:Hexaguard+1","Mayhem","Dramatic Entrance","Apotheosis+1","hexamod:NightmareStrike","hexamod:GhostShield","hexamod:ShieldOfDarkness","hexamod:NightmareGuise","hexamod:RecurringNightmare","hexamod:NecessarySacrifice+1","hexamod:UnleashSpirits","hexamod:Hexaguard+1","hexamod:HexaLevel","hexamod:GhostShield+1","hexamod:CatchUp+1","hexamod:EtherealExpedition"],"relics":["hexamod:SpiritBrand","downfall:HeartsMalice","hubris:64BitClover","ReplayTheSpireMod:ShopPack","MawBank","hubris:FunFungus","Whetstone","hubris:TerracottaHorce","downfall:HeartBlessingGreen","Blue Candle","hubris:SlimyHat","Anchor","hubris:SphereOfDissonance","Potion Belt"],"acts_visited":["Exordium","TheCity"],"potions_floor_usage":[16,21,21,33],"damage_taken":[{"damage":0,"enemies":"Jaw Worm","floor":2,"turns":1},{"damage":0,"enemies":"Lagavulin","floor":3,"turns":1},{"damage":0,"enemies":"downfall:FleeingMerchant","floor":4,"turns":1},{"damage":8,"enemies":"Replay:BlueRogue","floor":5,"turns":5},{"damage":4,"enemies":"Small Slimes","floor":8,"turns":2},{"damage":0,"enemies":"Cultist","floor":9,"turns":3},{"damage":12,"enemies":"3 Sentries","floor":10,"turns":6},{"damage":0,"enemies":"3 Louse","floor":11,"turns":1},{"damage":0,"enemies":"downfall:FleeingMerchant","floor":12,"turns":4},{"damage":0,"enemies":"Red Slaver","floor":14,"turns":3},{"damage":4,"enemies":"Exordium Thugs","floor":15,"turns":4},{"damage":9,"enemies":"downfall:Defect","floor":16,"turns":8},{"damage":17,"enemies":"Replay:Snechameleon","floor":19,"turns":7},{"damage":15,"enemies":"Gremlin Leader","floor":21,"turns":7},{"damage":18,"enemies":"Chosen","floor":22,"turns":4},{"damage":10,"enemies":"Book of Stabbing","floor":23,"turns":7},{"damage":0,"enemies":"3 Byrds","floor":26,"turns":3},{"damage":7,"enemies":"Cultist and Chosen","floor":28,"turns":7},{"damage":0,"enemies":"Snake Plant","floor":29,"turns":3},{"damage":0,"enemies":"Chosen and Byrds","floor":31,"turns":4},{"damage":4,"enemies":"Sentry and Sphere","floor":32,"turns":6},{"damage":57,"enemies":"downfall:Silent","floor":33,"turns":9}],"seed_played":"8462497399253802077","potions_obtained":[{"floor":3,"key":"hexamod:InfernoChargePotion"},{"floor":5,"key":"Fire Potion"},{"floor":9,"key":"Fire Potion"},{"floor":21,"key":"Energy Potion"},{"floor":23,"key":"SmokeBomb"},{"floor":29,"key":"Swift Potion"},{"floor":31,"key":"PowerPotion"}],"is_trial":false,"path_per_floor":["R","M","E","$","E","R","T","M","M","E","M","$","?","M","M","B",null,"R","E","R","E","M","E","T","R","M","R","M","M","?","M","M","B"],"character_chosen":"THE_SPIRIT","items_purchased":["ReplayTheSpireMod:ShopPack"],"campfire_rested":2,"item_purchase_floors":[4],"current_hp_per_floor":[75,75,75,75,67,67,67,63,64,53,53,55,55,55,52,43,67,67,51,51,37,20,10,10,32,33,55,54,54,47,50,48,0,0],"gold":326,"neow_bonus":"THREE_ENEMY_KILL","is_daily":false,"chose_seed":false,"campfire_upgraded":2,"win_rate":0.0,"timestamp":1608335739,"path_taken":["R","M","E","$","E","R","T","M","M","E","M","$","?","M","M","BOSS","R","E","R","E","M","E","T","R","M","R","M","M","?","M","M","BOSS"],"items_purchased_type":["Relic"],"build_version":"2020-12-17","purchased_purges":1,"victory":false,"max_hp_per_floor":[75,75,75,75,75,75,75,75,75,75,75,75,75,75,75,75,75,75,75,75,75,75,75,75,75,75,75,75,75,75,75,75,75,75],"card_choices":[{"not_picked":["hexamod:RainOfEmbers","hexamod:BurningTouch"],"picked":"hexamod:BacktrackSmack","floor":2},{"not_picked":["hexamod:AdvancingGuard","hexamod:SecondSeal"],"picked":"hexamod:UnleashSpirits","floor":3},{"not_picked":["hexamod:NightmareGuise","hexamod:GhostOfSpirePast"],"picked":"hexamod:Hexaguard","floor":4},{"not_picked":["Crow Ritual","hubris:EnhanceAbility"],"picked":"Mayhem","floor":4},{"not_picked":["expansioncontent:LastStand","expansioncontent:PolyBeam"],"picked":"Dramatic Entrance","floor":4},{"not_picked":["expansioncontent:PrepareCrush","Master of Strategy"],"picked":"Apotheosis","floor":4},{"not_picked":["hexamod:BurningTouch","hexamod:InspiringFlames"],"picked":"hexamod:NightmareStrike","floor":5},{"not_picked":["hexamod:SixthSeal","hexamod:InspiringFlames"],"picked":"hexamod:GhostShield","floor":8},{"not_picked":["hexamod:BacktrackSmack","hexamod:SoulSteal"],"picked":"hexamod:ShieldOfDarkness","floor":9},{"not_picked":["hexamod:SkipABeat","hexamod:AdvancingGuard","hexamod:GhostOfSpireFuture"],"picked":"SKIP","floor":10},{"not_picked":["hexamod:StepThrough","hexamod:Firestarter"],"picked":"hexamod:NightmareGuise","floor":11},{"not_picked":["hexamod:GhostOfSpireFuture","hexamod:GhostShield"],"picked":"hexamod:RecurringNightmare","floor":12},{"not_picked":["hexamod:HeatShield","hexamod:GhostOfSpirePast","hexamod:Firestarter"],"picked":"SKIP","floor":14},{"not_picked":["hexamod:RainOfEmbers","hexamod:HauntingEcho"],"picked":"hexamod:NecessarySacrifice","floor":15},{"not_picked":["hexamod:FifthSeal","hexamod:VolcanoVisage"],"picked":"hexamod:UnleashSpirits","floor":16},{"not_picked":["hexamod:Rewind","hexamod:SpectralAdrenaline+1"],"picked":"hexamod:Hexaguard+1","floor":19},{"not_picked":["hexamod:RainOfEmbers","hexamod:Firestarter"],"picked":"hexamod:HexaLevel","floor":21},{"not_picked":["hexamod:StepThrough","hexamod:ThirdSeal","hexamod:EmpoweredFlame"],"picked":"SKIP","floor":22},{"not_picked":["hexamod:NightmareStrike+1","hexamod:SwordOfDarkness+1"],"picked":"hexamod:GhostShield+1","floor":23},{"not_picked":["hexamod:RainOfEmbers+1","hexamod:Again"],"picked":"hexamod:CatchUp+1","floor":26},{"not_picked":["hexamod:SpectralAdrenaline","hexamod:Firestarter","hexamod:SwordOfDarkness"],"picked":"SKIP","floor":28},{"not_picked":["hexamod:HauntingEcho+1","hexamod:GhostflameBarrier"],"picked":"hexamod:EtherealExpedition","floor":29},{"not_picked":["hexamod:BurningTouch","hexamod:GhostShield","hexamod:BacktrackSmack+1"],"picked":"SKIP","floor":31},{"not_picked":["hexamod:NightmareGuise","hexamod:FifthSeal","hexamod:ThermalTransfer"],"picked":"SKIP","floor":32}],"player_experience":550293,"relics_obtained":[{"floor":3,"key":"hubris:64BitClover"},{"floor":5,"key":"MawBank"},{"floor":7,"key":"hubris:FunFungus"},{"floor":10,"key":"Whetstone"},{"floor":19,"key":"Blue Candle"},{"floor":21,"key":"hubris:SlimyHat"},{"floor":22,"key":"Anchor"},{"floor":23,"key":"hubris:SphereOfDissonance"},{"floor":24,"key":"Potion Belt"}],"event_choices":[{"damage_healed":0,"gold_gain":0,"player_choice":"Donut","damage_taken":0,"max_hp_gain":5,"max_hp_loss":0,"event_name":"Big Fish","floor":1,"gold_loss":0},{"damage_healed":0,"gold_gain":0,"player_choice":"Damaged","damage_taken":7,"max_hp_gain":0,"max_hp_loss":0,"event_name":"Wheel of Change","floor":30,"gold_loss":0}],"is_beta":true,"boss_relics":[{"not_picked":["Replay:Bronze Core","ChewingGum"],"picked":"hubris:TerracottaHorce"}],"items_purged_floors":[12],"is_endless":false,"potions_floor_spawned":[3,5,9,10,14,21,23,29,31],"killed_by":"downfall:Silent","ascension_level":0}}