{"host":"onmzcmq5a68cxj3d","time":1608335751,"event":{"mods":["BaseMod","Colored Map","Minty Spire (QoL Compilation)","Remove Card Discount Mod"],"gold_per_floor":[118,131,74,90,108,108,283,283,329,329,55,89,7,7,7,112,112,132,130,130,130,130,130,130,130,175,175,175,53,53,65,65,163,163,176,196,30,53,53,53,62,62,62,62,74,74,13,13,13,13],"floor_reached":51,"playtime":2037,"items_purged":["Wraith Form v2","Defend_G","Strike_G","Doubt","Strike_G","Survivor","Bullet Time","Backstab","Defend_G"],"score":633,"play_id":"00d325bf-f585-4771-9d8a-7009d9e1e942","local_time":"20201218165551","daily_mods":["Heirloom","Time Dilation","Flight"],"is_ascension_mode":false,"campfire_choices":[{"data":"DevaForm","floor":6,"key":"SMITH"},{"data":"Echo Form","floor":8,"key":"SMITH"},{"data":"Demon Form","floor":10,"key":"SMITH"},{"floor":15,"key":"REST"},{"data":"Bouncing Flask","floor":23,"key":"SMITH"},{"data":"Bane","floor":24,"key":"SMITH"},{"data":"Bane","floor":25,"key":"SMITH"},{"data":"Crippling Poison","floor":28,"key":"SMITH"},{"data":"Neutralize","floor":30,"key":"SMITH"},{"floor":32,"key":"REST"},{"data":"Envenom","floor":40,"key":"SMITH"},{"data":"Discovery","floor":42,"key":"SMITH"},{"data":"Defend_G","floor":44,"key":"SMITH"},{"data":"Defend_G","floor":49,"key":"SMITH"}],"circlet_count":0,"master_deck":["Demon Form+1","Echo Form+1","DevaForm+1","Strike_G","Strike_G","Defend_G","Defend_G+1","Defend_G+1","Neutralize+1","Crippling Poison+1","Bane+1","Bane+1","Bouncing Flask+1","Envenom+1","Discovery+1"],"relics":["Unceasing Top","Mango","Tiny Chest","Kunai","Anchor","The Courier","Dream Catcher","Nloth\u0027s Gift","Membership Card","SacredBark","Lantern","Ninja Scroll","CeramicFish","Ice Cream","Lee\u0027s Waffle","Mummified Hand"],"acts_visited":["Exordium","TheCity","TheBeyond"],"potions_floor_usage":[16,33,50,50],"damage_taken":[{"damage":0,"enemies":"2 Louse","floor":1,"turns":3},{"damage":11,"enemies":"Jaw Worm","floor":2,"turns":4},{"damage":0,"enemies":"Small Slimes","floor":4,"turns":5},{"damage":9,"enemies":"Blue Slaver","floor":5,"turns":4},{"damage":8,"enemies":"Gremlin Nob","floor":12,"turns":4},{"damage":44,"enemies":"Hexaghost","floor":16,"turns":7},{"damage":14,"enemies":"Shell Parasite","floor":18,"turns":5},{"damage":32,"enemies":"2 Thieves","floor":31,"turns":4},{"damage":33,"enemies":"Collector","floor":33,"turns":7},{"damage":75,"enemies":"3 Darklings","floor":35,"turns":7},{"damage":1,"enemies":"3 Shapes","floor":36,"turns":3},{"damage":51,"enemies":"3 Darklings","floor":45,"turns":5},{"damage":36,"enemies":"Time Eater","floor":50,"turns":5}],"seed_played":"-4435992129935305095","potions_obtained":[{"floor":2,"key":"FairyPotion"},{"floor":12,"key":"PowerPotion"},{"floor":18,"key":"PowerPotion"},{"floor":36,"key":"PowerPotion"},{"floor":45,"key":"Strength Potion"}],"is_trial":true,"path_per_floor":["M","M","$","M","M","R","?","R","T","R","$","E","$","?","R","B",null,"M","$","?","?","T","R","R","R","T","?","R","$","R","M","R","B",null,"M","M","$","T","?","R","?","R","T","R","M","?","$","T","R","B",null],"character_chosen":"THE_SILENT","items_purchased":["Bane","Kunai","Bane","Bouncing Flask","Membership Card","Lantern","Ninja Scroll","Lee\u0027s Waffle"],"campfire_rested":2,"item_purchase_floors":[3,11,11,13,29,37,37,47],"current_hp_per_floor":[84,73,73,73,64,64,64,64,64,64,64,56,56,49,74,30,84,70,70,70,70,70,70,70,70,70,70,70,70,70,38,63,30,84,9,8,8,8,73,73,73,73,73,73,22,22,80,80,80,44],"gold":13,"neow_bonus":"","is_daily":false,"chose_seed":false,"campfire_upgraded":12,"win_rate":0.0,"timestamp":1608335751,"path_taken":["M","M","$","M","M","R","?","R","T","R","$","E","$","?","R","BOSS","M","$","?","?","?","R","R","R","T","?","R","$","R","?","R","BOSS","M","?","$","?","?","R","?","R","T","R","M","?","$","?","R","BOSS"],"items_purchased_type":["Card","Relic","Card","Card","Relic","Relic","Relic","Relic"],"build_version":"2020-12-13","purchased_purges":9,"victory":true,"max_hp_per_floor":[84,84,84,84,84,84,84,84,84,84,84,84,84,84,84,84,84,84,84,84,84,84,84,84,84,84,84,84,84,84,84,84,84,84,84,84,84,84,73,73,73,73,73,73,73,73,80,80,80,80],"card_choices":[{"not_picked":["Dagger Spray","Prepared","Slice"],"picked":"SKIP","floor":1},{"not_picked":["Dagger Throw","Acrobatics"],"picked":"Crippling Poison","floor":2},{"not_picked":["Crippling Poison","Underhanded Strike","Predator"],"picked":"SKIP","floor":4},{"not_picked":["Calculated Gamble","Crippling Poison","Choke"],"picked":"SKIP","floor":5},{"not_picked":["Slice","Underhanded Strike","Setup"],"picked":"SKIP","floor":12},{"not_picked":["Doppelganger","Die Die Die"],"picked":"Bullet Time","floor":16},{"not_picked":["Riddle With Holes","Reflex+1","Endless Agony+1"],"picked":"SKIP","floor":18},{"not_picked":["Blade Dance","Flying Knee","Dagger Spray"],"picked":"SKIP","floor":31},{"not_picked":["Sucker Punch","Quick Slash+1"],"picked":"Backstab","floor":32},{"not_picked":["Tools of the Trade","After Image"],"picked":"Envenom","floor":33},{"not_picked":["Outmaneuver","Dagger Throw+1","Sucker Punch+1"],"picked":"SKIP","floor":35},{"not_picked":["Prepared+1","Dodge and Roll","Outmaneuver+1"],"picked":"SKIP","floor":36},{"not_picked":["Apotheosis","Forethought"],"picked":"Discovery","floor":41},{"not_picked":["Dagger Throw+1","Flying Knee+1","Backflip"],"picked":"SKIP","floor":45}],"player_experience":432796,"relics_obtained":[{"floor":9,"key":"Tiny Chest"},{"floor":12,"key":"Anchor"},{"floor":22,"key":"The Courier"},{"floor":26,"key":"Dream Catcher"},{"floor":38,"key":"CeramicFish"},{"floor":43,"key":"Ice Cream"},{"floor":48,"key":"Mummified Hand"}],"event_choices":[{"damage_healed":0,"gold_gain":175,"player_choice":"AGREE","damage_taken":0,"max_hp_gain":0,"max_hp_loss":0,"event_name":"Liars Game","floor":7,"gold_loss":0,"cards_obtained":["Doubt"]},{"cards_removed":["Strike_G"],"damage_healed":0,"gold_gain":0,"player_choice":"Card Removal","damage_taken":7,"max_hp_gain":0,"max_hp_loss":0,"event_name":"Golden Wing","floor":14,"gold_loss":0},{"damage_healed":0,"gold_gain":0,"player_choice":"Ignored","damage_taken":0,"max_hp_gain":0,"max_hp_loss":0,"event_name":"Beggar","floor":20,"gold_loss":0},{"damage_healed":0,"gold_gain":0,"player_choice":"Inject Mutagens","damage_taken":0,"relics_obtained":["MutagenicStrength"],"max_hp_gain":0,"max_hp_loss":0,"event_name":"Drug Dealer","floor":21,"gold_loss":0},{"damage_healed":0,"gold_gain":0,"player_choice":"Traded Relic","damage_taken":0,"relics_obtained":["Nloth\u0027s Gift"],"max_hp_gain":0,"max_hp_loss":0,"event_name":"N\u0027loth","floor":27,"relics_lost":["MutagenicStrength"],"gold_loss":0},{"damage_healed":73,"gold_gain":0,"player_choice":"Heal","damage_taken":0,"max_hp_gain":0,"max_hp_loss":11,"event_name":"The Moai Head","floor":39,"gold_loss":0},{"damage_healed":0,"gold_gain":0,"player_choice":"Memory 1","damage_taken":0,"max_hp_gain":0,"max_hp_loss":0,"event_name":"SensoryStone","floor":41,"gold_loss":0},{"damage_healed":0,"gold_gain":0,"player_choice":"Ignored","damage_taken":0,"max_hp_gain":0,"max_hp_loss":0,"event_name":"Mysterious Sphere","floor":46,"gold_loss":0}],"is_beta":false,"boss_relics":[{"not_picked":["Fusion Hammer","Snecko Eye","Philosopher\u0027s Stone"]},{"not_picked":["Coffee Dripper","Empty Cage"],"picked":"SacredBark"}],"items_purged_floors":[3,3,3,11,11,13,19,37,37],"is_endless":false,"potions_floor_spawned":[2,12,18,36,45],"ascension_level":0}}