{"host":"9373kjg5yrouhim6","time":1608277520,"event":{"mods":["2.2 Compatiblity","AchievementEnabler","Aspiration","BaseMod","Beaked The Cultist","Better Altar","Better Match","Better Note","Better Sensory Stone","Better Skull","Better Third Choice","Colored Map","Colored Powertips","Conspire","Downfall","Friendly Minions","Highlight Path","Hubris","Infinite Spire","Mimic Mod","Minty Spire (QoL Compilation)","Replay The Spire","Spicy Shops","StSLib","The Construct","The Disciple","vexMod"],"gold_per_floor":[199,211,211,52,85,98,146,146,156,156,173,83,83,68,86,186,186,186,89,108,108,137,150,150,150],"floor_reached":24,"playtime":1248,"items_purged":["champ:Execute"],"score":204,"play_id":"248cda71-c9f0-42b5-810f-219b42340674","local_time":"20201218024520","is_ascension_mode":false,"campfire_choices":[{"data":"champ:Taunt","floor":1,"key":"SMITH"},{"data":"champ:FalseCounter","floor":3,"key":"SMITH"},{"data":"champ:Circumvent","floor":10,"key":"SMITH"},{"data":"champ:EnGarde","floor":18,"key":"SMITH"},{"data":"champ:SkillfulDodge","floor":21,"key":"SMITH"}],"circlet_count":0,"master_deck":["champ:Strike","champ:Strike","champ:Strike","champ:Strike","champ:Defend","champ:Defend","champ:Defend","champ:Defend","champ:Taunt+1","champ:FalseCounter+1","champ:ShieldThrow","champ:TornadoPunch","champ:Circumvent+1","champ:TornadoPunch","champ:EnGarde+1","champ:ShieldSlam","champ:SkillfulDodge+1","champ:DefensiveShout","champ:FalseCounter"],"relics":["champ:ChampionCrown","Replay:Baseball","aspiration:Lifesprig","hubris:Icosahedron","Runic Pyramid","Molten Egg 2"],"acts_visited":["Exordium","TheCity"],"potions_floor_usage":[16,16,16,23,23],"damage_taken":[{"damage":7,"enemies":"Cultist","floor":2,"turns":4},{"damage":5,"enemies":"downfall:FleeingMerchant","floor":4,"turns":4},{"damage":9,"enemies":"Small Slimes","floor":5,"turns":7},{"damage":5,"enemies":"Small Slimes","floor":6,"turns":3},{"damage":0,"enemies":"Jaw Worm","floor":9,"turns":3},{"damage":3,"enemies":"Red Slaver","floor":11,"turns":4},{"damage":5,"enemies":"downfall:FleeingMerchant","floor":12,"turns":4},{"damage":1,"enemies":"downfall:FleeingMerchant","floor":14,"turns":4},{"damage":12,"enemies":"Blue Slaver","floor":15,"turns":3},{"damage":14,"enemies":"downfall:Watcher","floor":16,"turns":8},{"damage":10,"enemies":"downfall:FleeingMerchant","floor":19,"turns":4},{"damage":5,"enemies":"Shell Parasite","floor":20,"turns":4},{"damage":56,"enemies":"Book of Stabbing","floor":22,"turns":7},{"damage":10,"enemies":"3 Byrds","floor":23,"turns":7},{"damage":10,"enemies":"Shelled Parasite and Fungi","floor":24,"turns":2}],"seed_played":"-6899055182331947232","potions_obtained":[{"floor":2,"key":"Strength Potion"},{"floor":11,"key":"SteroidPotion"},{"floor":15,"key":"Reflective Coating"},{"floor":16,"key":"champ:OpenerPotion"},{"floor":22,"key":"Weak Potion"}],"is_trial":false,"path_per_floor":["R","M","R","$","MIM","M","T","?","M","R","M","$","?","$","M","B",null,"R","$","M","R","E","M","MIM"],"character_chosen":"THE_CHAMP","items_purchased":["champ:ShieldThrow","champ:SkillfulDodge"],"campfire_rested":0,"item_purchase_floors":[4,19],"current_hp_per_floor":[90,88,88,88,84,84,84,84,84,84,81,81,81,80,68,54,90,90,80,75,75,19,9,0,0],"gold":150,"neow_bonus":"HUNDRED_GOLD","is_daily":false,"chose_seed":false,"campfire_upgraded":5,"win_rate":0.0,"timestamp":1608277520,"path_taken":["R","M","R","$","?","?","T","?","M","R","M","?","?","$","M","BOSS","R","$","M","R","E","M","MIM"],"items_purchased_type":["Card","Card"],"build_version":"2020-12-13","purchased_purges":1,"victory":false,"max_hp_per_floor":[90,90,90,90,90,90,90,90,90,90,90,90,90,90,90,90,90,90,90,90,90,90,90,90,90],"card_choices":[{"not_picked":["champ:FlashCut","champ:GladiatorsShout"],"picked":"champ:FalseCounter","floor":2},{"not_picked":["champ:Shatter","champ:ArenaPreparation","champ:BladeFlurry"],"picked":"SKIP","floor":4},{"not_picked":["champ:Duel","champ:CalledShot","champ:AdrenalArmor"],"picked":"SKIP","floor":6},{"not_picked":["champ:DefensiveShout","champ:StrikeOfGenius"],"picked":"champ:Circumvent","floor":9},{"not_picked":["champ:BladeFlurry","champ:FlashCut"],"picked":"champ:TornadoPunch","floor":11},{"not_picked":["champ:FanOfKnives","champ:FocusedBerserking","champ:Backstep"],"picked":"SKIP","floor":12},{"not_picked":["champ:StanceDance","champ:SkillfulDodge"],"picked":"champ:EnGarde","floor":14},{"not_picked":["champ:ViciousMockery","champ:BladeFlurry","champ:Lariat"],"picked":"SKIP","floor":15},{"not_picked":["champ:MurderStrike","champ:HoldFirm"],"picked":"champ:ShieldSlam","floor":16},{"not_picked":["champ:ViciousMockery+1","champ:EnGarde","champ:PerfectedStrike"],"picked":"SKIP","floor":19},{"not_picked":["champ:GladiatorsShout+1","champ:BringItOn"],"picked":"champ:DefensiveShout","floor":20},{"not_picked":["champ:BladeFlurry+1","champ:AdrenalArmor","champ:IgnorePain"],"picked":"SKIP","floor":22},{"not_picked":["champ:AdrenalArmor","champ:PerfectedStrike+1"],"picked":"champ:FalseCounter","floor":23}],"player_experience":334122,"relics_obtained":[{"floor":5,"key":"Replay:Baseball"},{"floor":7,"key":"aspiration:Lifesprig"},{"floor":22,"key":"Molten Egg 2"}],"event_choices":[],"is_beta":false,"boss_relics":[{"not_picked":["Honey Jar","Runic Dome"],"picked":"Runic Pyramid"}],"items_purged_floors":[12],"is_endless":false,"potions_floor_spawned":[2,11,15,16,22],"killed_by":"Shelled Parasite and Fungi","ascension_level":0}}