{"host":"793o01ijfcni3fr1","time":1608278532,"event":{"mods":["BaseMod","Hermit","Luminous","Marisa????????","Minty Spire (QoL Compilation)","Replay The Spire","StSLib","The Animator","The Cursed","The Gatherer","The Servant 0.9.4"],"gold_per_floor":[113,124,141,106,106,106,130,143,224,136,180,180,199,199,199,340,340,365,365,365,384,384,384,412,412,412,437,470,470,470],"floor_reached":29,"playtime":2793,"items_purged":[],"score":219,"play_id":"a731ece3-ea07-44d4-8e88-444650914c9b","local_time":"20201218110212","is_ascension_mode":false,"campfire_choices":[{"floor":6.0,"key":"REST"},{"floor":15.0,"key":"REST"},{"floor":23.0,"key":"REST"},{"floor":25.0,"key":"REST"}],"circlet_count":0,"master_deck":["Strike_MRS","Strike_MRS","Strike_MRS","Strike_MRS+1","Defend_MRS+1","Defend_MRS","Defend_MRS","Defend_MRS","MasterSpark","UpSweep","WitchLeyline","6A","IllusionStar","OortCloud","WitchOfGreed","DarkSpark","GravityBeat","StarDustReverie","EnergyFlow+1","MillisecondPulsars+1","ShootTheMoon+1","StarlightTyphoon","ChargeUpSpray","GrandCross","DoubleSpark+1"],"relics":["MiniHakkero","Bloody Idol","Frozen Egg 2","Velvet Choker","Sizzling Blood","Ice Cream"],"acts_visited":["Exordium","TheCity"],"potions_floor_usage":[],"damage_taken":[{"damage":11.0,"enemies":"Jaw Worm","floor":1.0,"turns":3.0},{"damage":5.0,"enemies":"Small Slimes","floor":2.0,"turns":2.0},{"damage":7.0,"enemies":"2 Louse","floor":3.0,"turns":3.0},{"damage":9.0,"enemies":"Exordium Wildlife","floor":7.0,"turns":3.0},{"damage":10.0,"enemies":"3 Louse","floor":8.0,"turns":2.0},{"damage":17.0,"enemies":"2 Fungi Beasts","floor":11.0,"turns":3.0},{"damage":4.0,"enemies":"Exordium Wildlife","floor":13.0,"turns":3.0},{"damage":23.0,"enemies":"Fading Forest","floor":16.0,"turns":11.0},{"damage":37.0,"enemies":"3 Byrds","floor":18.0,"turns":6.0},{"damage":19.0,"enemies":"Spheric Guardian","floor":21.0,"turns":4.0},{"damage":43.0,"enemies":"3 Cultists","floor":24.0,"turns":6.0},{"damage":32,"enemies":"Sentry and Sphere","floor":27,"turns":6},{"damage":20,"enemies":"Centurion and Healer","floor":28,"turns":6},{"damage":21,"enemies":"Snake Plant","floor":29,"turns":1}],"seed_played":"-1453908096968896275","potions_obtained":[{"floor":3.0,"key":"DuplicationPotion"},{"floor":11.0,"key":"SpeedPotion"},{"floor":13.0,"key":"Explosive Potion"},{"floor":16.0,"key":"Energy Potion"},{"floor":24.0,"key":"SpeedPotion"},{"floor":24.0,"key":"LiquidMemories"}],"is_trial":false,"path_per_floor":["M","M","M","?","?","R","M","M","T","$","M","?","M","?","R","B",null,"M","?","?","M","?","R","M","R","T","M","M","M"],"character_chosen":"MARISA","items_purchased":["DarkSpark","GravityBeat"],"campfire_rested":4,"item_purchase_floors":[10,10],"current_hp_per_floor":[71,66,59,79,59,82,73,63,63,63,46,30,26,53,77,64,82,45,45,49,34,34,59,25,50,50,27,16,0,0],"gold":470,"neow_bonus":"TEN_PERCENT_HP_BONUS","is_daily":false,"chose_seed":false,"campfire_upgraded":0,"win_rate":0.0,"timestamp":1608278532,"path_taken":["M","M","M","?","?","R","?","M","T","$","M","?","M","?","R","BOSS","M","?","?","M","?","R","?","R","T","M","M","M"],"items_purchased_type":["Card","Card"],"build_version":"2020-12-13","purchased_purges":0,"victory":false,"max_hp_per_floor":[82,82,82,82,82,82,82,82,82,82,82,82,82,82,82,82,82,82,82,86,86,86,86,86,86,86,86,86,86,86],"card_choices":[{"not_picked":["DC","NonDirectionalLaser"],"picked":"WitchLeyline","floor":1.0},{"not_picked":["DeepEcoloBomb","WitchOfGreed"],"picked":"6A","floor":2.0},{"not_picked":["WitchLeyline","DC"],"picked":"IllusionStar","floor":3.0},{"not_picked":["RefractionSpark","6A"],"picked":"OortCloud","floor":7.0},{"not_picked":["ChargingUp","AsteroidBelt"],"picked":"WitchOfGreed","floor":8.0},{"not_picked":["SporeBomb","IllusionStar"],"picked":"StarDustReverie","floor":11.0},{"not_picked":["UnstableBomb","WitchLeyline"],"picked":"EnergyFlow+1","floor":13.0},{"not_picked":["StarDustReverie","ManaRampage"],"picked":"MillisecondPulsars+1","floor":16.0},{"not_picked":["DarkSpark","OrrerysSun+1"],"picked":"ShootTheMoon+1","floor":18.0},{"not_picked":["MachineGunSpark","6A"],"picked":"StarlightTyphoon","floor":21.0},{"not_picked":["DC","6A"],"picked":"ChargeUpSpray","floor":24.0},{"not_picked":["Acceleration+1","DeepEcoloBomb"],"picked":"GrandCross","floor":27},{"not_picked":["BlazeAway","MagicAbsorber"],"picked":"DoubleSpark+1","floor":28}],"player_experience":4313,"relics_obtained":[{"floor":9.0,"key":"Frozen Egg 2"},{"floor":26.0,"key":"Ice Cream"}],"event_choices":[{"damage_healed":20.0,"max_hp_gain":0.0,"max_hp_loss":0.0,"gold_gain":0.0,"event_name":"The Cleric","player_choice":"Healed","floor":4.0,"gold_loss":35.0,"damage_taken":0.0},{"damage_healed":0.0,"max_hp_gain":0.0,"max_hp_loss":0.0,"gold_gain":0.0,"event_name":"Golden Idol","player_choice":"Take Damage","floor":5.0,"gold_loss":0.0,"damage_taken":20.0,"relics_obtained":["Golden Idol"]},{"damage_healed":0.0,"max_hp_gain":0.0,"max_hp_loss":0.0,"gold_gain":0.0,"event_name":"Shining Light","player_choice":"Entered Light","floor":12.0,"gold_loss":0.0,"damage_taken":16.0,"cards_upgraded":["Defend_MRS","Strike_MRS"]},{"damage_healed":27.0,"max_hp_gain":0.0,"max_hp_loss":0.0,"gold_gain":0.0,"event_name":"Big Fish","player_choice":"Banana","floor":14.0,"gold_loss":0.0,"damage_taken":0.0},{"damage_healed":0.0,"max_hp_gain":0.0,"max_hp_loss":0.0,"gold_gain":0.0,"event_name":"Beggar","player_choice":"Ignored","floor":19.0,"gold_loss":0.0,"damage_taken":0.0},{"damage_healed":0.0,"max_hp_gain":0.0,"max_hp_loss":0.0,"gold_gain":0.0,"event_name":"Forgotten Altar","player_choice":"Gave Idol","floor":22.0,"relics_lost":["Golden Idol"],"gold_loss":0.0,"damage_taken":0.0,"relics_obtained":["Bloody Idol"]}],"is_beta":false,"boss_relics":[{"not_picked":["Replay:Drink Me","SlaversCollar"],"picked":"Velvet Choker"}],"items_purged_floors":[],"is_endless":false,"potions_floor_spawned":[3,13,16,24],"killed_by":"Snake Plant","ascension_level":0}}