{"host":"u2dm6glrpyjr66v9","time":1608276458,"event":{"mods":["AchievementEnabler","BaseMod","CapriCore","Colored Map","Colored Powertips","DeckTracker","Friendly Minions","KomeijiMod","Minty Spire (QoL Compilation)","Quick Restart","StSLib","SuperFastMode"],"gold_per_floor":[64,114,114,114,114,130,130,130,161,208,249,249,272,272,308,308,308,308],"floor_reached":16,"playtime":797,"items_purged":[],"score":116,"play_id":"32ede045-a054-43d3-8980-3d53465d18d7","local_time":"20201218162738","daily_mods":["Draft","Heirloom","Time Dilation","Flight","DeadlyEvents","Elite Swarm"],"is_ascension_mode":false,"campfire_choices":[{"data":"SenseofElegance","floor":6,"key":"SMITH"},{"data":"SenseofElegance+1","floor":7,"key":"SMITH"},{"floor":11,"key":"REST"},{"data":"ShanghaiNingyou","floor":13,"key":"SMITH"},{"data":"HelanNingyou","floor":15,"key":"SMITH"}],"circlet_count":0,"master_deck":["NingyouOkisou+1","NingyouKisou+1","SeekerDolls","NingyouSP+1","KouPou+1","SenseofElegance+2","DemonLordCradle","SeekerWire+1","NingyouFukuhei+1","NingyouFukuhei+1","CS_Yuyuko","MusuNoYume","OoedoNingyou+1","DemonLordCradle","NingyouSousou+1","NingyouSP+1","NingyouChiyari+1","Regret","Injury","ShanghaiNingyou+1","SeekerWire+1","HelanNingyou+1"],"relics":["KomeijisEye","SpellCardsRule","MusicBox","Lizard Tail","Thread and Needle","Golden Idol","Letter Opener","CrystalOfMemory","Happy Flower","Meat on the Bone","Bottled Flame"],"acts_visited":["Exordium"],"potions_floor_usage":[10,10,10],"damage_taken":[{"damage":0,"enemies":"2 Louse","floor":1,"turns":1},{"damage":6,"enemies":"Small Slimes","floor":5,"turns":4},{"damage":27,"enemies":"3 Sentries","floor":8,"turns":5},{"damage":29,"enemies":"Lagavulin","floor":10,"turns":5},{"damage":0,"enemies":"Jaw Worm","floor":12,"turns":1},{"damage":12,"enemies":"3 Sentries","floor":14,"turns":6},{"damage":33,"enemies":"The Guardian","floor":16,"turns":9}],"seed_played":"-3449735210434196006","potions_obtained":[{"floor":1,"key":"SteroidPotion"},{"floor":5,"key":"CultistPotion"},{"floor":8,"key":"CalmPotion"}],"is_trial":true,"path_per_floor":["M","?","?","?","M","R","R","E","T","E","R","M","R","E","R","B"],"character_chosen":"KomeijiSatori","items_purchased":[],"campfire_rested":1,"item_purchase_floors":[],"current_hp_per_floor":[3,50,50,50,38,32,32,32,6,6,14,29,30,30,31,31,0,0],"gold":308,"neow_bonus":"","is_daily":false,"chose_seed":false,"campfire_upgraded":4,"win_rate":0.0,"timestamp":1608276458,"path_taken":["M","?","?","?","?","R","R","?","T","E","R","?","R","E","R","BOSS"],"items_purchased_type":[],"build_version":"2020-12-13","purchased_purges":0,"victory":false,"max_hp_per_floor":[50,50,50,50,50,50,50,50,50,50,50,50,50,50,50,50,50,50],"card_choices":[{"not_picked":["TenguNoTaiko","EnMu+1"],"picked":"NingyouOkisou+1","floor":0},{"not_picked":["HagoromoMizu","SuitokuNoKyoryu"],"picked":"NingyouKisou+1","floor":0},{"not_picked":["NingyouKisou+1","DemonLordCradle"],"picked":"SeekerDolls","floor":0},{"not_picked":["HisouNoKen","JyouchiJin+1"],"picked":"NingyouSP+1","floor":0},{"not_picked":["KinbakuJin+1","NingyouFukuhei+1"],"picked":"KouPou+1","floor":0},{"not_picked":["HagoromoKu","ShyakuBuku"],"picked":"SenseofElegance","floor":0},{"not_picked":["HagoromoMizu","Sabishigari+1"],"picked":"DemonLordCradle","floor":0},{"not_picked":["MissingPower","Melting"],"picked":"SeekerWire+1","floor":0},{"not_picked":["HagoromoMizu","NingyouSP+1"],"picked":"NingyouFukuhei+1","floor":0},{"not_picked":["Mishyaguji+1","MusuNoYume"],"picked":"NingyouFukuhei+1","floor":0},{"not_picked":["HagoromoMizu","DochyakuKami+1"],"picked":"MusuNoYume","floor":0},{"not_picked":["NingyouKasou+1","NingyouChiyari+1"],"picked":"OoedoNingyou+1","floor":0},{"not_picked":["ShyakuBuku","Agarareta+1"],"picked":"DemonLordCradle","floor":0},{"not_picked":["NingyouKisou+1","MusuNoYume"],"picked":"NingyouSousou+1","floor":0},{"not_picked":["SuitokuNoKyoryu","Agarareta+1"],"picked":"NingyouSP+1","floor":0},{"not_picked":["KinbakuJin+1","MusuNoYume"],"picked":"NingyouChiyari+1","floor":1},{"not_picked":["DochyakuKami+1","KoKei+1","Mishyaguji+1"],"picked":"SKIP","floor":5},{"not_picked":["MunenMusou","WumiGaWareru"],"picked":"ShanghaiNingyou","floor":8},{"not_picked":["WumiGaWareru","TenguhouSokujitsuken","MusouMyousyu"],"picked":"SKIP","floor":10},{"not_picked":["NingyouSP+1","NingyouOkisou+1"],"picked":"SeekerWire+1","floor":12},{"not_picked":["EverywhereHibernate","LunaticRedEyes"],"picked":"HelanNingyou","floor":14}],"player_experience":112112,"relics_obtained":[{"floor":8,"key":"CrystalOfMemory"},{"floor":9,"key":"Happy Flower"},{"floor":10,"key":"Meat on the Bone"},{"floor":14,"key":"Bottled Flame"}],"event_choices":[{"damage_healed":0,"gold_gain":0,"player_choice":"Box","damage_taken":0,"relics_obtained":["Thread and Needle"],"max_hp_gain":0,"max_hp_loss":0,"event_name":"Big Fish","floor":2,"gold_loss":0,"cards_obtained":["Regret"]},{"damage_healed":0,"gold_gain":0,"player_choice":"Take Wound","damage_taken":0,"relics_obtained":["Golden Idol"],"max_hp_gain":0,"max_hp_loss":0,"event_name":"Golden Idol","floor":3,"gold_loss":0,"cards_obtained":["Injury"]},{"damage_healed":0,"gold_gain":0,"player_choice":"Success","damage_taken":12,"relics_obtained":["Letter Opener"],"max_hp_gain":0,"max_hp_loss":0,"event_name":"Scrap Ooze","floor":4,"gold_loss":0}],"is_beta":false,"boss_relics":[],"items_purged_floors":[],"is_endless":false,"potions_floor_spawned":[1,5,8],"killed_by":"The Guardian","ascension_level":0}}