{"host":"jn2qdns2nxijvlnt","time":1608318117,"event":{"mods":["BaseMod","Minty Spire (QoL Compilation)","Quick Restart"],"gold_per_floor":[115,190,190,207,41,41,70,70,70,96,111,122,150,168,168,241,241,261,33,83,83,83,117,117,145,145,145,157,42,60,79,79,155,155,170,170,170,170,188,215,225,225,252,252,266,282,296,296,296,296,296],"floor_reached":50,"playtime":2446,"items_purged":[],"score":1156,"play_id":"3dac3537-5313-4436-9c55-8f03352cab00","local_time":"20201218140157","is_ascension_mode":true,"campfire_choices":[{"data":"Uppercut","floor":6.0,"key":"SMITH"},{"floor":15.0,"key":"REST"},{"data":"Immolate","floor":24.0,"key":"SMITH"},{"data":"Double Tap","floor":28.0,"key":"SMITH"},{"floor":32.0,"key":"REST"},{"floor":42.0,"key":"REST"},{"floor":44.0,"key":"REST"},{"floor":49.0,"key":"REST"}],"circlet_count":0,"master_deck":["AscendersBane","Strike_R","Strike_R","Strike_R","Strike_R","Strike_R","Defend_R+1","Defend_R","Defend_R","Defend_R","Bash","Armaments+1","Uppercut+1","Heavy Blade","Double Tap+1","Inflame","Immolate+1","Flex+1","Pommel Strike+1","Inflame","Perfected Strike","Offering","Offering+1","Heavy Blade+1"],"relics":["Burning Blood","NeowsBlessing","Bag of Marbles","Nunchaku","Pocketwatch","Bottled Lightning","Juzu Bracelet","Runic Cube","Tiny Chest","Mango","Matryoshka","Bronze Scales","Dead Branch","MawBank","HornCleat","Busted Crown","The Courier","War Paint","Orichalcum"],"acts_visited":["Exordium","TheCity","TheBeyond"],"potions_floor_usage":[],"damage_taken":[{"damage":0.0,"enemies":"Jaw Worm","floor":1.0,"turns":1.0},{"damage":0.0,"enemies":"Small Slimes","floor":4.0,"turns":1.0},{"damage":0.0,"enemies":"Lagavulin","floor":7.0,"turns":1.0},{"damage":24.0,"enemies":"3 Sentries","floor":10.0,"turns":8.0},{"damage":1.0,"enemies":"Cultist","floor":11.0,"turns":5.0},{"damage":8.0,"enemies":"Looter","floor":12.0,"turns":3.0},{"damage":6.0,"enemies":"Gremlin Nob","floor":13.0,"turns":3.0},{"damage":12.0,"enemies":"Blue Slaver","floor":14.0,"turns":3.0},{"damage":43.0,"enemies":"The Guardian","floor":16.0,"turns":7.0},{"damage":15.0,"enemies":"Spheric Guardian","floor":18.0,"turns":5.0},{"damage":0.0,"enemies":"Gremlin Leader","floor":23.0,"turns":3.0},{"damage":7.0,"enemies":"Slavers","floor":25.0,"turns":2.0},{"damage":17.0,"enemies":"2 Thieves","floor":30.0,"turns":2.0},{"damage":8.0,"enemies":"Chosen and Byrds","floor":31.0,"turns":3.0},{"damage":67.0,"enemies":"Champ","floor":33.0,"turns":7.0},{"damage":30.0,"enemies":"3 Shapes","floor":35.0,"turns":3.0},{"damage":6.0,"enemies":"Orb Walker","floor":39.0,"turns":2.0},{"damage":32.0,"enemies":"Reptomancer","floor":40.0,"turns":3.0},{"damage":12.0,"enemies":"Maw","floor":41.0,"turns":4.0},{"damage":21.0,"enemies":"Sphere and 2 Shapes","floor":45.0,"turns":3.0},{"damage":23.0,"enemies":"4 Shapes","floor":46.0,"turns":4.0},{"damage":46.0,"enemies":"Maw","floor":47.0,"turns":6.0},{"damage":52,"enemies":"Time Eater","floor":50,"turns":3}],"seed_played":"-5075538218745522006","potions_obtained":[{"floor":4.0,"key":"EssenceOfSteel"},{"floor":10.0,"key":"Regen Potion"},{"floor":12.0,"key":"Dexterity Potion"},{"floor":13.0,"key":"BlessingOfTheForge"},{"floor":25.0,"key":"SpeedPotion"},{"floor":33.0,"key":"FairyPotion"},{"floor":45.0,"key":"PowerPotion"}],"is_trial":false,"path_per_floor":["M","?","?","M","$","R","E","?","T","E","M","M","E","M","R","B",null,"M","$","?","?","?","E","R","E","T","T","R","$","M","M","R","B",null,"M","?","?","?","M","E","M","R","T","R","M","M","M","T","R","B"],"character_chosen":"IRONCLAD","items_purchased":["Bag of Marbles","Tiny Chest","SteroidPotion","Inflame","Perfected Strike"],"campfire_rested":5,"item_purchase_floors":[5,19,19,29,29],"current_hp_per_floor":[74,63,63,69,69,69,75,75,75,57,75,73,73,67,75,38,66,57,57,57,57,57,77,77,76,76,76,76,76,65,63,89,28,74,50,50,50,50,50,24,18,44,44,70,55,38,25,25,51,0,0],"gold":296,"neow_bonus":"THREE_ENEMY_KILL","is_daily":false,"chose_seed":false,"campfire_upgraded":3,"win_rate":0.0,"timestamp":1608318117,"path_taken":["M","?","?","M","$","R","E","?","T","E","M","M","E","M","R","BOSS","M","$","?","?","?","E","R","E","T","?","R","$","M","M","R","BOSS","M","?","?","?","M","E","M","R","T","R","M","M","M","?","R","BOSS"],"items_purchased_type":["Relic","Relic","Potion","Card","Card"],"build_version":"2020-12-13","purchased_purges":0,"victory":false,"max_hp_per_floor":[75,75,75,75,75,75,75,75,75,75,75,75,75,75,75,75,75,75,75,75,75,75,89,89,89,89,89,89,89,89,89,89,89,89,89,89,89,89,89,89,89,89,89,89,89,89,89,89,89,89,89],"card_choices":[{"not_picked":["Flex","Clothesline"],"picked":"Armaments","floor":1.0},{"not_picked":["Iron Wave","Pommel Strike"],"picked":"Uppercut","floor":4.0},{"not_picked":["Clothesline","Sentinel","Entrench"],"picked":"SKIP","floor":7.0},{"not_picked":["Burning Pact","Clothesline"],"picked":"Heavy Blade","floor":10.0},{"not_picked":["Shrug It Off","True Grit"],"picked":"Double Tap","floor":11.0},{"not_picked":["Rupture","Cleave","Havoc"],"picked":"SKIP","floor":12.0},{"not_picked":["Wild Strike","Heavy Blade"],"picked":"Inflame","floor":13.0},{"not_picked":["Clash","Dark Embrace","Disarm"],"picked":"SKIP","floor":14.0},{"not_picked":["Corruption","Barricade"],"picked":"Immolate","floor":16.0},{"not_picked":["Shockwave+1","Headbutt+1"],"picked":"Flex+1","floor":18.0},{"not_picked":["Carnage","Twin Strike"],"picked":"Pommel Strike+1","floor":23.0},{"not_picked":["Disarm","Feed","True Grit"],"picked":"SKIP","floor":25.0},{"not_picked":["Headbutt","Heavy Blade","Iron Wave"],"picked":"SKIP","floor":30.0},{"not_picked":["Warcry","Thunderclap"],"picked":"Inflame","floor":31.0},{"not_picked":["Barricade","Limit Break"],"picked":"Offering","floor":33.0},{"not_picked":["Warcry"],"picked":"SKIP","floor":35.0},{"not_picked":[],"picked":"Heavy Blade+1","floor":39.0},{"not_picked":["Dual Wield+1"],"picked":"SKIP","floor":40.0},{"not_picked":["Anger+1"],"picked":"SKIP","floor":41.0},{"not_picked":["Pommel Strike"],"picked":"SKIP","floor":45.0},{"not_picked":["Clothesline"],"picked":"SKIP","floor":46.0},{"not_picked":["Body Slam"],"picked":"SKIP","floor":47.0}],"player_experience":429041,"relics_obtained":[{"floor":7.0,"key":"Nunchaku"},{"floor":9.0,"key":"Pocketwatch"},{"floor":10.0,"key":"Bottled Lightning"},{"floor":13.0,"key":"Juzu Bracelet"},{"floor":23.0,"key":"Mango"},{"floor":25.0,"key":"Matryoshka"},{"floor":26.0,"key":"Bronze Scales"},{"floor":26.0,"key":"Dead Branch"},{"floor":27.0,"key":"MawBank"},{"floor":27.0,"key":"HornCleat"},{"floor":40.0,"key":"The Courier"},{"floor":43.0,"key":"War Paint"},{"floor":48.0,"key":"Orichalcum"}],"event_choices":[{"damage_healed":0.0,"max_hp_gain":0.0,"max_hp_loss":0.0,"gold_gain":75.0,"event_name":"World of Goop","player_choice":"Gather Gold","floor":2.0,"gold_loss":0.0,"damage_taken":11.0},{"damage_healed":0.0,"max_hp_gain":0.0,"max_hp_loss":0.0,"gold_gain":0.0,"event_name":"The Cleric","player_choice":"Leave","floor":3.0,"gold_loss":0.0,"damage_taken":0.0},{"damage_healed":0.0,"max_hp_gain":0.0,"max_hp_loss":0.0,"gold_gain":0.0,"event_name":"Living Wall","player_choice":"Grow","floor":8.0,"gold_loss":0.0,"damage_taken":0.0,"cards_upgraded":["Armaments"]},{"damage_healed":0.0,"max_hp_gain":0.0,"max_hp_loss":0.0,"gold_gain":50.0,"event_name":"Golden Shrine","player_choice":"Pray","floor":20.0,"gold_loss":0.0,"damage_taken":0.0},{"damage_healed":0.0,"max_hp_gain":0.0,"max_hp_loss":0.0,"gold_gain":0.0,"event_name":"Forgotten Altar","player_choice":"Smashed Altar","floor":21.0,"gold_loss":0.0,"damage_taken":0.0,"cards_obtained":["Decay"]},{"cards_removed":["Decay"],"damage_healed":0.0,"max_hp_gain":0.0,"max_hp_loss":0.0,"gold_gain":0.0,"event_name":"Back to Basics","player_choice":"Elegance","floor":22.0,"gold_loss":0.0,"damage_taken":0.0},{"damage_healed":0.0,"max_hp_gain":0.0,"max_hp_loss":0.0,"gold_gain":0.0,"event_name":"Duplicator","player_choice":"Copied","floor":36.0,"gold_loss":0.0,"damage_taken":0.0,"cards_obtained":["Offering"]},{"cards_removed":["Inflame"],"damage_healed":0.0,"max_hp_gain":0.0,"max_hp_loss":0.0,"gold_gain":0.0,"event_name":"Falling","player_choice":"Removed Power","floor":37.0,"gold_loss":0.0,"damage_taken":0.0},{"damage_healed":0.0,"max_hp_gain":0.0,"max_hp_loss":0.0,"gold_gain":0.0,"event_name":"SecretPortal","player_choice":"Ignored","floor":38.0,"gold_loss":0.0,"damage_taken":0.0}],"is_beta":false,"boss_relics":[{"not_picked":["Snecko Eye","Runic Pyramid"],"picked":"Runic Cube"},{"not_picked":["Black Star","Empty Cage"],"picked":"Busted Crown"}],"items_purged_floors":[],"is_endless":false,"potions_floor_spawned":[4,10,12,13,25,33,45,46,47],"killed_by":"Time Eater","ascension_level":20}}