{"host":"ocy7z4248lncoz2b","time":1608281687,"event":{"mods":["BaseMod","Beaked The Cultist","Better Match","Better Sensory Stone","Better Third Choice","BetterRewards","Clockwork Mod","Colored Powertips","Conspire","Downfall","Friendly Minions","Highlight Path","Hubris","Infinite Spire","Marisa????????","Mimic Mod","Minty Spire (QoL Compilation)","READ ME - Guardian Mod","Replay The Spire","Shop Mod","Spicy Shops","Spikes Relics","StSLib","SuperFastMode","The Blue Laboratory","The Construct","The Jungle"],"gold_per_floor":[99,99,99,127,127,127,151,151,151,63,75,20,20,36,55,155,155,155,168,195,206,206,206],"floor_reached":22,"playtime":823,"items_purged":[],"score":225,"play_id":"a2a1b2d8-6d8b-4be5-b18c-1de9ef1f1231","local_time":"20201218175447","is_ascension_mode":false,"campfire_choices":[{"data":"Slimebound:CorrosiveSpit","floor":1,"key":"SMITH"},{"data":"Slimebound:SamplingLick","floor":6,"key":"SMITH"},{"data":"Slimebound:LevelUp","floor":9,"key":"SMITH"}],"circlet_count":0,"master_deck":["Slimebound:Strike_Slimebound","Slimebound:Strike_Slimebound","Slimebound:Tackle","Slimebound:Defend_Slimebound","Slimebound:Defend_Slimebound","Slimebound:Defend_Slimebound","Slimebound:Defend_Slimebound","Slimebound:Split","Slimebound:CorrosiveSpit+1","Slimebound:LevelUp+1","Slimebound:FinishingTackle","Slimebound:SamplingLick+1","Slimebound:LeechEnergy","Pain","Slimebound:OozeBath","Slimebound:RejuvenatingLick","Slimebound:SlimeTap","Slimebound:Schlurp","Slimebound:LivingWall","Replay:Fractal Strike","Slimebound:Replication","Slimebound:DivideAndConquer","Slimebound:OozeBath","Slimebound:LivingWall","Slimebound:SamplingLick"],"relics":["Slimebound:AbsorbEndCombat","downfall:HeartsMalice","conspire:TopHat","Replay:Baseball","WarpedTongs","Runic Pyramid","infinitespire:Broken Mirror"],"acts_visited":["Exordium","TheCity"],"potions_floor_usage":[16,16,16,20],"damage_taken":[{"damage":0,"enemies":"Small Slimes","floor":2,"turns":1},{"damage":0,"enemies":"Lagavulin","floor":4,"turns":1},{"damage":0,"enemies":"Cultist","floor":5,"turns":1},{"damage":24,"enemies":"downfall:FleeingMerchant","floor":10,"turns":4},{"damage":10,"enemies":"Jaw Worm","floor":11,"turns":2},{"damage":25,"enemies":"downfall:FleeingMerchant","floor":12,"turns":4},{"damage":21,"enemies":"Large Slime","floor":14,"turns":5},{"damage":11,"enemies":"2 Fungi Beasts","floor":15,"turns":4},{"damage":50,"enemies":"downfall:Watcher","floor":16,"turns":9},{"damage":46,"enemies":"Chosen","floor":19,"turns":6},{"damage":37,"enemies":"Slavers","floor":20,"turns":7},{"damage":53,"enemies":"3 Cultists","floor":21,"turns":6},{"damage":17,"enemies":"downfall:FleeingMerchant","floor":22,"turns":2}],"seed_played":"-1395347253896595678","potions_obtained":[{"floor":4,"key":"blueLaboratory:LouseDecoction"},{"floor":11,"key":"Weak Potion"},{"floor":14,"key":"Explosive Potion"},{"floor":19,"key":"Elixir"}],"is_trial":false,"path_per_floor":["R","M","?","E","M","R","T","?","R","$","M","$","?","M","M","B",null,"R","M","E","M","$"],"character_chosen":"SLIMEBOUND","items_purchased":["Slimebound:RejuvenatingLick","Slimebound:LivingWall"],"campfire_rested":0,"item_purchase_floors":[10,12],"current_hp_per_floor":[60,60,60,60,60,60,60,60,60,59,59,49,34,35,46,38,60,60,31,24,9,0,0],"gold":206,"neow_bonus":"THREE_ENEMY_KILL","is_daily":false,"chose_seed":false,"campfire_upgraded":3,"win_rate":0.0,"timestamp":1608281687,"path_taken":["R","M","?","E","?","R","T","?","R","?","M","$","?","M","M","BOSS","R","M","E","M","?"],"items_purchased_type":["Card","Card"],"build_version":"2020-12-13","purchased_purges":0,"victory":false,"max_hp_per_floor":[60,60,60,60,60,60,60,60,60,60,60,60,60,60,60,60,60,60,60,60,60,60,60],"card_choices":[{"not_picked":["Slimebound:Prepare","Slimebound:HauntingLick"],"picked":"Slimebound:LevelUp","floor":2},{"not_picked":["Slimebound:ViciousTackle","Slimebound:MassRepurpose"],"picked":"Slimebound:SamplingLick","floor":4},{"not_picked":["Slimebound:LeechingTouch","Slimebound:RollThrough"],"picked":"Slimebound:LeechEnergy","floor":5},{"not_picked":["Slimebound:SplitLeeching","Slimebound:BestDefense"],"picked":"Slimebound:OozeBath","floor":10},{"not_picked":["Slimebound:GoopSpray","Slimebound:RollThrough"],"picked":"Slimebound:SlimeTap","floor":11},{"not_picked":["Slimebound:GrowthPunch","Slimebound:SplitBruiser"],"picked":"Slimebound:Schlurp","floor":12},{"not_picked":["hubris:Fate","ReplayTheSpireMod:??????????????????????"],"picked":"Replay:Fractal Strike","floor":13},{"not_picked":["Slimebound:SlimeBrawl","Slimebound:LeechingTouch"],"picked":"Slimebound:Replication","floor":14},{"not_picked":["Slimebound:SplitBruiser","Slimebound:ViciousTackle"],"picked":"Slimebound:DivideAndConquer","floor":15},{"not_picked":["Slimebound:MassRepurpose","Slimebound:MinionMaster"],"picked":"Slimebound:OozeBath","floor":16},{"not_picked":["Slimebound:LeechingTouch","Slimebound:DivideAndConquer+1"],"picked":"Slimebound:LivingWall","floor":19},{"not_picked":["Slimebound:FlameTackle+1","Slimebound:SlimeBrawl","Slimebound:FinishingTackle"],"picked":"SKIP","floor":20},{"not_picked":["Slimebound:FirmFortitude","Slimebound:ComboTackle"],"picked":"Slimebound:SamplingLick","floor":21}],"player_experience":263563,"relics_obtained":[{"floor":4,"key":"conspire:TopHat"},{"floor":7,"key":"Replay:Baseball"},{"floor":20,"key":"infinitespire:Broken Mirror"}],"event_choices":[{"damage_healed":0,"gold_gain":0,"cards_transformed":["Slimebound:Strike_Slimebound"],"player_choice":"Transformed","damage_taken":0,"max_hp_gain":0,"max_hp_loss":0,"event_name":"Transmorgrifier","floor":3,"gold_loss":0,"cards_obtained":["Slimebound:FinishingTackle"]},{"damage_healed":0,"gold_gain":0,"player_choice":"Rummage","damage_taken":0,"relics_obtained":["WarpedTongs"],"max_hp_gain":0,"max_hp_loss":0,"event_name":"Accursed Blacksmith","floor":8,"gold_loss":0,"cards_obtained":["Pain"]}],"is_beta":false,"boss_relics":[{"not_picked":["hubris:ScarierMask","hubris:RunicObelisk"],"picked":"Runic Pyramid"}],"items_purged_floors":[],"is_endless":false,"potions_floor_spawned":[4,11,14,19],"killed_by":"downfall:FleeingMerchant","ascension_level":0}}