{"host":"g7i5n6mgt0ag3exa","time":1608252001,"event":{"mods":["AchievementEnabler","BaseMod","Bestiary","Better Note","Block Reminder","Colored Powertips","Filter the Spire","GifTheSpireLib","Highlight Path","Minty Spire (QoL Compilation)","Permanent Neow","Practice Mode","Quick Restart","Rare Cards Sparkle","Relic Stats","StSLib","Uncapped"],"gold_per_floor":[112,112,126,76,93,93,122,122,122,197,197,197,45,62,62,157,157,170,21,38,56,56,56,56,56],"floor_reached":24,"playtime":1152,"items_purged":["Strike_B"],"score":204,"play_id":"21f56bf4-e779-4118-850f-43391ebe9615","local_time":"20201217184001","is_ascension_mode":true,"campfire_choices":[{"data":"Dualcast","floor":6.0,"key":"SMITH"},{"data":"Zap","floor":8.0,"key":"SMITH"},{"floor":12.0,"key":"REST"},{"floor":15.0,"key":"REST"},{"data":"Fission","floor":23,"key":"SMITH"}],"circlet_count":0,"master_deck":["Strike_B+1","Defend_B","Defend_B+1","Zap+1","Dualcast+1","White Noise","Consume","Fusion","Rainbow","Fission+1","Coolheaded","Loop+1"],"relics":["Inserter","Lizard Tail","Gambling Chip","Empty Cage"],"acts_visited":["Exordium","TheCity"],"potions_floor_usage":[24],"damage_taken":[{"damage":0.0,"enemies":"2 Louse","floor":1.0,"turns":3.0},{"damage":0.0,"enemies":"Small Slimes","floor":3.0,"turns":3.0},{"damage":3.0,"enemies":"Jaw Worm","floor":5.0,"turns":2.0},{"damage":38.0,"enemies":"Gremlin Nob","floor":7.0,"turns":4.0},{"damage":4.0,"enemies":"Exordium Thugs","floor":14.0,"turns":4.0},{"damage":63,"enemies":"The Guardian","floor":16,"turns":10},{"damage":3,"enemies":"Spheric Guardian","floor":18,"turns":4},{"damage":23,"enemies":"Shell Parasite","floor":20,"turns":5},{"damage":12,"enemies":"Centurion and Healer","floor":21,"turns":4},{"damage":41,"enemies":"Slavers","floor":24,"turns":4}],"seed_played":"5991168381375166039","potions_obtained":[{"floor":1.0,"key":"BlessingOfTheForge"},{"floor":21,"key":"SteroidPotion"}],"is_trial":false,"path_per_floor":["M","?","M","?","M","R","E","R","T","?","?","R","$","M","R","B",null,"M","$","M","M","?","R","E"],"character_chosen":"DEFECT","items_purchased":["Consume","Fission"],"campfire_rested":2,"item_purchase_floors":[13,19],"current_hp_per_floor":[75,75,75,75,72,72,34,34,34,23,8,30,30,26,48,23,75,72,72,49,37,37,37,0,0],"gold":56,"neow_bonus":"BOSS_RELIC","is_daily":false,"chose_seed":false,"campfire_upgraded":3,"win_rate":0.0,"timestamp":1608252001,"path_taken":["M","?","M","?","M","R","E","R","T","?","?","R","$","M","R","BOSS","M","$","M","M","?","R","E"],"items_purchased_type":["Card","Card"],"build_version":"2020-12-13","purchased_purges":1,"victory":false,"max_hp_per_floor":[75,75,75,75,75,75,75,75,75,75,75,75,75,75,75,75,75,75,75,75,75,75,75,75,75],"relic_stats":{"Lizard Tail":37,"Inserter":[21],"counters":[10,43],"Gambling Chip":[10],"obtain_stats":[{"Lizard Tail":7,"Inserter":0,"Gambling Chip":9,"Cracked Core":0,"Empty Cage":17},{"Lizard Tail":4,"Inserter":0,"Gambling Chip":4,"Cracked Core":0,"Empty Cage":6},{"Lizard Tail":12,"Inserter":0,"Gambling Chip":12,"Cracked Core":0,"Empty Cage":26}]},"card_choices":[{"not_picked":["Storm","Redo","Sweeping Beam"],"picked":"SKIP","floor":1.0},{"not_picked":["Rebound","Sweeping Beam","Streamline"],"picked":"SKIP","floor":3.0},{"not_picked":["Double Energy","Sweeping Beam"],"picked":"White Noise","floor":5.0},{"not_picked":["Streamline","Force Field","Rip and Tear"],"picked":"SKIP","floor":7.0},{"not_picked":["Streamline","Compile Driver"],"picked":"Fusion","floor":14.0},{"not_picked":["Machine Learning","Core Surge"],"picked":"Rainbow","floor":16},{"not_picked":["Steam","Storm","Barrage+1"],"picked":"SKIP","floor":18},{"not_picked":["Genetic Algorithm","Storm"],"picked":"Coolheaded","floor":20},{"not_picked":["Capacitor","Gash"],"picked":"Loop+1","floor":21}],"player_experience":60424,"relics_obtained":[{"floor":7.0,"key":"Lizard Tail"},{"floor":9.0,"key":"Gambling Chip"}],"event_choices":[{"cards_removed":["Defend_B"],"damage_healed":0.0,"max_hp_gain":0.0,"max_hp_loss":0.0,"gold_gain":0.0,"event_name":"Living Wall","player_choice":"Forget","floor":2.0,"gold_loss":0.0,"damage_taken":0.0},{"cards_removed":["Defend_B"],"damage_healed":0.0,"max_hp_gain":0.0,"max_hp_loss":0.0,"gold_gain":0.0,"event_name":"The Cleric","player_choice":"Card Removal","floor":4.0,"gold_loss":50.0,"damage_taken":0.0},{"damage_healed":0.0,"max_hp_gain":0.0,"max_hp_loss":0.0,"gold_gain":75.0,"event_name":"World of Goop","player_choice":"Gather Gold","floor":10.0,"gold_loss":0.0,"damage_taken":11.0},{"damage_healed":0.0,"max_hp_gain":0.0,"max_hp_loss":0.0,"gold_gain":0.0,"event_name":"Shining Light","player_choice":"Entered Light","floor":11.0,"gold_loss":0.0,"damage_taken":15.0,"cards_upgraded":["Strike_B","Defend_B"]},{"cards_removed":["Defend_B"],"damage_healed":0,"gold_gain":0,"player_choice":"Give","damage_taken":0,"max_hp_gain":0,"max_hp_loss":0,"event_name":"betterNote:BetterNote","floor":22,"gold_loss":0,"cards_obtained":["Strike_R"]}],"is_beta":false,"boss_relics":[{"not_picked":["Coffee Dripper","Ectoplasm"],"picked":"Empty Cage"}],"items_purged_floors":[13],"is_endless":false,"potions_floor_spawned":[1,21],"killed_by":"Slavers","ascension_level":1}}