{"host":"hn9kwncajibu2nw8","time":1608279916,"event":{"mods":["AchievementEnabler","BaseMod","Block Reminder","Colored Powertips","DeckTracker","Highlight Path","KOR Keyword Fix","Minty Spire (QoL Compilation)","Quick Restart","Rare Cards Sparkle"],"gold_per_floor":[114,132,151,151,164,164,15,15,15,46,46,80,103,123,123,123,123],"floor_reached":16,"playtime":578,"items_purged":["Strike_R"],"score":157,"play_id":"4f1f33d5-1fa9-4789-a2cc-343fe0bcc1b5","local_time":"20201218172516","is_ascension_mode":true,"campfire_choices":[{"data":"Body Slam","floor":6.0,"key":"SMITH"},{"data":"Strike_R","floor":15,"key":"PURGE"}],"circlet_count":0,"master_deck":["Strike_R","Strike_R","Strike_R","Defend_R","Defend_R","Defend_R","Defend_R","Bash","Iron Wave","True Grit+1","Body Slam+1","Havoc","Metallicize","Double Tap","Disarm","Feel No Pain"],"relics":["Burning Blood","Letter Opener","PreservedInsect","Art of War","Golden Idol","Peace Pipe"],"acts_visited":["Exordium"],"potions_floor_usage":[16],"damage_taken":[{"damage":15.0,"enemies":"Jaw Worm","floor":1.0,"turns":6.0},{"damage":7.0,"enemies":"Small Slimes","floor":2.0,"turns":4.0},{"damage":0.0,"enemies":"2 Louse","floor":3.0,"turns":2.0},{"damage":10.0,"enemies":"2 Fungi Beasts","floor":5.0,"turns":5.0},{"damage":24.0,"enemies":"Gremlin Nob","floor":10.0,"turns":4.0},{"damage":4.0,"enemies":"3 Sentries","floor":12.0,"turns":7.0},{"damage":0.0,"enemies":"Blue Slaver","floor":13.0,"turns":4.0},{"damage":7,"enemies":"Large Slime","floor":14,"turns":6},{"damage":42,"enemies":"Slime Boss","floor":16,"turns":9}],"seed_played":"-5203475398517251082","potions_obtained":[{"floor":1.0,"key":"Swift Potion"},{"floor":10.0,"key":"Swift Potion"},{"floor":12.0,"key":"Fire Potion"},{"floor":13.0,"key":"Weak Potion"}],"is_trial":false,"path_per_floor":["M","M","M","?","M","R","$","?","T","E","?","E","M","M","R","B"],"character_chosen":"IRONCLAD","items_purchased":["Metallicize"],"campfire_rested":0,"item_purchase_floors":[7],"current_hp_per_floor":[58,57,63,63,59,59,59,59,59,41,41,43,49,48,48,6,6],"gold":123,"neow_bonus":"TWENTY_PERCENT_HP_BONUS","is_daily":false,"chose_seed":false,"campfire_upgraded":1,"win_rate":0.0,"timestamp":1608279916,"path_taken":["M","M","M","?","M","R","$","?","T","E","?","E","M","M","R","BOSS"],"items_purchased_type":["Card"],"build_version":"2020-12-13","purchased_purges":1,"victory":false,"max_hp_per_floor":[96,96,96,96,96,96,96,96,96,96,89,89,89,89,89,89,89],"card_choices":[{"not_picked":["Sword Boomerang","Twin Strike"],"picked":"Iron Wave","floor":1.0},{"not_picked":["Thunderclap","Headbutt"],"picked":"True Grit","floor":2.0},{"not_picked":["Iron Wave","Sentinel"],"picked":"Body Slam","floor":3.0},{"not_picked":["Flex","Body Slam"],"picked":"Havoc","floor":5.0},{"not_picked":["Headbutt","True Grit"],"picked":"Double Tap","floor":10.0},{"not_picked":["Wild Strike","Shockwave"],"picked":"Disarm","floor":12.0},{"not_picked":["Headbutt","Bloodletting","Perfected Strike"],"picked":"SKIP","floor":13.0},{"not_picked":["Battle Trance","Havoc"],"picked":"Feel No Pain","floor":14}],"player_experience":471379,"relics_obtained":[{"floor":9.0,"key":"PreservedInsect"},{"floor":10.0,"key":"Art of War"},{"floor":12.0,"key":"Peace Pipe"}],"event_choices":[{"damage_healed":0.0,"max_hp_gain":0.0,"max_hp_loss":0.0,"gold_gain":0.0,"event_name":"Living Wall","player_choice":"Grow","floor":4.0,"gold_loss":0.0,"damage_taken":0.0,"cards_upgraded":["True Grit"]},{"damage_healed":0.0,"max_hp_gain":0.0,"max_hp_loss":0.0,"gold_gain":0.0,"event_name":"Dead Adventurer","player_choice":"Searched \u00271\u0027 times","floor":8.0,"gold_loss":0.0,"damage_taken":0.0,"relics_obtained":["Letter Opener"]},{"damage_healed":0.0,"max_hp_gain":0.0,"max_hp_loss":7.0,"gold_gain":0.0,"event_name":"Golden Idol","player_choice":"Lose Max HP","floor":11.0,"gold_loss":0.0,"damage_taken":0.0,"relics_obtained":["Golden Idol"]}],"is_beta":false,"boss_relics":[],"items_purged_floors":[7],"is_endless":false,"potions_floor_spawned":[1,10,12,13],"killed_by":"Slime Boss","ascension_level":8}}