{"host":"3h5qf14xt40jhha0","time":1608266483,"event":{"mods":["AlwaysNeverKeys","BaseMod","Colored Powertips","Minty Spire (QoL Compilation)","Permanent Neow","Relic Stats","StSLib"],"gold_per_floor":[119,134,134,147,160,186,136,136,136],"floor_reached":8,"playtime":336,"items_purged":[],"score":87,"play_id":"2b34a75d-885c-424b-b63d-46426c9c04af","local_time":"20201217234123","is_ascension_mode":true,"campfire_choices":[],"circlet_count":0,"master_deck":["AscendersBane","Strike_R","Strike_R","Strike_R","Defend_R","Defend_R","Defend_R","Defend_R","Bash","Carnage","Clothesline","Armaments","Twin Strike"],"relics":["Burning Blood","Mummified Hand"],"acts_visited":["Exordium"],"potions_floor_usage":[8],"damage_taken":[{"damage":7,"enemies":"Jaw Worm","floor":1,"turns":3},{"damage":0,"enemies":"Cultist","floor":2,"turns":2},{"damage":7,"enemies":"Small Slimes","floor":4,"turns":3},{"damage":9,"enemies":"Blue Slaver","floor":5,"turns":4},{"damage":29,"enemies":"3 Sentries","floor":6,"turns":10},{"damage":10,"enemies":"Lagavulin","floor":8,"turns":4}],"seed_played":"8174637104590657816","potions_obtained":[{"floor":4,"key":"DistilledChaos"},{"floor":6,"key":"CultistPotion"}],"is_trial":false,"path_per_floor":["M","M","?","M","M","E","?","E"],"character_chosen":"IRONCLAD","items_purchased":[],"campfire_rested":0,"item_purchase_floors":[],"current_hp_per_floor":[71,77,77,76,73,50,50,40,40],"gold":136,"neow_bonus":"THREE_CARDS","is_daily":false,"chose_seed":true,"campfire_upgraded":0,"win_rate":0.0,"timestamp":1608266483,"path_taken":["M","M","?","?","M","E","?","E"],"items_purchased_type":[],"build_version":"2020-12-13","purchased_purges":0,"victory":false,"max_hp_per_floor":[80,80,80,80,80,80,80,80,80],"relic_stats":{"counters":[6,26],"Mummified Hand":[0],"obtain_stats":[{"Mummified Hand":6,"Burning Blood":0},{"Mummified Hand":5,"Burning Blood":0},{"Mummified Hand":22,"Burning Blood":0}],"Burning Blood":30},"card_choices":[{"not_picked":["Body Slam","Warcry"],"picked":"Carnage","floor":0},{"not_picked":["Heavy Blade","Pummel","Searing Blow"],"picked":"SKIP","floor":1},{"not_picked":["Warcry","Clash","Wild Strike"],"picked":"SKIP","floor":2},{"not_picked":["Power Through","Wild Strike"],"picked":"Clothesline","floor":4},{"not_picked":["Twin Strike","Body Slam"],"picked":"Armaments","floor":5},{"not_picked":["Sever Soul","Clothesline"],"picked":"Twin Strike","floor":6}],"player_experience":1255384,"relics_obtained":[{"floor":6,"key":"Mummified Hand"}],"event_choices":[{"cards_removed":["Strike_R"],"damage_healed":0,"gold_gain":0,"player_choice":"Purged","damage_taken":0,"max_hp_gain":0,"max_hp_loss":0,"event_name":"Purifier","floor":3,"gold_loss":0},{"cards_removed":["Strike_R"],"damage_healed":0,"gold_gain":0,"player_choice":"Card Removal","damage_taken":0,"max_hp_gain":0,"max_hp_loss":0,"event_name":"The Cleric","floor":7,"gold_loss":50}],"is_beta":false,"boss_relics":[],"items_purged_floors":[],"is_endless":false,"potions_floor_spawned":[4,6],"killed_by":"Lagavulin","ascension_level":10}}