{"host":"llpusn9usp8rznkj","time":1608268915,"event":{"mods":["2.2 Compatiblity","BaseMod","Colored Map","Colored Powertips","Conspire","Downfall","Hubris","Minty Spire (QoL Compilation)","Rare Cards Sparkle","Replay The Spire","StSLib","The Cursed"],"gold_per_floor":[15,15,15,29,79,79,110,128,128,154,154,167,242,272,272,349,349,365,345,363,363,374,384,395,405,405,405,82,114,39,88,88,166,166,166,166],"floor_reached":35,"playtime":1822,"items_purged":["Strike_R"],"score":840,"play_id":"ad592b48-d4b0-4d27-a2eb-5933b78ca8de","local_time":"20201218002155","is_ascension_mode":true,"campfire_choices":[{"data":"expansioncontent:QuickStudy","floor":6,"key":"SMITH"},{"data":"Armaments","floor":11,"key":"SMITH"},{"data":"Bash","floor":15,"key":"SMITH"},{"floor":27,"key":"DIG"}],"circlet_count":0,"master_deck":["AscendersBane","Bash+1","expansioncontent:QuickStudy+1","Flex","Armaments+1","Pommel Strike","Evolve","Reaper+1","Disarm","Sword Boomerang","Limit Break","hubris:StunningStrike","Disarm","ReplayTheSpireMod:Limb From Limb","Demonic Infusion","Second Wind","Disarm"],"relics":["Burning Blood","ReplayTheSpireMod:Lightbulb","Replay:Mystery Machine","ReplayTheSpireMod:Shallot","Replay:Multitool","Coffee Dripper","conspire:Flyswatter","conspire:TopHat","conspire:InfiniteJournal","Mercury Hourglass","Replay:Wax Seal","Pandora\u0027s Box"],"acts_visited":["Exordium","TheCity","TheBeyond"],"potions_floor_usage":[10,14,16,20,29,33],"damage_taken":[{"damage":2.0,"enemies":"Small Slimes","floor":1.0,"turns":4.0},{"damage":1.0,"enemies":"2 Louse","floor":4.0,"turns":2.0},{"damage":10,"enemies":"3 Sentries","floor":7,"turns":4},{"damage":0,"enemies":"Cultist","floor":8,"turns":2},{"damage":15,"enemies":"Lagavulin","floor":10,"turns":5},{"damage":6,"enemies":"Large Slime","floor":12,"turns":4},{"damage":0,"enemies":"3 Sentries","floor":14,"turns":7},{"damage":34,"enemies":"Slime Boss","floor":16,"turns":15},{"damage":37,"enemies":"3 Byrds","floor":18,"turns":7},{"damage":11,"enemies":"Spheric Guardian","floor":20,"turns":4},{"damage":0,"enemies":"Cultist and Chosen","floor":22,"turns":4},{"damage":10,"enemies":"Chosen and Byrds","floor":23,"turns":5},{"damage":0,"enemies":"Snake Plant","floor":24,"turns":5},{"damage":18,"enemies":"Cultist and Chosen","floor":25,"turns":6},{"damage":24,"enemies":"Book of Stabbing","floor":29,"turns":5},{"damage":42,"enemies":"conspire:MysteriousRune","floor":33,"turns":7},{"damage":0,"enemies":"3 Darklings","floor":35,"turns":1}],"seed_played":"-8930790840059741388","potions_obtained":[{"floor":7,"key":"Regen Potion"},{"floor":10,"key":"PowerPotion"},{"floor":14,"key":"LiquidMemories"},{"floor":19,"key":"HeartOfIron"},{"floor":23,"key":"SteroidPotion"},{"floor":25,"key":"Milkshake"},{"floor":29,"key":"DuplicationPotion"},{"floor":33,"key":"SpeedPotion"}],"is_trial":false,"path_per_floor":["M","$","?","M","?","R","E","M","T","E","R","M","?","E","R","B",null,"M","?","M","?","M","M","M","M","T","R","$","E","$","T","R_BF","B",null,"M"],"character_chosen":"IRONCLAD","items_purchased":["conspire:InfiniteJournal"],"campfire_rested":0,"item_purchase_floors":[28],"current_hp_per_floor":[72,72,65,70,63,63,59,65,65,65,65,65,54,60,60,32,64,44,44,39,39,45,51,64,63,63,63,63,48,48,48,70,39,66,66,66],"gold":166,"neow_bonus":"RANDOM_COLORLESS_2","is_daily":false,"chose_seed":false,"campfire_upgraded":3,"win_rate":0.0,"timestamp":1608268915,"path_taken":["M","$","?","M","?","R","E","M","T","E","R","?","?","E","R","BOSS","M","?","?","?","?","M","?","M","T","R","?","E","$","?","R_BF","BOSS","M"],"items_purchased_type":["Relic"],"build_version":"2020-12-13","purchased_purges":1,"victory":false,"max_hp_per_floor":[75,75,75,75,75,75,75,75,75,75,75,75,75,75,75,75,75,75,75,75,75,75,75,75,75,75,75,75,75,75,75,75,75,75,75,75],"card_choices":[{"not_picked":["Midas Touch","Sadistic Nature"],"picked":"expansioncontent:QuickStudy","floor":0.0},{"not_picked":["ReplayTheSpireMod:Strike From Hell","Thunderclap"],"picked":"Flex","floor":1.0},{"not_picked":["Iron Wave","Flex","hubris:ReadiedAction"],"picked":"SKIP","floor":4.0},{"not_picked":["Clash","Infernal Blade"],"picked":"Armaments","floor":7},{"not_picked":["Wild Strike","hubris:SharpeningStone"],"picked":"Pommel Strike","floor":8},{"not_picked":["Wild Strike","Seeing Red","True Grit"],"picked":"SKIP","floor":10},{"not_picked":["Sword Boomerang","Cleave"],"picked":"Evolve","floor":12},{"not_picked":["Thunderclap","Massacre","conspire:HitWhereItHurts"],"picked":"SKIP","floor":14},{"not_picked":["Eclipse","Barricade"],"picked":"Reaper","floor":16},{"not_picked":["Replay:Undeath\u0027s Touch","Clothesline"],"picked":"Disarm","floor":18},{"not_picked":["Cleave","Sword Boomerang","Flame Barrier"],"picked":"SKIP","floor":20},{"not_picked":["Thunderclap","ReplayTheSpireMod:Stacked","Flex"],"picked":"SKIP","floor":22},{"not_picked":["Clothesline","Thunderclap","Flex"],"picked":"SKIP","floor":23},{"not_picked":["Body Slam","Anger"],"picked":"Sword Boomerang","floor":24},{"not_picked":["Cleave","Heavy Blade","Searing Blow"],"picked":"SKIP","floor":25},{"not_picked":["Fiend Fire","hubris:ReadiedAction","Headbutt"],"picked":"SKIP","floor":29},{"not_picked":["Double Tap","Juggernaut"],"picked":"Limit Break","floor":33}],"player_experience":1076442,"relics_obtained":[{"floor":7,"key":"ReplayTheSpireMod:Lightbulb"},{"floor":9,"key":"Replay:Mystery Machine"},{"floor":10,"key":"ReplayTheSpireMod:Shallot"},{"floor":14,"key":"Replay:Multitool"},{"floor":26,"key":"conspire:Flyswatter"},{"floor":27,"key":"conspire:TopHat"},{"floor":29,"key":"Mercury Hourglass"},{"floor":31,"key":"Replay:Wax Seal"}],"event_choices":[{"cards_removed":["Strike_R"],"damage_healed":0.0,"max_hp_gain":0.0,"max_hp_loss":0.0,"gold_gain":0.0,"event_name":"Golden Wing","player_choice":"Card Removal","floor":3.0,"gold_loss":0.0,"damage_taken":7.0},{"damage_healed":0,"gold_gain":50,"player_choice":"Touch","damage_taken":7,"max_hp_gain":0,"max_hp_loss":0,"event_name":"FaceTrader","floor":5,"gold_loss":0},{"damage_healed":0,"gold_gain":75,"player_choice":"Gather Gold","damage_taken":11,"max_hp_gain":0,"max_hp_loss":0,"event_name":"World of Goop","floor":13,"gold_loss":0},{"damage_healed":0,"gold_gain":0,"player_choice":"Bought 1 Potion","damage_taken":0,"max_hp_gain":0,"max_hp_loss":0,"event_name":"The Woman in Blue","floor":19,"gold_loss":0},{"cards_removed":["Strike_R"],"damage_healed":0,"gold_gain":0,"player_choice":"Purged","damage_taken":0,"max_hp_gain":0,"max_hp_loss":0,"event_name":"Purifier","floor":21,"gold_loss":0}],"is_beta":false,"boss_relics":[{"not_picked":["hubris:CrackedHourglass","conspire:RoyalGoblet"],"picked":"Coffee Dripper"},{"not_picked":["Abe\u0027s Treasure","Fusion Hammer"],"picked":"Pandora\u0027s Box"}],"items_purged_floors":[30],"is_endless":false,"potions_floor_spawned":[7,10,14,23,25,29,33],"killed_by":"3 Darklings","ascension_level":20}}