{"host":"02w9hl92h62kgkzk","time":1608289677,"event":{"mods":["2.2 Compatiblity","AchievementEnabler","Act Like it!","AlwaysNeverKeys","Aspiration","Bard","BaseMod","Better Altar","Better Match","Better Note","Better Sensory Stone","Better Skull","Better Third Choice","Better Vampires","BetterRewards","Block Reminder","CCEM","ChefMod","Colored Map","Colored Powertips","Conspire","Downfall","Ekko","Elementarium","Emptier Cage","Energized Spire","Friendly Minions","FruityMod","Gensokyo","GifTheSpireLib","Halation","Hallownest","Hermit","Hubris","Jorbs\u0027s Wanderer Trilogy","Magitek Elite","Marisa????????","Marked Mod","Minty Spire (QoL Compilation)","Permanent Neow","QueenMod","Quick Restart","Random Character Mod","Rare Cards Sparkle","Replay The Spire","Retaliation","Reworked Bosses","Robot Space Explorer","SIMod","Shade Mod","Shop Mod","Spicy Shops","Spikes Relics","StSLib","Stuff the Spire","Synergy Search","The Administrix","The Animator","The Blackbeard","The Blue Laboratory","The Bug Knight","The Construct","The Cursed","The Death Knight","The Disciple","The Factory","The Florist","The Forsaken","The Gatherer","The Hayseed","The Hierophant","The Jungle","The Runesmith","The Valiant","The Wild Card","TheHero","TheVacant","Trackpad","Transform Curses","Unceasing Turn Reminder","Wandering Minibosses","thorton","vexMod"],"gold_per_floor":[112,129,140,151,151,151,168,133,158,158,172,192,215,215,215,310,310,323,752,572,572,45,74,85,76,76,86,113,113,0,20,20,125,125,137,137,155,170,170,54,88,88,88,88,118,118,130,146,146,146],"floor_reached":51,"playtime":1534,"items_purged":["Gatherer:Snatch"],"score":837,"play_id":"3a45beb0-dfae-40d9-a525-5497e71e563e","local_time":"20201218050757","daily_mods":["Draft","Heirloom"],"is_ascension_mode":false,"metric_token":5329,"campfire_choices":[{"data":"BlessedFruit","floor":6,"key":"SMITH"},{"data":"Gatherer:TacticalStrike","floor":15,"key":"SMITH"},{"floor":29,"key":"REST"},{"floor":32,"key":"REST"},{"floor":46,"key":"DIG"},{"floor":49,"key":"DIG"}],"circlet_count":0,"master_deck":["BlessedFruit+1","Gatherer:WitheringStrike+1","Gatherer:WitheringStrike+1","Gatherer:TacticalStrike+1","Panache+1","Gatherer:FlamingBottle+1","Panache+1","Goo","Gatherer:OddSpoils","Gatherer:TacticalStrike+1"],"relics":["Ring of Chaos","hubris:Towel","MerchantsRug","conspire:RunicOctahedron","Ancient Tea Set","MealTicket","trackpad:ToughGloves","halation:LostSnail","halation:PrussianBluePaint","Sling","Letter Opener","trackpad:AdjectivePendant","theForsaken:Lifeblossom","aspiration:PoetsPen_weak","aspiration:Nostalgia","TheCursedMod:BlackMagic101","Replay:Baseball","CCEMRelics:WhiteRose","Shovel","halation:TwoAmDonut","StuffTheSpire:Wildfire"],"acts_visited":["Exordium","TheCity","TheBeyond"],"potions_floor_usage":[],"damage_taken":[{"damage":7,"enemies":"Small Slimes","floor":1,"turns":2},{"damage":0,"enemies":"2 Louse","floor":2,"turns":1},{"damage":11,"enemies":"Jaw Worm","floor":3,"turns":2},{"damage":0,"enemies":"Looter","floor":4,"turns":1},{"damage":12,"enemies":"Exordium Thugs","floor":7,"turns":2},{"damage":17,"enemies":"Exordium Wildlife","floor":11,"turns":5},{"damage":9,"enemies":"Looter","floor":12,"turns":2},{"damage":26,"enemies":"Fading Forest","floor":16,"turns":11},{"damage":0,"enemies":"Chosen","floor":18,"turns":1},{"damage":0,"enemies":"Slavers","floor":23,"turns":1},{"damage":0,"enemies":"Spheric Guardian","floor":24,"turns":1},{"damage":0,"enemies":"Centurion and Healer","floor":27,"turns":1},{"damage":8,"enemies":"Gremlin Leader","floor":28,"turns":3},{"damage":0,"enemies":"Shelled Parasite and Fungi","floor":31,"turns":1},{"damage":0,"enemies":"bossMod:newChamp","floor":33,"turns":2},{"damage":0,"enemies":"3 Shapes","floor":35,"turns":1},{"damage":0,"enemies":"3 Darklings","floor":37,"turns":1},{"damage":0,"enemies":"Sphere and 2 Shapes","floor":38,"turns":1},{"damage":0,"enemies":"HollowMod:StalkingDevout","floor":41,"turns":1},{"damage":0,"enemies":"Nemesis","floor":45,"turns":1},{"damage":0,"enemies":"Transient","floor":47,"turns":1},{"damage":0,"enemies":"Writhing Mass","floor":48,"turns":1},{"damage":0,"enemies":"Replay:Hell Engine","floor":50,"turns":1}],"seed_played":"-820437158157551382","potions_obtained":[{"floor":3,"key":"construct:ShiftPotion"},{"floor":16,"key":"LiquidBronze"},{"floor":18,"key":"blueLaboratory:PyrophylliteBrew"},{"floor":27,"key":"blueLaboratory:ArtificerPotion"},{"floor":31,"key":"blueLaboratory:BottleOfVodka"},{"floor":37,"key":"sneckomod:MuddlingPotion"},{"floor":45,"key":"SteroidPotion"},{"floor":48,"key":"blueLaboratory:PyrophylliteBrew"}],"is_trial":true,"path_per_floor":["M","M","M","M","$","R","M","?","T","?","M","M","$","?","R","B",null,"M","?","$","T","$","E","M","$","T","M","E","R","$","M","R","B",null,"M","?","M","M","?","$","E","?","T","R","E","R","M","M","R","B",null],"character_chosen":"THE_GATHERER","items_purchased":["MerchantsRug","Panache","Ancient Tea Set","trackpad:ToughGloves","halation:LostSnail","vexMod:PaidLearning","Sling","theForsaken:Lifeblossom","aspiration:Nostalgia"],"campfire_rested":2,"item_purchase_floors":[13,13,20,22,22,22,25,30,40],"current_hp_per_floor":[67,68,59,59,59,59,50,70,70,70,56,50,50,50,50,38,90,94,15,15,15,30,34,38,53,53,57,53,86,101,105,114,118,118,122,122,126,130,130,130,132,132,132,132,134,134,136,138,138,140],"gold":146,"neow_bonus":"","is_daily":false,"chose_seed":false,"campfire_upgraded":2,"win_rate":0.0,"timestamp":1608289677,"path_taken":["M","M","M","M","$","R","M","?","T","?","M","M","$","?","R","BOSS","M","?","$","?","?","E","?","$","T","M","E","R","$","M","R","BOSS","M","?","?","?","?","$","E","?","T","R","E","R","M","M","R","BOSS"],"items_purchased_type":["Relic","Card","Relic","Relic","Relic","Relic","Relic","Relic","Relic"],"build_version":"2020-12-13","purchased_purges":1,"victory":true,"max_hp_per_floor":[74,75,77,77,77,77,80,80,80,80,83,86,86,86,86,90,90,94,94,94,94,94,98,102,102,102,106,110,110,110,114,114,118,118,122,122,126,130,130,130,132,132,132,132,134,134,136,138,138,140],"card_choices":[{"not_picked":["Gatherer:CollectorsShot","Gatherer:DrugPower"],"picked":"Gatherer:TacticalStrike","floor":0},{"not_picked":["Gatherer:VenomBarrier","Gatherer:BalancedGrowth"],"picked":"Gatherer:FeelingFine","floor":0},{"not_picked":["Gatherer:Nutrients","Gatherer:ScentOfRosmari"],"picked":"Gatherer:CarefulStrike","floor":0},{"not_picked":["Gatherer:UpgradeBag","Gatherer:OddSpoils"],"picked":"Gatherer:Snatch","floor":0},{"not_picked":["Gatherer:GlowingPlant","Gatherer:DrugPower"],"picked":"Gatherer:ScherryThrow","floor":0},{"not_picked":["Gatherer:AromaProtection","Gatherer:FlowerShield"],"picked":"Gatherer:FragileHammer","floor":0},{"not_picked":["Gatherer:GatherMaterial","Gatherer:Duplicator"],"picked":"Gatherer:FlowerFalling","floor":0},{"not_picked":["Gatherer:WitheringStrike","Gatherer:Snatch"],"picked":"Gatherer:ScherryThrow","floor":0},{"not_picked":["Gatherer:TreeGrowth","Gatherer:FlowerPower"],"picked":"Gatherer:CarefulStrike","floor":0},{"not_picked":["Gatherer:AlchemyTrial","Gatherer:BambuSword"],"picked":"Gatherer:WitheringStrike","floor":0},{"not_picked":["Gatherer:BambuSword","Gatherer:QuickSynthesis"],"picked":"Gatherer:Uplift","floor":0},{"not_picked":["Gatherer:CarefulStrike","Gatherer:BambuSword"],"picked":"Gatherer:TacticalStrike","floor":0},{"not_picked":["Gatherer:Convert","Gatherer:GatherMaterial"],"picked":"Gatherer:ScherryThrow","floor":0},{"not_picked":["Gatherer:EnergyBasket","Gatherer:Transmute"],"picked":"Gatherer:FlowerBeam","floor":0},{"not_picked":["Gatherer:TreeGrowth","Gatherer:Duality"],"picked":"Gatherer:Snatch","floor":0},{"not_picked":["Gatherer:Uplift","Gatherer:SmartManeuver","Gatherer:Misfortune"],"picked":"Gatherer:WitheringStrike","floor":1},{"not_picked":["Gatherer:FlowerShield","Gatherer:BalancedGrowth","Gatherer:RecoveryHerb"],"picked":"Gatherer:Frenzy","floor":2},{"not_picked":["Gatherer:Frenzy","Gatherer:SmartManeuver","Gatherer:VenomBarrier"],"picked":"Gatherer:Convert","floor":3},{"not_picked":["Gatherer:VenomBarrier","Gatherer:FlowerFalling","Gatherer:DrugPower"],"picked":"Gatherer:RottenStipe","floor":4},{"not_picked":["Gatherer:ScrollOfWall","Gatherer:ScherryThrow","Gatherer:OddSpoils"],"picked":"Gatherer:MiningStrike","floor":7},{"not_picked":["Gatherer:Snatch","Gatherer:FlowerFalling","Gatherer:WoolGloves"],"picked":"Gatherer:TacticalStrike","floor":11},{"not_picked":["Gatherer:BigPouch","Gatherer:TreeGrowth","Gatherer:LuckyClover"],"picked":"Gatherer:Snatch","floor":12},{"not_picked":["Gatherer:CursedBlade","Gatherer:FinishingStrike"],"picked":"Gatherer:FlamingBottle","floor":16},{"not_picked":["Gatherer:AcidicSpray","Gatherer:Nutrients","Gatherer:Frenzy"],"picked":"SKIP","floor":18},{"not_picked":["Gatherer:FlowerBeam","Gatherer:GatherMaterial","Gatherer:BambuSword"],"picked":"SKIP","floor":23},{"not_picked":["Gatherer:MindSearch","Gatherer:Duality","Gatherer:Herbalism"],"picked":"SKIP","floor":24},{"not_picked":["Gatherer:CollectorsShot","Gatherer:VenomBarrier+1","Gatherer:FlowerFalling"],"picked":"SKIP","floor":27},{"not_picked":["Gatherer:OddSpoils+1","Gatherer:StoneFence","Gatherer:AcidicSpray"],"picked":"SKIP","floor":28},{"not_picked":["Gatherer:RecipeChange","Gatherer:Polymorphism+1","Gatherer:CollectorsShot+1"],"picked":"SKIP","floor":31},{"not_picked":["Gatherer:BomberForm","Gatherer:FlamingBottle"],"picked":"Gatherer:GrowBook","floor":33},{"not_picked":["Gatherer:QuickSynthesis+1","Gatherer:Frenzy+1","Gatherer:AcidicSpray"],"picked":"SKIP","floor":35},{"not_picked":["Gatherer:UpgradeBag+1","Gatherer:FlowerPower","Gatherer:Photoscythe"],"picked":"SKIP","floor":37},{"not_picked":["Gatherer:Enchant+1","Gatherer:Solidify+1","Gatherer:Snatch+1"],"picked":"SKIP","floor":38},{"not_picked":["Gatherer:DrugPower+1","Gatherer:Examine","Gatherer:Transmute+1"],"picked":"SKIP","floor":41},{"not_picked":["Gatherer:Transmute+1","Gatherer:DrugPower+1"],"picked":"Gatherer:OddSpoils","floor":45},{"not_picked":["Gatherer:DrugPower","Gatherer:EnergyBasket+1"],"picked":"Gatherer:TacticalStrike+1","floor":47},{"not_picked":["Gatherer:AromaProtection+1","Gatherer:QuickSynthesis+1","Gatherer:CollectorsShot+1"],"picked":"SKIP","floor":48}],"player_experience":1017289,"relics_obtained":[{"floor":9,"key":"trackpad:Mousetrap"},{"floor":21,"key":"MealTicket"},{"floor":23,"key":"halation:PrussianBluePaint"},{"floor":26,"key":"Letter Opener"},{"floor":28,"key":"trackpad:AdjectivePendant"},{"floor":41,"key":"Replay:Baseball"},{"floor":43,"key":"CCEMRelics:WhiteRose"},{"floor":45,"key":"Shovel"},{"floor":46,"key":"halation:TwoAmDonut"},{"floor":49,"key":"StuffTheSpire:Wildfire"}],"event_choices":[{"damage_healed":20,"gold_gain":0,"player_choice":"Healed","damage_taken":0,"max_hp_gain":0,"max_hp_loss":0,"event_name":"The Cleric","floor":8,"gold_loss":35},{"damage_healed":0,"gold_gain":0,"player_choice":"Grow","damage_taken":0,"max_hp_gain":0,"max_hp_loss":0,"event_name":"Living Wall","floor":14,"gold_loss":0,"cards_upgraded":["BlessedFruit"]},{"damage_healed":0,"gold_gain":429,"player_choice":"GO GO GO GO UP UP ","damage_taken":87,"relics_obtained":[],"max_hp_gain":0,"max_hp_loss":0,"event_name":"betterSkull:BetterSkull","floor":19,"gold_loss":0,"cards_upgraded":["Gatherer:WitheringStrike","Gatherer:FlamingBottle"]},{"damage_healed":0,"gold_gain":0,"player_choice":"Copied","damage_taken":0,"max_hp_gain":0,"max_hp_loss":0,"event_name":"Duplicator","floor":36,"gold_loss":0,"cards_obtained":["Panache"]},{"cards_removed":["BlessedFruit"],"damage_healed":0,"gold_gain":0,"player_choice":"Removed Skill","damage_taken":0,"max_hp_gain":0,"max_hp_loss":0,"event_name":"Falling","floor":39,"gold_loss":0},{"damage_healed":0,"gold_gain":0,"cards_transformed":["CrushJoints"],"player_choice":"Transformed","damage_taken":0,"max_hp_gain":0,"max_hp_loss":0,"event_name":"Transmorgrifier","floor":42,"gold_loss":0,"cards_obtained":["Gatherer:GrowBook"]}],"is_beta":false,"boss_relics":[{"not_picked":["vexMod:BigBerry","Snecko Heart"],"picked":"conspire:RunicOctahedron"},{"not_picked":["Busted Crown","CCEMRelics:TransientCore"],"picked":"aspiration:PoetsPen_weak"}],"items_purged_floors":[20],"is_endless":false,"potions_floor_spawned":[3,16,18,27,31,37,45,48],"ascension_level":0}}