{"host":"1ivxh6f0wtekmpqo","time":1608308928,"event":{"mods":["AchievementEnabler","BaseMod","Colored Map","Minty Spire (QoL Compilation)","Rare Cards Sparkle","StSLib","SuperFastMode","everything is the same but u backflip on backflip"],"gold_per_floor":[217,217,227,60,74,74,94,109,109,109,134,147,147,194,194,296,296,310,328,603,32,52,78,78,90,139,139,139,64,78,98,98,98,98],"floor_reached":33,"playtime":1675,"items_purged":["Regret"],"score":269,"play_id":"6de611b4-a12c-4d00-99a6-c201476ba806","local_time":"20201219002848","is_ascension_mode":false,"campfire_choices":[{"data":"Envenom","floor":10,"key":"SMITH"},{"data":"Poisoned Stab","floor":13,"key":"SMITH"},{"floor":15,"key":"REST"},{"floor":28,"key":"REST"},{"floor":32,"key":"REST"}],"circlet_count":0,"master_deck":["Strike_G","Strike_G","Strike_G","Strike_G","Defend_G","Defend_G","Defend_G","Defend_G","Defend_G","Survivor","Neutralize","Blade Dance","Acrobatics","Envenom+1","Distraction","Quick Slash","Quick Slash","Poisoned Stab+1","Night Terror","Poisoned Stab","PiercingWail","Panache","Bane+1","Blade Dance+1","Backflip","Slice+1"],"relics":["Ring of the Snake","Centennial Puzzle","Orichalcum","Mercury Hourglass","Du-Vu Doll","Vajra","Runic Pyramid","Peace Pipe","Incense Burner","Juzu Bracelet","Pantograph"],"acts_visited":["Exordium","TheCity"],"potions_floor_usage":[16,16,18,23,23,25,25,25,25,25,30,30],"damage_taken":[{"damage":0,"enemies":"2 Louse","floor":1,"turns":5},{"damage":1,"enemies":"Cultist","floor":3,"turns":5},{"damage":0,"enemies":"Small Slimes","floor":5,"turns":3},{"damage":6,"enemies":"Red Slaver","floor":7,"turns":7},{"damage":5,"enemies":"Exordium Wildlife","floor":8,"turns":5},{"damage":6,"enemies":"Gremlin Nob","floor":11,"turns":3},{"damage":0,"enemies":"Exordium Thugs","floor":12,"turns":3},{"damage":19,"enemies":"The Guardian","floor":16,"turns":6},{"damage":23,"enemies":"2 Thieves","floor":18,"turns":4},{"damage":6,"enemies":"Shell Parasite","floor":19,"turns":5},{"damage":11,"enemies":"Snake Plant","floor":22,"turns":3},{"damage":18,"enemies":"Slavers","floor":23,"turns":4},{"damage":0,"enemies":"Centurion and Healer","floor":25,"turns":3},{"damage":2,"enemies":"Snecko","floor":30,"turns":3},{"damage":0,"enemies":"Cultist and Chosen","floor":31,"turns":3},{"damage":73,"enemies":"Collector","floor":33,"turns":6}],"seed_played":"2346867918887808444","potions_obtained":[{"floor":8,"key":"DuplicationPotion"},{"floor":11,"key":"DuplicationPotion"},{"floor":16,"key":"GamblersBrew"},{"floor":18,"key":"CultistPotion"},{"floor":23,"key":"EntropicBrew"},{"floor":25,"key":"ColorlessPotion"}],"is_trial":false,"path_per_floor":["M","?","M","$","M","$","M","M","T","R","E","M","R","T","R","B",null,"M","M","?","$","M","E","$","M","T","T","R","?","M","M","R","B"],"character_chosen":"THE_SILENT","items_purchased":["Orichalcum","Acrobatics","Peace Pipe","Panache"],"campfire_rested":3,"item_purchase_floors":[4,4,21,21],"current_hp_per_floor":[70,70,69,69,69,69,63,58,58,58,52,52,52,52,70,51,70,47,41,41,41,30,12,12,12,12,12,33,33,31,31,52,0,0],"gold":98,"neow_bonus":"HUNDRED_GOLD","is_daily":false,"chose_seed":false,"campfire_upgraded":2,"win_rate":0.0,"timestamp":1608308928,"path_taken":["M","?","?","$","M","?","?","M","T","R","E","?","R","?","R","BOSS","M","?","?","$","?","E","?","M","T","?","R","?","M","M","R","BOSS"],"items_purchased_type":["Relic","Card","Relic","Card"],"build_version":"2020-12-13","purchased_purges":1,"victory":false,"max_hp_per_floor":[70,70,70,70,70,70,70,70,70,70,70,70,70,70,70,70,70,70,70,70,70,70,70,70,70,70,70,70,70,70,70,70,70,70],"card_choices":[{"not_picked":["Dodge and Roll","Deadly Poison"],"picked":"Crippling Poison","floor":1},{"not_picked":["Dagger Spray","Acrobatics"],"picked":"Blade Dance","floor":3},{"not_picked":["Flying Knee","Deflect"],"picked":"Envenom","floor":5},{"not_picked":["Reflex","Riddle With Holes"],"picked":"Distraction","floor":7},{"not_picked":["Deflect","Flechettes"],"picked":"Quick Slash","floor":8},{"not_picked":["Predator","Skewer"],"picked":"Quick Slash","floor":11},{"not_picked":["Sucker Punch","Acrobatics"],"picked":"Poisoned Stab","floor":12},{"not_picked":["Tools of the Trade","Grand Finale"],"picked":"Night Terror","floor":16},{"not_picked":["Cloak And Dagger","Underhanded Strike"],"picked":"Poisoned Stab","floor":18},{"not_picked":["Concentrate+1","Predator"],"picked":"PiercingWail","floor":19},{"not_picked":["Flying Knee","Crippling Poison"],"picked":"Bane+1","floor":22},{"not_picked":["Setup","Choke"],"picked":"Blade Dance+1","floor":23},{"not_picked":["Riddle With Holes","Heel Hook"],"picked":"Backflip","floor":25},{"not_picked":["Riddle With Holes","Backflip"],"picked":"Slice+1","floor":30},{"not_picked":["Tactician","Endless Agony","Poisoned Stab"],"picked":"SKIP","floor":31}],"player_experience":209998,"relics_obtained":[{"floor":9,"key":"Mercury Hourglass"},{"floor":11,"key":"Du-Vu Doll"},{"floor":14,"key":"Vajra"},{"floor":23,"key":"Incense Burner"},{"floor":26,"key":"Juzu Bracelet"},{"floor":27,"key":"Pantograph"}],"event_choices":[{"cards_removed":["Crippling Poison"],"damage_healed":0,"gold_gain":0,"player_choice":"Gave Card","damage_taken":0,"relics_obtained":["Centennial Puzzle"],"max_hp_gain":0,"max_hp_loss":0,"event_name":"WeMeetAgain","floor":2,"gold_loss":0},{"damage_healed":0,"gold_gain":275,"player_choice":"Desecrate","damage_taken":0,"max_hp_gain":0,"max_hp_loss":0,"event_name":"Golden Shrine","floor":20,"gold_loss":0,"cards_obtained":["Regret"]},{"cards_removed":["Strike_G"],"damage_healed":0,"gold_gain":0,"player_choice":"Gave Gold","damage_taken":0,"max_hp_gain":0,"max_hp_loss":0,"event_name":"Beggar","floor":29,"gold_loss":75}],"is_beta":false,"boss_relics":[{"not_picked":["SacredBark","Velvet Choker"],"picked":"Runic Pyramid"}],"items_purged_floors":[21],"is_endless":false,"potions_floor_spawned":[8,11,16,18,23,25],"killed_by":"Collector","ascension_level":0}}