{"host":"yvoppmyq353hf3pf","time":1608285807,"event":{"mods":["BaseMod","Colored Map","Colored Powertips","Downfall","Minty Spire (QoL Compilation)","StSLib"],"gold_per_floor":[99,16,28,28,45,60,60,74,93,93,113,131,145,159,170,273,273,273,4,4,18,18,35,35,35,35,68,84,184,198,60,80,80,80],"floor_reached":33,"playtime":2073,"items_purged":["Pain"],"score":265,"play_id":"eb707d0b-49c8-4d72-b225-c3c712afd463","local_time":"20201218040327","is_ascension_mode":false,"campfire_choices":[{"data":"champ:Taunt","floor":1.0,"key":"SMITH"},{"data":"champ:CrookedStrike","floor":4.0,"key":"SMITH"},{"data":"champ:TornadoPunch","floor":10.0,"key":"SMITH"},{"data":"champ:Haymaker","floor":18.0,"key":"SMITH"},{"floor":25.0,"key":"REST"}],"circlet_count":0,"master_deck":["champ:Strike","champ:Strike","champ:Strike","champ:Strike","champ:Defend","champ:Defend","champ:Defend","champ:Defend","champ:Execute","champ:Taunt+1","champ:CrookedStrike+1","champ:Duel","champ:FocusedGladiator","champ:DefensiveShout","champ:FlashCut","champ:TornadoPunch+1","champ:GladiatorsShout","champ:Haymaker+1","champ:AdrenalArmor","champ:SteelEdge","champ:GutPunch","champ:Backstep","champ:CrownThrow","champ:Circumvent","champ:PreciseThrust","champ:AdrenalArmor+1"],"relics":["champ:ChampionCrown","Gremlin Horn","champ:ChampionCrownUpgraded","Kunai","WarpedTongs","Sundial","champ:FightingForDummies","Lantern","champ:BlackKnightHelmet","Mummified Hand"],"acts_visited":["Exordium","TheCity"],"potions_floor_usage":[33,33],"damage_taken":[{"damage":10.0,"enemies":"downfall:FleeingMerchant","floor":2.0,"turns":4.0},{"damage":5.0,"enemies":"Cultist","floor":3.0,"turns":3.0},{"damage":0.0,"enemies":"Jaw Worm","floor":5.0,"turns":2.0},{"damage":8.0,"enemies":"2 Louse","floor":6.0,"turns":2.0},{"damage":9.0,"enemies":"Large Slime","floor":8.0,"turns":7.0},{"damage":0.0,"enemies":"3 Louse","floor":9.0,"turns":2.0},{"damage":4.0,"enemies":"Red Slaver","floor":11.0,"turns":2.0},{"damage":6.0,"enemies":"2 Fungi Beasts","floor":12.0,"turns":3.0},{"damage":0.0,"enemies":"3 Louse","floor":13.0,"turns":2.0},{"damage":0.0,"enemies":"Gremlin Gang","floor":14.0,"turns":3.0},{"damage":10.0,"enemies":"Exordium Thugs","floor":15.0,"turns":3.0},{"damage":33.0,"enemies":"downfall:Watcher","floor":16.0,"turns":16.0},{"damage":11.0,"enemies":"downfall:FleeingMerchant","floor":19.0,"turns":4.0},{"damage":21.0,"enemies":"Spheric Guardian","floor":21.0,"turns":4.0},{"damage":37.0,"enemies":"Shell Parasite","floor":23.0,"turns":9.0},{"damage":37.0,"enemies":"Gremlin Leader","floor":27.0,"turns":10.0},{"damage":14.0,"enemies":"Centurion and Healer","floor":28.0,"turns":6.0},{"damage":70,"enemies":"Centurion and Healer","floor":29,"turns":9},{"damage":9,"enemies":"3 Cultists","floor":30,"turns":4},{"damage":12,"enemies":"downfall:FleeingMerchant","floor":31,"turns":4},{"damage":9,"enemies":"Snecko","floor":32,"turns":2},{"damage":15,"enemies":"downfall:Silent","floor":33,"turns":4}],"seed_played":"8350764004711458095","potions_obtained":[{"floor":3.0,"key":"Dexterity Potion"},{"floor":8.0,"key":"ColorlessPotion"},{"floor":9.0,"key":"Block Potion"},{"floor":11.0,"key":"AttackPotion"},{"floor":15.0,"key":"Weak Potion"},{"floor":16.0,"key":"Energy Potion"},{"floor":27.0,"key":"Explosive Potion"}],"is_trial":false,"path_per_floor":["R","$","M","R","M","M","T","M","M","R","M","M","M","M","M","B",null,"R","$","?","M","?","M","T","R","?","E","M","?","M","$","M","B"],"character_chosen":"THE_CHAMP","items_purchased":["champ:Duel","Kunai","Dexterity Potion"],"campfire_rested":1,"item_purchase_floors":[2,19,31],"current_hp_per_floor":[99,99,99,99,99,91,91,87,87,87,83,77,77,77,72,52,99,99,98,78,72,72,56,56,87,87,65,68,13,10,10,10,0,0],"gold":80,"neow_bonus":"TEN_PERCENT_HP_BONUS","is_daily":false,"chose_seed":false,"campfire_upgraded":4,"win_rate":0.0,"timestamp":1608285807,"path_taken":["R","?","M","R","M","M","T","M","M","R","M","M","M","M","M","BOSS","R","$","?","M","?","?","T","R","?","E","M","?","M","$","M","BOSS"],"items_purchased_type":["Card","Relic","Potion"],"build_version":"2020-12-13","purchased_purges":1,"victory":false,"max_hp_per_floor":[99,99,99,99,99,99,99,99,99,99,99,99,99,99,99,99,99,99,99,104,104,104,104,104,104,104,104,104,104,104,104,104,104,104],"card_choices":[{"not_picked":["champ:HeartStrike","champ:FightOn"],"picked":"champ:CrookedStrike","floor":2.0},{"not_picked":["champ:Circumvent","champ:PerfectedStrike"],"picked":"champ:FocusedGladiator","floor":3.0},{"not_picked":["champ:CrookedStrike","champ:DefensiveStyle"],"picked":"champ:DefensiveShout","floor":5.0},{"not_picked":["champ:RapidStrikes","champ:DefensiveShout"],"picked":"champ:FlashCut","floor":6.0},{"not_picked":["champ:RisingSlash","champ:PerfectedStrike","champ:CrookedStrike"],"picked":"SKIP","floor":8.0},{"not_picked":["champ:CalledShot","champ:BringItOn"],"picked":"champ:TornadoPunch","floor":9.0},{"not_picked":["champ:AdrenalArmor","champ:Shatter"],"picked":"champ:GladiatorsShout","floor":11.0},{"not_picked":["champ:PerfectedStrike","champ:BerserkersShout","champ:EnragedBash"],"picked":"SKIP","floor":12.0},{"not_picked":["champ:DefensiveShout","champ:CalledShot"],"picked":"champ:Haymaker","floor":13.0},{"not_picked":["champ:DefensiveShout","champ:ShieldThrow","champ:FlashCut"],"picked":"SKIP","floor":14.0},{"not_picked":["champ:DefensiveShout","champ:Encircle"],"picked":"champ:AdrenalArmor","floor":15.0},{"not_picked":["champ:IgnorePain","champ:ShieldThrow"],"picked":"champ:SteelEdge","floor":16.0},{"not_picked":["champ:DefensiveShout","champ:EndlessRage"],"picked":"champ:GutPunch","floor":19.0},{"not_picked":["champ:BerserkerStyle","champ:FocusedGladiator","champ:Encircle"],"picked":"SKIP","floor":21.0},{"not_picked":["champ:Circumvent","champ:Encircle"],"picked":"champ:Backstep","floor":23.0},{"not_picked":["champ:TornadoPunch","champ:FlashCut"],"picked":"champ:CrownThrow","floor":27.0},{"not_picked":["champ:RecklessLeap","champ:Encircle"],"picked":"champ:Circumvent","floor":28.0},{"not_picked":["champ:HeartStrike","champ:FanOfKnives"],"picked":"champ:PreciseThrust","floor":29},{"not_picked":["champ:RapidStrikes","champ:StanceDance","champ:EnragedBash"],"picked":"SKIP","floor":30},{"not_picked":["champ:FlashCut","champ:FanOfKnives","champ:HeavySlash"],"picked":"SKIP","floor":31},{"not_picked":["champ:FlashCut","champ:FanOfKnives+1"],"picked":"champ:AdrenalArmor+1","floor":32}],"player_experience":1565641,"relics_obtained":[{"floor":7.0,"key":"Gremlin Horn"},{"floor":24.0,"key":"Sundial"},{"floor":27.0,"key":"Lantern"},{"floor":29,"key":"champ:BlackKnightHelmet"},{"floor":29,"key":"Mummified Hand"}],"event_choices":[{"damage_healed":0.0,"max_hp_gain":0.0,"max_hp_loss":0.0,"gold_gain":0.0,"event_name":"Accursed Blacksmith","player_choice":"Rummage","floor":22.0,"gold_loss":0.0,"damage_taken":0.0,"relics_obtained":["WarpedTongs"],"cards_obtained":["Pain"]}],"is_beta":false,"boss_relics":[{"not_picked":["Calling Bell","Astrolabe"],"picked":"champ:ChampionCrownUpgraded"}],"items_purged_floors":[31],"is_endless":false,"potions_floor_spawned":[3,8,9,11,15,16,21,27,32],"killed_by":"downfall:Silent","ascension_level":0}}