{"host":"iy58fyt9wsbv4cf1","time":1608264982,"event":{"mods":["BaseMod","Better Altar","Better Match","Better Skull","Better Third Choice","BetterRewards","Conspire","Custom Start","Defuse TimeMaze Blight","Hubris","Infinite Spire","Minty Spire (QoL Compilation)","Permanent Neow","Quick Restart","Spicy Shops","StSLib"],"gold_per_floor":[119,137,137,153,153,153,171,211,288,288,288,14,29,53,53,172,172,195,195,61,61,85,85,124,124,148,148,164,183,5,44,44,163,163,179,179,195,210,147,187,187,207,207,207,227,227,28,41,41,41,41,41,41,75,75],"floor_reached":56,"playtime":1386,"items_purged":["Strike_B","Defend_B"],"score":1272,"play_id":"3131e6d1-2bce-4412-b62b-b1161e91970d","local_time":"20201217231622","is_ascension_mode":false,"campfire_choices":[{"data":"Dualcast","floor":6,"key":"SMITH"},{"data":"Zap","floor":10,"key":"SMITH"},{"floor":15,"key":"REST"},{"data":"Storm","floor":23,"key":"SMITH"},{"data":"Static Discharge","floor":25,"key":"SMITH"},{"data":"Defragment","floor":27,"key":"SMITH"},{"floor":32,"key":"RECALL"},{"data":"Heatsinks","floor":46,"key":"SMITH"},{"data":"Heatsinks","floor":49,"key":"SMITH"},{"data":"Heatsinks","floor":52,"key":"SMITH"}],"circlet_count":0,"master_deck":["Defend_B","Defend_B","Defend_B","Zap+1","Dualcast+1","Static Discharge+1","Storm+1","Tempest","Auto Shields","Seek","Storm+1","Heatsinks+1","Defragment+1","Electrodynamics","Heatsinks+1","Hello World","Conserve Battery","Static Discharge+1","Electrodynamics","Self Repair","Genetic Algorithm+1","Force Field","Storm+1","Heatsinks+1","Turbo+1","Loop+1"],"relics":["Cracked Core","Emotion Chip","Mummified Hand","Bag of Preparation","Golden Idol","Pear","The Courier","Strange Spoon","Runic Dome","Pen Nib","Anchor","DataDisk","Red Mask","Sozu","Dream Catcher","Sundial","Turnip"],"acts_visited":["Exordium","TheCity","TheBeyond","TheEnding"],"potions_floor_usage":[8,16,55,55],"damage_taken":[{"damage":1,"enemies":"Jaw Worm","floor":1,"turns":2},{"damage":0,"enemies":"2 Louse","floor":2,"turns":2},{"damage":0,"enemies":"Small Slimes","floor":4,"turns":3},{"damage":2,"enemies":"Red Slaver","floor":7,"turns":3},{"damage":15,"enemies":"Lagavulin","floor":8,"turns":6},{"damage":0,"enemies":"Blue Slaver","floor":13,"turns":2},{"damage":11,"enemies":"Exordium Thugs","floor":14,"turns":2},{"damage":19,"enemies":"The Guardian","floor":16,"turns":8},{"damage":7,"enemies":"Shell Parasite","floor":18,"turns":3},{"damage":14,"enemies":"2 Thieves","floor":22,"turns":3},{"damage":5,"enemies":"conspire:SneckoGhost","floor":24,"turns":2},{"damage":2,"enemies":"Centurion and Healer","floor":28,"turns":1},{"damage":0,"enemies":"Snecko","floor":29,"turns":2},{"damage":0,"enemies":"Masked Bandits","floor":31,"turns":2},{"damage":0,"enemies":"Collector","floor":33,"turns":4},{"damage":0,"enemies":"3 Darklings","floor":35,"turns":2},{"damage":0,"enemies":"Orb Walker","floor":37,"turns":2},{"damage":20,"enemies":"Maw","floor":38,"turns":4},{"damage":0,"enemies":"Giant Head","floor":40,"turns":5},{"damage":0,"enemies":"Sphere and 2 Shapes","floor":42,"turns":1},{"damage":0,"enemies":"Jaw Worm Horde","floor":45,"turns":1},{"damage":0,"enemies":"Maw","floor":48,"turns":2},{"damage":5,"enemies":"hubris:GrandSnecko","floor":50,"turns":3},{"damage":25,"enemies":"Shield and Spear","floor":54,"turns":3},{"damage":50,"enemies":"The Heart","floor":55,"turns":7}],"seed_played":"-3525800622125160796","potions_obtained":[{"floor":7,"key":"Strength Potion"},{"floor":11,"key":"Block Potion"},{"floor":11,"key":"LiquidMemories"},{"floor":24,"key":"Weak Potion"}],"is_trial":false,"path_per_floor":["M","M","?","M","?","R","M","E","T","R","?","$","M","M","R","B",null,"M","?","$","?","M","R","E","R","T","R","M","M","$","?","R","B",null,"M","AVR","M","M","$","E","?","M","T","?","M","R","$","M","R","B",null,"R","$","E","B",null],"character_chosen":"DEFECT","items_purchased":["Static Discharge","Emotion Chip","Mummified Hand","Bag of Preparation","Storm","Storm","Strange Spoon","Heatsinks","Heatsinks","DataDisk","Self Repair","Storm","Sundial"],"campfire_rested":1,"item_purchase_floors":[0,0,0,0,0,12,12,12,20,30,30,39,47],"current_hp_per_floor":[39,39,39,39,39,39,37,32,32,32,32,32,32,21,44,25,79,72,72,72,72,58,58,53,53,53,53,51,51,51,58,58,65,79,79,79,79,66,66,73,73,79,79,79,79,79,79,79,79,79,79,79,79,54,11],"gold":75,"neow_bonus":"","is_daily":false,"chose_seed":false,"campfire_upgraded":8,"win_rate":0.0,"timestamp":1608264982,"path_taken":["M","M","?","M","?","R","M","E","T","R","?","$","?","M","R","BOSS","M","?","?","?","M","R","E","R","T","R","M","M","$","?","R","BOSS","M","AVR","M","M","$","E","?","?","T","?","M","R","$","M","R","BOSS","R","$","E","BOSS"],"items_purchased_type":["Card","Relic","Relic","Relic","Card","Card","Relic","Card","Card","Relic","Card","Card","Relic"],"build_version":"2020-12-13","purchased_purges":2,"victory":true,"max_hp_per_floor":[75,75,75,75,69,69,69,79,79,79,79,79,79,79,79,79,79,79,79,79,79,79,79,79,79,79,79,79,79,79,79,79,79,79,79,79,79,79,79,79,79,79,79,79,79,79,79,79,79,79,79,79,79,79,79],"card_choices":[{"not_picked":["Streamline","Ball Lightning","Coolheaded"],"picked":"SKIP","floor":1},{"not_picked":["Barrage","Coolheaded"],"picked":"Tempest","floor":2},{"not_picked":["Gash","Hologram"],"picked":"Auto Shields","floor":4},{"not_picked":["Turbo","Leap","Barrage"],"picked":"SKIP","floor":7},{"not_picked":["Streamline","Conserve Battery"],"picked":"Seek","floor":8},{"not_picked":["Conserve Battery","Auto Shields"],"picked":"Defragment","floor":13},{"not_picked":["Beam Cell","Redo","Doom and Gloom"],"picked":"SKIP","floor":14},{"not_picked":["Fission","Creative AI"],"picked":"Electrodynamics","floor":16},{"not_picked":["hubris:PowerSurge","conspire:SharedLibrary","Hologram"],"picked":"SKIP","floor":18},{"not_picked":["Leap+1","Barrage+1"],"picked":"Conserve Battery","floor":22},{"not_picked":["Scrape+1","Hologram"],"picked":"Static Discharge+1","floor":24},{"not_picked":["Compile Driver","Gash+1","Glacier+1"],"picked":"SKIP","floor":28},{"not_picked":["Steam","Melter"],"picked":"Electrodynamics","floor":29},{"not_picked":["Leap","Hologram"],"picked":"Genetic Algorithm+1","floor":31},{"not_picked":["Redo","Beam Cell"],"picked":"Force Field","floor":35},{"not_picked":["Cold Snap+1","Barrage","Streamline"],"picked":"SKIP","floor":37},{"not_picked":["conspire:Rain","Redo","Stack+1"],"picked":"SKIP","floor":38},{"not_picked":["Conserve Battery+1","conspire:Rain"],"picked":"Heatsinks","floor":40},{"not_picked":["Undo+1","Hello World+1","Sunder+1"],"picked":"SKIP","floor":42},{"not_picked":["Auto Shields+1","Barrage+1"],"picked":"Turbo+1","floor":45},{"not_picked":["Doom and Gloom","Sweeping Beam"],"picked":"Loop+1","floor":48},{"not_picked":["Chaos","Compile Driver+1","Recycle"],"picked":"SKIP","floor":54}],"player_experience":85232,"relics_obtained":[{"floor":8,"key":"Pear"},{"floor":9,"key":"The Courier"},{"floor":24,"key":"Pen Nib"},{"floor":26,"key":"Anchor"},{"floor":31,"key":"Red Mask"},{"floor":40,"key":"Dream Catcher"},{"floor":54,"key":"Turnip"}],"event_choices":[{"damage_healed":0,"gold_gain":0,"player_choice":"Lose Max HP","damage_taken":0,"relics_obtained":["Golden Idol"],"max_hp_gain":0,"max_hp_loss":6,"event_name":"Golden Idol","floor":5,"gold_loss":0},{"damage_healed":0,"gold_gain":0,"player_choice":"Got Potions","damage_taken":0,"max_hp_gain":0,"max_hp_loss":0,"event_name":"Lab","floor":11,"gold_loss":0},{"cards_removed":["Strike_B"],"damage_healed":0,"gold_gain":0,"player_choice":"Purged","damage_taken":0,"max_hp_gain":0,"max_hp_loss":0,"event_name":"Purifier","floor":19,"gold_loss":0},{"damage_healed":0,"gold_gain":0,"cards_transformed":["Strike_B","Strike_B"],"player_choice":"Became Test Subject","damage_taken":0,"max_hp_gain":0,"max_hp_loss":0,"event_name":"Drug Dealer","floor":21,"gold_loss":0,"cards_obtained":["Beam Cell","Hello World"]},{"damage_healed":0,"gold_gain":0,"player_choice":"Fought Bandits","damage_taken":0,"max_hp_gain":0,"max_hp_loss":0,"event_name":"Masked Bandits","floor":31,"gold_loss":0},{"damage_healed":0,"gold_gain":0,"player_choice":"Forge","damage_taken":0,"max_hp_gain":0,"max_hp_loss":0,"event_name":"Accursed Blacksmith","floor":41,"gold_loss":0,"cards_upgraded":["Storm"]},{"cards_removed":["Beam Cell"],"damage_healed":0,"gold_gain":0,"player_choice":"Removed Attack","damage_taken":0,"max_hp_gain":0,"max_hp_loss":0,"event_name":"Falling","floor":44,"gold_loss":0}],"is_beta":false,"boss_relics":[{"not_picked":["infinitespire:Cupcake","hubris:RunicObelisk"],"picked":"Runic Dome"},{"not_picked":["hubris:Backtick","Pandora\u0027s Box"],"picked":"Sozu"}],"items_purged_floors":[20,36],"is_endless":false,"potions_floor_spawned":[7,14,24,28,29,35,37,42,54],"ascension_level":0}}