{"host":"ryuep8ewa00k39z9","time":1608318394,"event":{"mods":["AchievementEnabler","BaseMod","Best Route Mod","Colored Map","Colored Powertips","Displayed Cursed Tome","Highlight Path","Minty Spire (QoL Compilation)","Quick Restart","SuperFastMode"],"gold_per_floor":[116,116,116,191,29,29,44,60,60,60,73,87,12,12,12],"floor_reached":14,"playtime":1079,"items_purged":["Injury"],"score":148,"play_id":"aed46440-6914-40b6-80e2-ea0584d876d0","local_time":"20201218130634","is_ascension_mode":true,"campfire_choices":[{"data":"Pommel Strike","floor":6,"key":"SMITH"},{"data":"Flex","floor":10,"key":"SMITH"}],"circlet_count":0,"master_deck":["AscendersBane","Strike_R","Strike_R","Strike_R","Strike_R","Strike_R","Defend_R","Defend_R","Defend_R","Defend_R","Bash","Limit Break","Pommel Strike+1","Flex+1","Armaments","Whirlwind"],"relics":["Burning Blood","Mummified Hand","Golden Idol","OrangePellets","InkBottle"],"acts_visited":["Exordium"],"potions_floor_usage":[7],"damage_taken":[{"damage":12,"enemies":"Cultist","floor":1,"turns":4},{"damage":12,"enemies":"Jaw Worm","floor":7,"turns":3},{"damage":3,"enemies":"2 Louse","floor":8,"turns":2},{"damage":19,"enemies":"Blue Slaver","floor":11,"turns":4},{"damage":9,"enemies":"Large Slime","floor":12,"turns":6},{"damage":31,"enemies":"Gremlin Nob","floor":14,"turns":3}],"seed_played":"-7611604170574788614","potions_obtained":[{"floor":7,"key":"BloodPotion"}],"is_trial":false,"path_per_floor":["M","T","?","?","$","R","M","M","T","R","M","M","$","E"],"character_chosen":"IRONCLAD","items_purchased":["OrangePellets"],"campfire_rested":0,"item_purchase_floors":[5],"current_hp_per_floor":[44,44,44,33,33,33,42,45,45,45,32,29,29,0,0],"gold":12,"neow_bonus":"THREE_RARE_CARDS","is_daily":false,"chose_seed":false,"campfire_upgraded":2,"win_rate":0.0,"timestamp":1608318394,"path_taken":["M","?","?","?","$","R","M","M","T","R","M","M","?","E"],"items_purchased_type":["Relic"],"build_version":"2020-12-13","purchased_purges":1,"victory":false,"max_hp_per_floor":[75,75,75,75,75,75,75,75,75,75,75,75,75,75,75],"card_choices":[{"not_picked":["Juggernaut","Double Tap"],"picked":"Limit Break","floor":0},{"not_picked":["Anger","Iron Wave"],"picked":"Pommel Strike","floor":1},{"not_picked":["Combust","Pommel Strike","Clothesline"],"picked":"SKIP","floor":7},{"not_picked":["Combust","Pommel Strike","Clothesline"],"picked":"SKIP","floor":7},{"not_picked":["Warcry","Cleave"],"picked":"Flex","floor":8},{"not_picked":["Shrug It Off","Uppercut"],"picked":"Armaments","floor":11},{"not_picked":["Reckless Charge","Thunderclap"],"picked":"Whirlwind","floor":12}],"player_experience":3263047,"relics_obtained":[{"floor":2,"key":"Mummified Hand"},{"floor":9,"key":"InkBottle"}],"event_choices":[{"damage_healed":0,"gold_gain":0,"player_choice":"Take Wound","damage_taken":0,"relics_obtained":["Golden Idol"],"max_hp_gain":0,"max_hp_loss":0,"event_name":"Golden Idol","floor":3,"gold_loss":0,"cards_obtained":["Injury"]},{"damage_healed":0,"gold_gain":75,"player_choice":"Gather Gold","damage_taken":11,"max_hp_gain":0,"max_hp_loss":0,"event_name":"World of Goop","floor":4,"gold_loss":0}],"is_beta":false,"boss_relics":[],"items_purged_floors":[13],"is_endless":false,"potions_floor_spawned":[7],"killed_by":"Gremlin Nob","ascension_level":17}}