{"host":"vfg9szunmpjwj08o","time":1608310576,"event":{"mods":["Act Like it!","BaseMod","Challenge The Spire","Colored Map","Colored Powertips","Minty Spire (QoL Compilation)","StSLib","Waifu the Spire"],"gold_per_floor":[114,114,189,189,35,35,55,90,140,140,157,189,203,163,163,236,236,256,181,64,64,64,91,69,69,69],"floor_reached":25,"playtime":1766,"items_purged":["Strike_B"],"score":491,"play_id":"1ad49e85-2ae8-4540-a59d-d45fd7747696","local_time":"20201218175616","is_ascension_mode":true,"campfire_choices":[{"data":"Zap","floor":6,"key":"SMITH"},{"data":"Dualcast","floor":10,"key":"SMITH"},{"data":"Redo","floor":15,"key":"SMITH"}],"circlet_count":0,"master_deck":["AscendersBane","Strike_B","Defend_B","Defend_B","Defend_B","Defend_B","Zap+1","Dualcast+1","Scrape","Gash","Redo+1","Compile Driver","Recycle","Coolheaded","Glacier","Loop","Core Surge","Compile Driver","Impatience","Undo+1","Beam Cell"],"relics":["Cracked Core","NeowsBlessing","Bird Faced Urn","Shuriken","Blood Vial","Happy Flower","Black Star","Omamori","Mummified Hand"],"acts_visited":["Exordium","TheCity"],"potions_floor_usage":[16,23],"damage_taken":[{"damage":0,"enemies":"Small Slimes","floor":1,"turns":1},{"damage":0,"enemies":"Jaw Worm","floor":7,"turns":1},{"damage":0,"enemies":"Lagavulin","floor":8,"turns":1},{"damage":0,"enemies":"Cultist","floor":11,"turns":3},{"damage":35,"enemies":"3 Sentries","floor":12,"turns":6},{"damage":10,"enemies":"Large Slime","floor":13,"turns":3},{"damage":34,"enemies":"Slime Boss","floor":16,"turns":8},{"damage":26,"enemies":"3 Byrds","floor":18,"turns":5},{"damage":23,"enemies":"Gremlin Leader","floor":23,"turns":7},{"damage":12,"enemies":"2 Thieves","floor":24,"turns":4},{"damage":13,"enemies":"Book of Stabbing","floor":25,"turns":4}],"seed_played":"-4375366141687310888","potions_obtained":[{"floor":1,"key":"SneckoOil"},{"floor":7,"key":"FairyPotion"},{"floor":8,"key":"Fire Potion"},{"floor":13,"key":"EssenceOfDarkness"},{"floor":16,"key":"FocusPotion"},{"floor":24,"key":"FocusPotion"}],"is_trial":false,"path_per_floor":["M","?","?","T","$","R","M","E","T","R","M","E","M","$","R","B",null,"M","?","$","?","?","E","M","E"],"character_chosen":"DEFECT","items_purchased":["Gash","Redo","Loop","Compile Driver","Impatience"],"campfire_rested":0,"item_purchase_floors":[5,5,14,20,20],"current_hp_per_floor":[64,64,53,53,53,53,53,53,53,53,55,22,14,14,14,13,57,35,35,35,35,35,16,8,0,0],"gold":69,"neow_bonus":"THREE_ENEMY_KILL","is_daily":false,"chose_seed":false,"campfire_upgraded":3,"win_rate":0.0,"timestamp":1608310576,"path_taken":["M","?","?","?","$","R","M","E","T","R","M","E","?","$","R","BOSS","M","?","$","?","?","E","M","E"],"items_purchased_type":["Card","Card","Card","Card","Card"],"build_version":"2020-12-13","purchased_purges":1,"victory":false,"max_hp_per_floor":[71,71,71,71,71,71,71,71,71,71,71,71,71,71,71,71,71,71,71,71,71,71,71,71,71,71],"card_choices":[{"not_picked":["Cold Snap","Leap"],"picked":"Scrape","floor":1},{"not_picked":["Barrage","Coolheaded"],"picked":"Compile Driver","floor":7},{"not_picked":["Barrage","Turbo"],"picked":"Recycle","floor":8},{"not_picked":["Stack","Ball Lightning","Cold Snap"],"picked":"SKIP","floor":11},{"not_picked":["Amplify","Turbo"],"picked":"Coolheaded","floor":12},{"not_picked":["Compile Driver","Stack"],"picked":"Glacier","floor":13},{"not_picked":["Thunder Strike","Biased Cognition"],"picked":"Core Surge","floor":16},{"not_picked":["Cold Snap","Steam Power","Genetic Algorithm"],"picked":"SKIP","floor":18},{"not_picked":["Steam","Conserve Battery"],"picked":"Undo+1","floor":23},{"not_picked":["Cold Snap","Melter"],"picked":"Beam Cell","floor":24}],"player_experience":994748,"relics_obtained":[{"floor":4,"key":"Bird Faced Urn"},{"floor":8,"key":"Shuriken"},{"floor":9,"key":"Blood Vial"},{"floor":12,"key":"Happy Flower"},{"floor":23,"key":"Omamori"},{"floor":23,"key":"Mummified Hand"}],"event_choices":[{"cards_removed":["Strike_B"],"damage_healed":0,"gold_gain":0,"player_choice":"Forget","damage_taken":0,"max_hp_gain":0,"max_hp_loss":0,"event_name":"Living Wall","floor":2,"gold_loss":0},{"damage_healed":0,"gold_gain":75,"player_choice":"Gather Gold","damage_taken":11,"max_hp_gain":0,"max_hp_loss":0,"event_name":"World of Goop","floor":3,"gold_loss":0},{"cards_removed":["Strike_B"],"damage_healed":0,"gold_gain":0,"player_choice":"Gave Gold","damage_taken":0,"max_hp_gain":0,"max_hp_loss":0,"event_name":"Beggar","floor":19,"gold_loss":75},{"damage_healed":0,"gold_gain":0,"player_choice":"Ignored","damage_taken":0,"max_hp_gain":0,"max_hp_loss":0,"event_name":"Ghosts","floor":21,"gold_loss":0}],"is_beta":false,"boss_relics":[{"not_picked":["Astrolabe","Fusion Hammer"],"picked":"Black Star"}],"items_purged_floors":[5],"is_endless":false,"potions_floor_spawned":[1,7,8,13,16,24],"killed_by":"Book of Stabbing","ascension_level":19}}