{"host":"8cdeciwtzdvf5vyj","time":1608325334,"event":{"mods":["BaseMod","Colored Map","Minty Spire (QoL Compilation)"],"gold_per_floor":[111,63,63,83,83,83,108,127,199,227,243,277,297,313,313,313,313],"floor_reached":16,"playtime":474,"items_purged":[],"score":206,"play_id":"ffe28975-b737-4d2d-8de1-61c3e17d0451","local_time":"20201218130214","is_ascension_mode":true,"campfire_choices":[{"data":"Body Slam","floor":6.0,"key":"SMITH"},{"data":"Corruption","floor":15,"key":"SMITH"}],"circlet_count":0,"master_deck":["Strike_R","Strike_R","Strike_R","Strike_R+1","Defend_R","Defend_R","Defend_R","Defend_R","Bash","Body Slam+1","Twin Strike+1","Flame Barrier","Uppercut","Corruption+1","Infernal Blade","Whirlwind"],"relics":["Burning Blood","NeowsBlessing","Toy Ornithopter","Paper Frog","Whetstone","The Courier"],"acts_visited":["Exordium"],"potions_floor_usage":[16],"damage_taken":[{"damage":0.0,"enemies":"Jaw Worm","floor":1.0,"turns":1.0},{"damage":0.0,"enemies":"Cultist","floor":4.0,"turns":1.0},{"damage":0.0,"enemies":"3 Sentries","floor":7.0,"turns":2.0},{"damage":0.0,"enemies":"Small Slimes","floor":8.0,"turns":4.0},{"damage":29.0,"enemies":"Lagavulin","floor":10.0,"turns":7.0},{"damage":8.0,"enemies":"3 Louse","floor":11.0,"turns":5.0},{"damage":6.0,"enemies":"Gremlin Nob","floor":12.0,"turns":3.0},{"damage":9.0,"enemies":"Blue Slaver","floor":13.0,"turns":3.0},{"damage":12,"enemies":"Exordium Wildlife","floor":14,"turns":3},{"damage":57,"enemies":"The Guardian","floor":16,"turns":8}],"seed_played":"-3263139595990616593","potions_obtained":[{"floor":7.0,"key":"Fire Potion"},{"floor":8.0,"key":"Dexterity Potion"},{"floor":10.0,"key":"ElixirPotion"},{"floor":11.0,"key":"Fire Potion"},{"floor":13.0,"key":"FearPotion"}],"is_trial":false,"path_per_floor":["M","$","?","M","?","R","E","M","T","E","M","E","M","M","R","B"],"character_chosen":"IRONCLAD","items_purchased":["Twin Strike"],"campfire_rested":0,"item_purchase_floors":[2],"current_hp_per_floor":[78,78,78,80,80,80,80,80,80,57,55,60,57,51,51,0,0],"gold":313,"neow_bonus":"THREE_ENEMY_KILL","is_daily":false,"chose_seed":false,"campfire_upgraded":2,"win_rate":0.0,"timestamp":1608325334,"path_taken":["M","$","?","M","?","R","E","M","T","E","?","E","M","M","R","BOSS"],"items_purchased_type":["Card"],"build_version":"2020-12-13","purchased_purges":0,"victory":false,"max_hp_per_floor":[80,80,80,80,80,80,80,80,80,80,80,80,80,80,80,80,80],"card_choices":[{"not_picked":["Flex","Clash"],"picked":"Body Slam","floor":1.0},{"not_picked":["Sentinel","Clash"],"picked":"Flame Barrier","floor":4.0},{"not_picked":["Rage","Warcry"],"picked":"Uppercut","floor":7.0},{"not_picked":["Body Slam","Headbutt"],"picked":"Corruption","floor":8.0},{"not_picked":["Twin Strike","Clothesline","Heavy Blade"],"picked":"SKIP","floor":10.0},{"not_picked":["Wild Strike","Searing Blow"],"picked":"Infernal Blade","floor":11.0},{"not_picked":["Second Wind","Heavy Blade","Clash"],"picked":"SKIP","floor":12.0},{"not_picked":["Second Wind","Heavy Blade","Clash"],"picked":"SKIP","floor":12.0},{"not_picked":["Warcry","Disarm","Iron Wave"],"picked":"SKIP","floor":13.0},{"not_picked":["Perfected Strike","Rupture"],"picked":"Whirlwind","floor":14}],"player_experience":216450,"relics_obtained":[{"floor":7.0,"key":"Toy Ornithopter"},{"floor":9.0,"key":"Paper Frog"},{"floor":10.0,"key":"Whetstone"},{"floor":12.0,"key":"The Courier"}],"event_choices":[{"damage_healed":0.0,"max_hp_gain":0.0,"max_hp_loss":0.0,"gold_gain":0.0,"event_name":"Liars Game","player_choice":"Ignored","floor":3.0,"gold_loss":0.0,"damage_taken":0.0},{"cards_removed":["Strike_R"],"damage_healed":0.0,"max_hp_gain":0.0,"max_hp_loss":0.0,"gold_gain":0.0,"event_name":"Purifier","player_choice":"Purged","floor":5.0,"gold_loss":0.0,"damage_taken":0.0}],"is_beta":false,"boss_relics":[],"items_purged_floors":[],"is_endless":false,"potions_floor_spawned":[7,8,10,11,13],"killed_by":"The Guardian","ascension_level":8}}