{"host":"5gc11emcm5chfr5t","time":1608258868,"event":{"mods":["2.2 Compatiblity","AchievementEnabler","BaseMod","Bestiary","Better Note","Colored Map","Colored Powertips","Downfall","Googly Eyes","Minty Spire (QoL Compilation)","Rare Cards Sparkle","StSLib"],"gold_per_floor":[99,99,133,58,58,87,87,107,107,159,200,261,270,316,384,591,591,591,75,84,125,149,235,289,289,446,527,527,434,567,567,689,996,996,921,1480,584,595,656,939,939,990,1536,2186,2199,2699,2082,2353,3062,4554],"floor_reached":51,"playtime":2628,"items_purged":["Regret","sneckomod:Defend"],"score":1528,"play_id":"10651e0e-5a8a-40ef-a84d-46e7b205fae5","local_time":"20201217213428","is_ascension_mode":true,"campfire_choices":[{"floor":1,"key":"RECALL"},{"data":"sneckomod:SnekBite","floor":4,"key":"SMITH"},{"data":"sneckomod:SlitherStrike","floor":9,"key":"SMITH"},{"data":"sneckomod:DiceBoulder","floor":18,"key":"SMITH"},{"data":"sneckomod:DiceBoulder+2","floor":25,"key":"SMITH"},{"data":"sneckomod:DiceBoulder+4","floor":35,"key":"SMITH"}],"circlet_count":0,"master_deck":["AscendersBane","sneckomod:Strike+1","sneckomod:Strike+1","sneckomod:Strike+1","sneckomod:Defend+1","sneckomod:Defend+1","sneckomod:TailWhip+1","sneckomod:SnekBite+1","sneckomod:Unknown+1","sneckomod:Unknown","sneckomod:Nope","sneckomod:Unknown1Cost+1","sneckomod:GlitteringGambit+1","sneckomod:SlitherStrike+1","sneckomod:Unknown0Cost+1","sneckomod:Restock+1","sneckomod:DiceBoulder+7","sneckomod:Unknown1Cost+1","sneckomod:SerpentIdol+1","sneckomod:UnknownRarePower+2","expansioncontent:DashGenerateEvil","sneckomod:GlitteringGambit+1","sneckomod:DiceBoulder+2","sneckomod:SnakeSap+1","sneckomod:UnknownUncommonPower+2","sneckomod:UnlimitedRolls+1","hexamod:SixthSeal","sneckomod:SoulRoll+1","sneckomod:UnknownRarePower+2","expansioncontent:StudyTheSpire+1","expansioncontent:DarkVoid","Parasite","expansioncontent:DashGenerateEvil","sneckomod:UnknownRarePower"],"relics":["sneckomod:SneckoSoul","downfall:HeartsMalice","Toxic Egg 2","downfall:HeartBlessingRed","Meat on the Bone","Thread and Needle","CeramicFish","Snecko Eye","Pen Nib","Whetstone","Art of War","Dream Catcher","Nilry\u0027s Codex","Pantograph","Turnip","Busted Crown","downfall:HeartBlessingGreen","Singing Bowl","Frozen Eye","Ancient Tea Set","Bronze Scales","Regal Pillow","Strange Spoon","Omamori","Nunchaku"],"acts_visited":["Exordium","TheCity","TheBeyond"],"potions_floor_usage":[10,15,16,30,36,38,50],"damage_taken":[{"damage":0,"enemies":"2 Louse","floor":2,"turns":1},{"damage":0,"enemies":"Lagavulin","floor":3,"turns":1},{"damage":0,"enemies":"Gremlin Nob","floor":6,"turns":1},{"damage":0,"enemies":"Cultist","floor":8,"turns":2},{"damage":4,"enemies":"3 Sentries","floor":10,"turns":7},{"damage":0,"enemies":"Jaw Worm","floor":11,"turns":2},{"damage":5,"enemies":"Red Slaver","floor":12,"turns":4},{"damage":0,"enemies":"Large Slime","floor":14,"turns":4},{"damage":3,"enemies":"3 Louse","floor":15,"turns":3},{"damage":51,"enemies":"downfall:Silent","floor":16,"turns":9},{"damage":16,"enemies":"downfall:FleeingMerchant","floor":19,"turns":5},{"damage":0,"enemies":"Shell Parasite","floor":21,"turns":2},{"damage":0,"enemies":"Spheric Guardian","floor":22,"turns":1},{"damage":6,"enemies":"3 Cultists","floor":23,"turns":4},{"damage":0,"enemies":"Snake Plant","floor":26,"turns":2},{"damage":6,"enemies":"Book of Stabbing","floor":27,"turns":3},{"damage":0,"enemies":"downfall:FleeingMerchant","floor":29,"turns":4},{"damage":24,"enemies":"Chosen and Byrds","floor":30,"turns":3},{"damage":0,"enemies":"3 Cultists","floor":32,"turns":4},{"damage":6,"enemies":"downfall:Defect","floor":33,"turns":5},{"damage":5,"enemies":"3 Shapes","floor":36,"turns":5},{"damage":0,"enemies":"Orb Walker","floor":38,"turns":1},{"damage":35,"enemies":"Writhing Mass","floor":39,"turns":4},{"damage":8,"enemies":"Nemesis","floor":40,"turns":7},{"damage":8,"enemies":"Spire Growth","floor":42,"turns":3},{"damage":26,"enemies":"Maw","floor":43,"turns":6},{"damage":0,"enemies":"Reptomancer","floor":44,"turns":3},{"damage":34,"enemies":"Jaw Worm Horde","floor":45,"turns":3},{"damage":35,"enemies":"4 Shapes","floor":46,"turns":4},{"damage":50,"enemies":"Writhing Mass","floor":48,"turns":5},{"damage":17,"enemies":"Jaw Worm Horde","floor":49,"turns":2},{"damage":0,"enemies":"downfall:Watcher","floor":50,"turns":5}],"seed_played":"5336044919330154840","potions_obtained":[{"floor":3,"key":"Explosive Potion"},{"floor":11,"key":"FearPotion"},{"floor":12,"key":"Swift Potion"},{"floor":23,"key":"SneckoOil"},{"floor":26,"key":"FairyPotion"},{"floor":30,"key":"hexamod:EctoCoolerPotion"},{"floor":36,"key":"AttackPotion"},{"floor":40,"key":"Energy Potion"},{"floor":48,"key":"DuplicationPotion"},{"floor":49,"key":"LiquidMemories"}],"is_trial":false,"path_per_floor":["R","M","E","R","?","E","T","M","R","E","M","M","?","M","M","B",null,"R","$","?","M","M","M","T","R","M","E","?","$","M","?","M","B",null,"R","M","$","M","M","E","T","M","M","E","M","M","$","M","M","B",null],"character_chosen":"THE_SNECKO","items_purchased":["expansioncontent:DashGenerateEvil","Pen Nib","Whetstone","Regen Potion","Pantograph","Turnip","expansioncontent:StudyTheSpire","expansioncontent:DarkVoid","Singing Bowl","Frozen Eye","Ancient Tea Set","Strange Spoon","Omamori","Nunchaku","expansioncontent:DashGenerateEvil"],"campfire_rested":0,"item_purchase_floors":[19,19,19,19,29,29,37,37,37,37,37,47,47,47,47],"current_hp_per_floor":[81,81,82,82,82,82,82,82,82,79,79,74,74,75,72,40,81,81,65,65,65,65,60,60,60,60,54,38,50,50,50,50,70,90,90,85,85,87,54,60,60,54,42,56,36,15,15,47,43,68],"gold":4554,"neow_bonus":"THREE_ENEMY_KILL","is_daily":false,"chose_seed":false,"campfire_upgraded":5,"win_rate":0.0,"timestamp":1608258868,"path_taken":["R","M","E","R","?","E","T","M","R","E","M","?","?","M","M","BOSS","R","$","?","M","?","M","T","R","M","E","?","$","M","?","M","BOSS","R","M","$","M","M","E","T","M","?","E","M","M","?","?","M","BOSS"],"items_purchased_type":["Card","Relic","Relic","Potion","Relic","Relic","Card","Card","Relic","Relic","Relic","Relic","Relic","Relic","Card"],"build_version":"2020-12-13","purchased_purges":2,"victory":true,"max_hp_per_floor":[90,90,91,91,91,91,91,91,91,92,92,92,92,93,93,94,94,94,94,94,94,94,95,95,95,95,95,95,95,95,95,95,96,96,96,96,96,98,100,102,102,104,106,108,110,112,112,114,115,115],"card_choices":[{"not_picked":["sneckomod:DiceCrush","sneckomod:UnknownStrike"],"picked":"sneckomod:Nope","floor":2},{"not_picked":["sneckomod:UnknownClassRED+1","sneckomod:DiceBlock+1"],"picked":"sneckomod:Unknown1Cost+1","floor":3},{"not_picked":["sneckomod:IronFang","sneckomod:Unknown1Cost+1"],"picked":"sneckomod:GlitteringGambit+1","floor":6},{"not_picked":["sneckomod:SoulRoll+1","sneckomod:QuickBite"],"picked":"sneckomod:SlitherStrike","floor":8},{"not_picked":["sneckomod:QuickBite","sneckomod:UnknownClassRED+1"],"picked":"sneckomod:Unknown0Cost+1","floor":10},{"not_picked":["sneckomod:WideSting","sneckomod:UnknownStrike"],"picked":"sneckomod:Restock+1","floor":11},{"not_picked":["sneckomod:Unknown2Cost+1","sneckomod:UnknownCommonAttack"],"picked":"sneckomod:DiceBoulder","floor":12},{"not_picked":["sneckomod:QuickBite","sneckomod:Nope+1"],"picked":"sneckomod:Unknown1Cost+1","floor":14},{"not_picked":["sneckomod:UnknownWeak+1","sneckomod:RainOfDice"],"picked":"sneckomod:SerpentIdol+1","floor":15},{"not_picked":["sneckomod:SoulExchange+1","sneckomod:Restock+1"],"picked":"sneckomod:UnknownRarePower","floor":16},{"not_picked":["sneckomod:DiceCrush","sneckomod:UnknownStrike","sneckomod:UnknownExhaust+1"],"picked":"SKIP","floor":19},{"not_picked":["sneckomod:UnknownUncommonSkill+1","sneckomod:UnknownBlock+1"],"picked":"sneckomod:DiceBoulder","floor":21},{"not_picked":["sneckomod:DiceCrush","sneckomod:QuickBite"],"picked":"sneckomod:SnakeSap","floor":22},{"not_picked":["sneckomod:UnknownCommonAttack","sneckomod:UnknownCommonSkill+1"],"picked":"sneckomod:UnknownUncommonPower","floor":23},{"not_picked":["sneckomod:Unknown1Cost+1","sneckomod:DiceCrush+1","sneckomod:UnknownWeak+1"],"picked":"SKIP","floor":26},{"not_picked":["sneckomod:Unknown0Cost+1","sneckomod:Unknown1Cost+1"],"picked":"sneckomod:UnlimitedRolls","floor":27},{"not_picked":["hexamod:FirstSeal","hexamod:SecondSeal"],"picked":"hexamod:SixthSeal","floor":29},{"not_picked":["sneckomod:MixItUp","sneckomod:SoulDraw+1"],"picked":"sneckomod:SoulRoll+1","floor":29},{"not_picked":["sneckomod:UnknownEthereal+1","sneckomod:UnknownCommonSkill+1","sneckomod:UnknownClassRED+1"],"picked":"SKIP","floor":30},{"not_picked":["sneckomod:DiceBoulder","sneckomod:UnknownClassTHE_CHAMP_GRAY+1","sneckomod:WideSting"],"picked":"SKIP","floor":32},{"not_picked":["sneckomod:SoulExchange+1","sneckomod:Restock+1"],"picked":"sneckomod:UnknownRarePower","floor":33},{"not_picked":["hexamod:FourthSeal"],"picked":"SKIP","floor":36},{"not_picked":["hexamod:ThirdSeal"],"picked":"SKIP","floor":36},{"not_picked":["sneckomod:SlitherStrike"],"picked":"SKIP","floor":36},{"not_picked":["sneckomod:UnknownCommonSkill+1"],"picked":"Singing Bowl","floor":38},{"not_picked":["sneckomod:UnknownClassPURPLE+1"],"picked":"Singing Bowl","floor":39},{"not_picked":["sneckomod:UnknownWeak+1"],"picked":"Singing Bowl","floor":40},{"not_picked":["sneckomod:QuickMove+1"],"picked":"Singing Bowl","floor":42},{"not_picked":["sneckomod:UnknownStrike"],"picked":"Singing Bowl","floor":43},{"not_picked":["sneckomod:SoulCleanse+1"],"picked":"Singing Bowl","floor":44},{"not_picked":["sneckomod:UnknownStrike+1"],"picked":"Singing Bowl","floor":45},{"not_picked":["sneckomod:Nope+1"],"picked":"Singing Bowl","floor":46},{"not_picked":["sneckomod:SlitherStrike"],"picked":"Singing Bowl","floor":48},{"not_picked":[],"picked":"sneckomod:UnknownRarePower","floor":49}],"player_experience":419231,"relics_obtained":[{"floor":3,"key":"Toxic Egg 2"},{"floor":6,"key":"Meat on the Bone"},{"floor":7,"key":"Thread and Needle"},{"floor":10,"key":"CeramicFish"},{"floor":24,"key":"Art of War"},{"floor":27,"key":"Dream Catcher"},{"floor":28,"key":"Nilry\u0027s Codex"},{"floor":40,"key":"Bronze Scales"},{"floor":44,"key":"Regal Pillow"}],"event_choices":[{"damage_healed":0,"gold_gain":0,"player_choice":"Copied","damage_taken":0,"max_hp_gain":0,"max_hp_loss":0,"event_name":"Duplicator","floor":20,"gold_loss":0,"cards_obtained":["sneckomod:GlitteringGambit"]},{"damage_healed":0,"gold_gain":0,"player_choice":"Forge","damage_taken":0,"max_hp_gain":0,"max_hp_loss":0,"event_name":"Accursed Blacksmith","floor":31,"gold_loss":0,"cards_upgraded":["sneckomod:DiceBoulder"]}],"is_beta":false,"boss_relics":[{"not_picked":["sneckomod:SneckoTalon","Astrolabe"],"picked":"Snecko Eye"},{"not_picked":["Coffee Dripper","Calling Bell"],"picked":"Busted Crown"}],"items_purged_floors":[19,37],"is_endless":false,"potions_floor_spawned":[3,11,12,14,23,30,32,36,40,44,46,48,49],"ascension_level":12}}