{"host":"11728qvdvolffudn","time":1608292657,"event":{"mods":["BaseMod","Block Reminder","Colored Powertips","Custom Start","Displayed Cursed Tome","Highlight Path","Minty Spire (QoL Compilation)","Permanent Neow","Quick Restart","Rare Cards Sparkle","Relic Stats"],"gold_per_floor":[112,128,128,303,303,303,316,316,316,188,188,201,201,226,226,226,226],"floor_reached":16,"playtime":415,"items_purged":["Doubt"],"score":115,"play_id":"24da53a6-7f01-4847-a16f-a9be2c72fa7f","local_time":"20201218115737","is_ascension_mode":false,"campfire_choices":[{"data":"Feed","floor":6,"key":"SMITH"},{"data":"Feed","floor":8,"key":"SMITH"},{"data":"Flex","floor":11,"key":"SMITH"},{"data":"Defend_R","floor":13,"key":"SMITH"},{"data":"Bash","floor":15,"key":"SMITH"}],"circlet_count":0,"master_deck":["Strike_R","Strike_R","Strike_R","Strike_R","Defend_R","Defend_R","Defend_R","Defend_R+1","Bash+1","Feed+1","Feed+1","Flex+1"],"relics":["Burning Blood","Golden Idol","Sundial"],"acts_visited":["Exordium"],"potions_floor_usage":[],"damage_taken":[{"damage":8.0,"enemies":"Small Slimes","floor":1.0,"turns":3.0},{"damage":20.0,"enemies":"Jaw Worm","floor":2.0,"turns":6.0},{"damage":1,"enemies":"Cultist","floor":7,"turns":3},{"damage":11,"enemies":"2 Fungi Beasts","floor":12,"turns":4},{"damage":7,"enemies":"Large Slime","floor":14,"turns":7},{"damage":64,"enemies":"The Guardian","floor":16,"turns":9}],"seed_played":"-5928025067658528946","potions_obtained":[{"floor":14,"key":"SteroidPotion"}],"is_trial":false,"path_per_floor":["M","M","?","?","?","R","M","R","T","$","R","M","R","M","R","B"],"character_chosen":"IRONCLAD","items_purchased":["Flex"],"campfire_rested":0,"item_purchase_floors":[10],"current_hp_per_floor":[81,70,63,63,42,42,51,51,51,51,51,54,54,61,61,0,0],"gold":226,"neow_bonus":"ONE_RANDOM_RARE_CARD","is_daily":false,"chose_seed":false,"campfire_upgraded":5,"win_rate":0.0,"timestamp":1608292657,"path_taken":["M","M","?","?","?","R","M","R","T","$","R","?","R","M","R","BOSS"],"items_purchased_type":["Card"],"build_version":"2020-12-13","purchased_purges":1,"victory":false,"max_hp_per_floor":[83,86,86,86,86,86,90,90,90,90,90,98,98,106,106,106,106],"relic_stats":{"counters":[6,32],"Golden Idol":11,"Sundial":[4],"obtain_stats":[{"Golden Idol":5,"Sundial":9,"Burning Blood":0},{"Golden Idol":2,"Sundial":3,"Burning Blood":0},{"Golden Idol":9,"Sundial":12,"Burning Blood":0}],"Burning Blood":30},"card_choices":[{"not_picked":["Perfected Strike","Clothesline","Clash"],"picked":"SKIP","floor":1.0},{"not_picked":["Headbutt","Havoc","Fire Breathing"],"picked":"SKIP","floor":2.0},{"not_picked":["Armaments","Twin Strike"],"picked":"Feed","floor":7},{"not_picked":["Armaments","Sever Soul","Warcry"],"picked":"SKIP","floor":12},{"not_picked":["Entrench","Feel No Pain","Rampage"],"picked":"SKIP","floor":14}],"player_experience":128464,"relics_obtained":[{"floor":9,"key":"Sundial"}],"event_choices":[{"cards_removed":["Strike_R"],"damage_healed":0.0,"max_hp_gain":0.0,"max_hp_loss":0.0,"gold_gain":0.0,"event_name":"Golden Wing","player_choice":"Card Removal","floor":3.0,"gold_loss":0.0,"damage_taken":7.0},{"damage_healed":0,"gold_gain":175,"player_choice":"AGREE","damage_taken":0,"max_hp_gain":0,"max_hp_loss":0,"event_name":"Liars Game","floor":4,"gold_loss":0,"cards_obtained":["Doubt"]},{"damage_healed":0,"gold_gain":0,"player_choice":"Take Damage","damage_taken":21,"relics_obtained":["Golden Idol"],"max_hp_gain":0,"max_hp_loss":0,"event_name":"Golden Idol","floor":5,"gold_loss":0}],"is_beta":false,"boss_relics":[],"items_purged_floors":[10],"is_endless":false,"potions_floor_spawned":[14],"killed_by":"The Guardian","ascension_level":0}}