{"host":"zftkeu5v9gqs3wr3","time":1608258270,"event":{"mods":["Act Like it!","Bard","BaseMod","CapriCore","Elementarium","Gensokyo","Jorbs\u0027s Wanderer Trilogy","Mad Scientist","Minty Spire (QoL Compilation)","Potionbrewer","Rare Cards Sparkle","Shade Mod","StSLib","The Cursed","The Immortal","The Runesmith","TheSwordswoman"],"gold_per_floor":[115,127,140,140,155,155,7,7,34,61,85,97,141,173,185,301,313,342,354,381,393,415,427,455,467,479,502,530,6,6,20,20,123,173,189,189,20,70,82,114,114,114,114],"floor_reached":42,"playtime":3609,"items_purged":[],"score":482,"play_id":"fa349dc0-3542-45f6-9fe6-766ed6490792","local_time":"20201218022430","is_ascension_mode":false,"campfire_choices":[{"data":"Redo","floor":6,"key":"SMITH"},{"data":"Zap","floor":8,"key":"SMITH"},{"floor":15,"key":"REST"},{"data":"Stack","floor":23,"key":"SMITH"},{"floor":25,"key":"REST"},{"floor":32,"key":"REST"},{"floor":41,"key":"REST"}],"circlet_count":0,"master_deck":["Strike_B","Strike_B","Strike_B","Defend_B","Defend_B","Defend_B","Zap+1","Dualcast+1","FTL","Redo+1","Aggregate+1","Stack+1","Streamline","Ball Lightning","Chaos+1","Self Repair","Multi-Cast","Beam Cell","Barrage","Beam Cell+1","BootSequence","Conserve Battery","Leap","Steam+1","Redo","Darkness","Creative AI","Doom and Gloom","Static Discharge","White Noise","Force Field","Echo Form","White Noise","Loop+1","Hello World","Dramatic Entrance"],"relics":["FrozenCore","Runesmith:AutoHammer","MawBank","Lantern","War Paint","Runesmith:Nanobots","potionbrewer:BoosterPack","Torii","Tiny House","Mango","Orichalcum"],"acts_visited":["Exordium","TheCity","TheBeyond"],"potions_floor_usage":[11,16,20,31,38,38,38,40],"damage_taken":[{"damage":0,"enemies":"Small Slimes","floor":1,"turns":3},{"damage":6,"enemies":"Jaw Worm","floor":2,"turns":2},{"damage":1,"enemies":"Cultist","floor":3,"turns":3},{"damage":0,"enemies":"3 Louse","floor":5,"turns":2},{"damage":15,"enemies":"Exordium Wildlife","floor":10,"turns":5},{"damage":10,"enemies":"Exordium Thugs","floor":11,"turns":3},{"damage":5,"enemies":"3 Sentries","floor":13,"turns":4},{"damage":6,"enemies":"2 Fungi Beasts","floor":14,"turns":4},{"damage":24,"enemies":"The Guardian","floor":16,"turns":10},{"damage":12,"enemies":"Shell Parasite","floor":18,"turns":7},{"damage":0,"enemies":"Spheric Guardian","floor":20,"turns":1},{"damage":33,"enemies":"Shelled Parasite and Fungi","floor":22,"turns":6},{"damage":47,"enemies":"Centurion and Healer","floor":24,"turns":7},{"damage":14,"enemies":"3 Cultists","floor":27,"turns":5},{"damage":19,"enemies":"Shelled Parasite and Fungi","floor":28,"turns":6},{"damage":2,"enemies":"Snake Plant","floor":31,"turns":4},{"damage":23,"enemies":"Champ","floor":33,"turns":9},{"damage":1,"enemies":"Orb Walker","floor":35,"turns":5},{"damage":29,"enemies":"Mind Bloom Boss Battle","floor":38,"turns":9},{"damage":27,"enemies":"3 Darklings","floor":39,"turns":6},{"damage":42,"enemies":"Nemesis","floor":40,"turns":6},{"damage":46,"enemies":"Reptomancer","floor":42,"turns":3}],"seed_played":"5987803607520075256","potions_obtained":[{"floor":5,"key":"Explosive Potion"},{"floor":10,"key":"potionbrewer:AcidPotion"},{"floor":13,"key":"potionbrewer:StunPotion"},{"floor":27,"key":"Block Potion"},{"floor":33,"key":"Explosive Potion"},{"floor":34,"key":"Explosive Potion"},{"floor":35,"key":"potionbrewer:InfectionPotion"},{"floor":38,"key":"SteroidPotion"}],"is_trial":false,"path_per_floor":["M","M","M","?","M","R","$","R","T","M","M","?","E","M","R","B",null,"M","?","M","T","M","R","M","R","T","M","M","$","?","M","R","B",null,"M","?","$","?","M","E","R","E"],"character_chosen":"DEFECT","items_purchased":["Runesmith:AutoHammer","potionbrewer:BoosterPack","Doom and Gloom","Torii","Hello World","Dramatic Entrance"],"campfire_rested":4,"item_purchase_floors":[7,29,29,29,37,37],"current_hp_per_floor":[75,69,68,68,68,68,68,68,68,53,43,43,38,39,61,44,75,70,70,75,75,49,49,9,31,31,24,12,12,12,17,39,23,80,79,79,79,71,44,9,37,0,0],"gold":114,"neow_bonus":"TRANSFORM_CARD","is_daily":false,"chose_seed":false,"campfire_upgraded":3,"win_rate":0.0,"timestamp":1608258270,"path_taken":["M","M","M","?","M","R","$","R","T","M","M","?","E","?","R","BOSS","M","?","M","?","M","R","?","R","T","M","M","$","?","M","R","BOSS","M","?","$","?","M","E","R","E"],"items_purchased_type":["Relic","Relic","Card","Relic","Card","Card"],"build_version":"2020-12-13","purchased_purges":0,"victory":false,"max_hp_per_floor":[75,75,75,75,75,75,75,75,75,75,75,75,75,75,75,75,75,75,75,75,75,75,75,75,75,75,75,75,75,75,75,75,75,80,80,80,80,94,94,94,94,94,94],"card_choices":[{"not_picked":["Hologram","Barrage"],"picked":"Redo","floor":1},{"not_picked":["Storm","Glacier"],"picked":"Aggregate","floor":2},{"not_picked":["Conserve Battery","Auto Shields"],"picked":"Stack","floor":3},{"not_picked":["Leap","Barrage"],"picked":"Streamline","floor":5},{"not_picked":["Compile Driver","Thunder Strike"],"picked":"Ball Lightning","floor":10},{"not_picked":["Steam Power","Double Energy"],"picked":"Chaos","floor":11},{"not_picked":["Storm","Rebound"],"picked":"Self Repair","floor":13},{"not_picked":["Hologram","Compile Driver","Ball Lightning"],"picked":"SKIP","floor":14},{"not_picked":["Reboot","Machine Learning"],"picked":"Multi-Cast","floor":16},{"not_picked":["Sweeping Beam","Conserve Battery"],"picked":"Beam Cell","floor":18},{"not_picked":["Coolheaded+1","Hologram+1","Steam Power+1"],"picked":"SKIP","floor":20},{"not_picked":["Hologram+1","Cold Snap"],"picked":"Barrage","floor":22},{"not_picked":["Tempest","Defragment"],"picked":"Beam Cell+1","floor":24},{"not_picked":["Beam Cell","Auto Shields+1"],"picked":"BootSequence","floor":27},{"not_picked":["Double Energy","Steam+1"],"picked":"Conserve Battery","floor":28},{"not_picked":["Darkness","Seek"],"picked":"Force Field","floor":31},{"not_picked":["Meteor Strike","Creative AI"],"picked":"Echo Form","floor":33},{"not_picked":["Gash","Leap"],"picked":"White Noise","floor":34},{"not_picked":["Barrage+1","Turbo+1"],"picked":"Loop+1","floor":35},{"not_picked":["Scrape","Cold Snap","Consume"],"picked":"SKIP","floor":39},{"not_picked":["Cold Snap","Reprogram","Streamline"],"picked":"SKIP","floor":40}],"player_experience":77850,"relics_obtained":[{"floor":9,"key":"MawBank"},{"floor":13,"key":"Lantern"},{"floor":21,"key":"War Paint"},{"floor":26,"key":"Runesmith:Nanobots"},{"floor":38,"key":"Mango"},{"floor":40,"key":"Orichalcum"}],"event_choices":[{"damage_healed":0,"gold_gain":0,"player_choice":"Ignored","damage_taken":0,"max_hp_gain":0,"max_hp_loss":0,"event_name":"Golden Wing","floor":4,"gold_loss":0},{"damage_healed":0,"gold_gain":0,"player_choice":"Forge","damage_taken":0,"max_hp_gain":0,"max_hp_loss":0,"event_name":"Accursed Blacksmith","floor":12,"gold_loss":0,"cards_upgraded":["Chaos"]},{"damage_healed":0,"gold_gain":0,"cards_transformed":["Scrape","Strike_B"],"player_choice":"Became Test Subject","damage_taken":0,"max_hp_gain":0,"max_hp_loss":0,"event_name":"Drug Dealer","floor":30,"gold_loss":0,"cards_obtained":["Static Discharge","White Noise"]},{"damage_healed":0,"gold_gain":0,"player_choice":"Fight","damage_taken":0,"max_hp_gain":0,"max_hp_loss":0,"event_name":"MindBloom","floor":38,"gold_loss":0}],"is_beta":false,"boss_relics":[{"not_picked":["Philosopher\u0027s Stone","Runic Dome"],"picked":"FrozenCore"},{"not_picked":["Calling Bell","Busted Crown"],"picked":"Tiny House"}],"items_purged_floors":[],"is_endless":false,"potions_floor_spawned":[5,10,13,27,33,35,38],"killed_by":"Reptomancer","ascension_level":0}}