{"host":"qwttrqaysb380yri","time":1608322026,"event":{"mods":["BaseMod","Custom Start","Minty Spire (QoL Compilation)","Puzzle Mod","Relic Stats","StSLib","The Cursed","The Hierophant"],"gold_per_floor":[118,118,129,129,149,176,190,210,210,242,242,253,253,278,278,375,375,386,405,420,101,101,101,101],"floor_reached":23,"playtime":2401,"items_purged":["Strike_B"],"score":366,"play_id":"4cff6a08-7274-4c20-b0e8-bd860b3bbcc2","local_time":"20201218210706","is_ascension_mode":true,"campfire_choices":[{"data":"Hologram","floor":11,"key":"SMITH"},{"data":"Regret","floor":13,"key":"PURGE"},{"floor":15,"key":"REST"}],"circlet_count":0,"master_deck":["AscendersBane","Strike_B","Strike_B","Strike_B","Defend_B","Defend_B","Defend_B","Defend_B","Zap","Dualcast","Streamline","Consume+1","Compile Driver","Cold Snap","Gash","Cold Snap","Hologram+1","Turbo","Conserve Battery","Fission","Gash+1","Conserve Battery","Decay"],"relics":["Cracked Core","Lizard Tail","Mango","Girya","Peace Pipe","Bag of Preparation","SlaversCollar","White Beast Statue"],"acts_visited":["Exordium","TheCity"],"potions_floor_usage":[6,16,18,20,23],"damage_taken":[{"damage":8,"enemies":"Jaw Worm","floor":1,"turns":4},{"damage":7,"enemies":"Small Slimes","floor":3,"turns":4},{"damage":1,"enemies":"Cultist","floor":5,"turns":3},{"damage":38,"enemies":"3 Sentries","floor":6,"turns":6},{"damage":5,"enemies":"3 Louse","floor":7,"turns":4},{"damage":19,"enemies":"Looter","floor":8,"turns":4},{"damage":16,"enemies":"Lagavulin","floor":10,"turns":7},{"damage":6,"enemies":"Large Slime","floor":12,"turns":5},{"damage":28,"enemies":"Gremlin Nob","floor":14,"turns":5},{"damage":33,"enemies":"Hexaghost","floor":16,"turns":10},{"damage":10,"enemies":"3 Byrds","floor":18,"turns":6},{"damage":17,"enemies":"Spheric Guardian","floor":19,"turns":7},{"damage":11,"enemies":"Chosen and Byrds","floor":20,"turns":9},{"damage":22,"enemies":"Slavers","floor":23,"turns":2}],"seed_played":"-1317785034184191271","potions_obtained":[{"floor":1,"key":"LiquidBronze"},{"floor":5,"key":"CultistPotion"},{"floor":10,"key":"Ancient Potion"},{"floor":16,"key":"ColorlessPotion"},{"floor":18,"key":"DuplicationPotion"}],"is_trial":false,"path_per_floor":["M","?","M","?","M","E","M","M","T","E","R","M","R","E","R","B",null,"M","M","M","$","?","E"],"character_chosen":"DEFECT","items_purchased":["White Beast Statue"],"campfire_rested":1,"item_purchase_floors":[21],"current_hp_per_floor":[67,67,60,60,59,35,30,11,11,43,43,37,37,9,37,4,73,63,46,35,35,35,13,13],"gold":101,"neow_bonus":"TEN_PERCENT_HP_BONUS","is_daily":false,"chose_seed":false,"campfire_upgraded":1,"win_rate":0.0,"timestamp":1608322026,"path_taken":["M","?","M","?","M","E","M","?","T","E","R","M","R","E","R","BOSS","M","M","M","$","?","E"],"items_purchased_type":["Relic"],"build_version":"2020-12-13","purchased_purges":1,"victory":false,"max_hp_per_floor":[82,82,82,82,82,96,96,96,96,96,96,96,96,96,96,96,96,96,96,96,96,96,96,96],"relic_stats":{"Peace Pipe":1,"Lizard Tail":48,"counters":[14,76],"Bag of Preparation":[10],"obtain_stats":[{"Peace Pipe":10,"Girya":9,"SlaversCollar":17,"Lizard Tail":2,"Mango":6,"Bag of Preparation":14,"Cracked Core":0,"White Beast Statue":21},{"Peace Pipe":7,"Girya":6,"SlaversCollar":10,"Lizard Tail":1,"Mango":4,"Bag of Preparation":9,"Cracked Core":0,"White Beast Statue":13},{"Peace Pipe":32,"Girya":25,"SlaversCollar":52,"Lizard Tail":4,"Mango":17,"Bag of Preparation":42,"Cracked Core":0,"White Beast Statue":74}]},"card_choices":[{"not_picked":["Glacier","Double Energy"],"picked":"Streamline","floor":1},{"not_picked":["Streamline","Coolheaded"],"picked":"Consume","floor":3},{"not_picked":["Leap","Recycle"],"picked":"Compile Driver","floor":5},{"not_picked":["Thunder Strike","Beam Cell"],"picked":"Cold Snap","floor":6},{"not_picked":["Barrage","Conserve Battery"],"picked":"Gash","floor":7},{"not_picked":["Self Repair","Rip and Tear"],"picked":"Cold Snap","floor":8},{"not_picked":["Creative AI","Fission"],"picked":"Hologram","floor":10},{"not_picked":["Redo","Compile Driver"],"picked":"Turbo","floor":12},{"not_picked":["Steam","Turbo"],"picked":"Conserve Battery","floor":14},{"not_picked":["Reboot","Rainbow"],"picked":"Fission","floor":16},{"not_picked":["Cold Snap","Coolheaded","Scrape"],"picked":"SKIP","floor":18},{"not_picked":["Coolheaded+1","Streamline"],"picked":"Gash+1","floor":19},{"not_picked":["Beam Cell+1","Turbo"],"picked":"Conserve Battery","floor":20}],"player_experience":1876885,"relics_obtained":[{"floor":6,"key":"Mango"},{"floor":9,"key":"Girya"},{"floor":10,"key":"Peace Pipe"},{"floor":14,"key":"Bag of Preparation"}],"event_choices":[{"damage_healed":0,"gold_gain":0,"player_choice":"Box","damage_taken":0,"relics_obtained":["Lizard Tail"],"max_hp_gain":0,"max_hp_loss":0,"event_name":"Big Fish","floor":2,"gold_loss":0,"cards_obtained":["Regret"]},{"damage_healed":0,"gold_gain":0,"player_choice":"Upgraded","damage_taken":0,"max_hp_gain":0,"max_hp_loss":0,"event_name":"Upgrade Shrine","floor":4,"gold_loss":0,"cards_upgraded":["Consume"]},{"damage_healed":0,"gold_gain":0,"player_choice":"Smashed Altar","damage_taken":0,"max_hp_gain":0,"max_hp_loss":0,"event_name":"Forgotten Altar","floor":22,"gold_loss":0,"cards_obtained":["Decay"]}],"is_beta":false,"boss_relics":[{"not_picked":["FrozenCore","Pandora\u0027s Box"],"picked":"SlaversCollar"}],"items_purged_floors":[21],"is_endless":false,"potions_floor_spawned":[1,5,10,14,16,18,19],"killed_by":"Slavers","ascension_level":12}}