{"host":"f14d6hm2349s9jse","time":1608306882,"event":{"mods":["2.2 Compatiblity","BaseMod","Minty Spire (QoL Compilation)","StSLib","The Death Knight"],"gold_per_floor":[118,118,83,99,99,128,128,159,206,206,220,220,35,90,90,226,226,240,240,240,260,275,275,320,320,346,364,374,392,392,392,392,514,514,533,533,533,533,568,596,596,624,624,662,662,34,116,130,130,155,155],"floor_reached":50,"playtime":3725,"items_purged":[],"score":603,"play_id":"e0b2fe69-c31b-4880-9a67-3befb4d7eab6","local_time":"20201218105442","is_ascension_mode":false,"campfire_choices":[{"floor":15.0,"key":"REST"},{"floor":23.0,"key":"REST"},{"data":"HandOfGreed","floor":25.0,"key":"SMITH"},{"floor":30.0,"key":"REST"},{"floor":32.0,"key":"RECALL"},{"floor":41,"key":"REST"},{"floor":45,"key":"REST"},{"floor":49,"key":"REST"}],"circlet_count":0,"master_deck":["DeathKnight:Strike_DeathKnight","DeathKnight:Strike_DeathKnight","DeathKnight:Strike_DeathKnight","DeathKnight:Strike_DeathKnight","DeathKnight:Strike_DeathKnight","DeathKnight:Defend_DeathKnight","DeathKnight:Defend_DeathKnight","DeathKnight:Defend_DeathKnight","DeathKnight:Defend_DeathKnight","DeathKnight:Defend_DeathKnight","DeathKnight:RuneTap","DeathKnight:RuneStrike","DeathKnight:IcyTouch","DeathKnight:BloodPact","DeathKnight:MutagenicPlague","Regret","DeathKnight:Pestilence+1","DeathKnight:DancingRuneblade","DeathKnight:BloodBoil","HandOfGreed+1","DeathKnight:WraithWalk","DeathKnight:MarkOfBlood","DeathKnight:UnholyAssault+1","DeathKnight:HowlingBlast","DeathKnight:DancingRuneblade","DeathKnight:UnholyAssault+1","DeathKnight:BludPresence","DeathKnight:Lichborne","DeathKnight:ShatteringStrikes","DeathKnight:Outbreak","CurseOfTheBell","DeathKnight:FoulBulwark+1","DeathKnight:UnholyPresence+1","DeathKnight:Contagion","DeathKnight:DeathStrike","DeathKnight:BloodBoil+1","DeathKnight:FrosPresence","DeathKnight:Pestilence","DeathKnight:FrosPresence+1"],"relics":["DeathKnight:BrokenRuneblade","NeowsBlessing","HornCleat","Mummified Hand","Lantern","Tiny Chest","Regal Pillow","PreservedInsect","Philosopher\u0027s Stone","Ornamental Fan","NlothsMask","Art of War","Calling Bell","Orichalcum","Question Card","WingedGreaves","Akabeko","Blood Vial","Singing Bowl","DeathKnight:TomeOfBloodSpecialization","Dead Branch","Kunai"],"acts_visited":["Exordium","TheCity","TheBeyond"],"potions_floor_usage":[42,44,50,50,50],"damage_taken":[{"damage":0.0,"enemies":"2 Louse","floor":1.0,"turns":1.0},{"damage":0.0,"enemies":"Small Slimes","floor":4.0,"turns":1.0},{"damage":0.0,"enemies":"3 Sentries","floor":6.0,"turns":2.0},{"damage":25.0,"enemies":"Lagavulin","floor":8.0,"turns":7.0},{"damage":7.0,"enemies":"Jaw Worm","floor":11.0,"turns":3.0},{"damage":9.0,"enemies":"Large Slime","floor":14.0,"turns":8.0},{"damage":44.0,"enemies":"Slime Boss","floor":16.0,"turns":10.0},{"damage":17.0,"enemies":"Shell Parasite","floor":18.0,"turns":6.0},{"damage":4.0,"enemies":"Spheric Guardian","floor":21.0,"turns":5.0},{"damage":23.0,"enemies":"Centurion and Healer","floor":22.0,"turns":6.0},{"damage":14.0,"enemies":"Slavers","floor":24.0,"turns":5.0},{"damage":12.0,"enemies":"Shelled Parasite and Fungi","floor":27.0,"turns":4.0},{"damage":10.0,"enemies":"3 Cultists","floor":28.0,"turns":4.0},{"damage":18.0,"enemies":"Centurion and Healer","floor":29.0,"turns":7.0},{"damage":35.0,"enemies":"Champ","floor":33.0,"turns":8.0},{"damage":7.0,"enemies":"3 Darklings","floor":35.0,"turns":9.0},{"damage":8.0,"enemies":"3 Shapes","floor":39.0,"turns":4.0},{"damage":6,"enemies":"Nemesis","floor":40,"turns":7},{"damage":34,"enemies":"Reptomancer","floor":42,"turns":7},{"damage":13,"enemies":"3 Darklings","floor":44,"turns":9},{"damage":29,"enemies":"Maw","floor":48,"turns":6},{"damage":78,"enemies":"Awakened One","floor":50,"turns":4}],"seed_played":"4152727238008880573","potions_obtained":[{"floor":4.0,"key":"SmokeBomb"},{"floor":6.0,"key":"Strength Potion"},{"floor":14.0,"key":"SpeedPotion"},{"floor":18.0,"key":"DeathKnight:PlagueVial"},{"floor":28.0,"key":"ColorlessPotion"},{"floor":29.0,"key":"Block Potion"},{"floor":38.0,"key":"FearPotion"},{"floor":38.0,"key":"Dexterity Potion"},{"floor":38.0,"key":"Explosive Potion"},{"floor":39.0,"key":"LiquidBronze"},{"floor":44,"key":"FearPotion"},{"floor":48,"key":"ColorlessPotion"}],"is_trial":false,"path_per_floor":["M","?","$","M","?","E","T","E","T","?","M","?","$","M","R","B",null,"M","T","?","M","M","R","E","R","T","M","M","M","R","?","R","B",null,"M","T","?","?","M","E","R","E","T","M","R","$","T","M","R","B"],"character_chosen":"DEATH_KNIGHT","items_purchased":["DeathKnight:BloodPact","HandOfGreed","DeathKnight:FrosPresence","DeathKnight:TomeOfBloodSpecialization","Dead Branch","DeathKnight:Pestilence"],"campfire_rested":6,"item_purchase_floors":[3,13,46,46,46,46],"current_hp_per_floor":[75,75,75,75,75,75,75,50,50,50,43,43,43,34,71,27,75,58,58,58,54,31,68,54,54,54,42,32,14,51,51,51,16,75,68,68,68,68,60,54,75,41,41,37,74,74,74,53,75,0,0],"gold":155,"neow_bonus":"THREE_ENEMY_KILL","is_daily":false,"chose_seed":false,"campfire_upgraded":1,"win_rate":0.0,"timestamp":1608306882,"path_taken":["M","?","$","M","?","E","?","E","T","?","?","?","$","M","R","BOSS","M","?","?","M","M","R","E","R","T","M","M","?","R","?","R","BOSS","M","?","?","?","M","E","R","E","T","?","R","$","?","M","R","BOSS"],"items_purchased_type":["Card","Card","Card","Relic","Relic","Card"],"build_version":"2020-12-13","purchased_purges":0,"victory":false,"max_hp_per_floor":[75,75,75,75,75,75,75,75,75,75,75,75,75,75,75,75,75,75,75,75,75,75,75,75,75,75,75,75,75,75,75,75,75,75,75,75,75,75,75,75,75,75,75,75,75,75,75,75,75,75,75],"card_choices":[{"not_picked":["DeathKnight:Ossuary","DeathKnight:RaiseAlly"],"picked":"DeathKnight:IcyTouch","floor":1.0},{"not_picked":["DeathKnight:ChainsOfIce","DeathKnight:Culling"],"picked":"DeathKnight:MutagenicPlague","floor":4.0},{"not_picked":["DeathKnight:ScourgeStrike","DeathKnight:FrosPresence"],"picked":"DeathKnight:Pestilence","floor":6.0},{"not_picked":["DeathKnight:AntiMagicShell","DeathKnight:RuneShock"],"picked":"DeathKnight:DancingRuneblade","floor":8.0},{"not_picked":["DeathKnight:HornOfWinter","DeathKnight:BoneSpear"],"picked":"DeathKnight:BloodBoil","floor":11.0},{"not_picked":["DeathKnight:DeathAndDecay","DeathKnight:UnholyFrenzy"],"picked":"DeathKnight:WraithWalk","floor":14.0},{"not_picked":["DeathKnight:BoneStorm","DeathKnight:RunicDetonation"],"picked":"DeathKnight:MarkOfBlood","floor":16.0},{"not_picked":["DeathKnight:IcyTouch","DeathKnight:DeathGrip"],"picked":"DeathKnight:UnholyAssault+1","floor":18.0},{"not_picked":["DeathKnight:IceboundArmor","DeathKnight:Lichborne"],"picked":"DeathKnight:HowlingBlast","floor":21.0},{"not_picked":["DeathKnight:IceboundArmor+1","DeathKnight:HartStrike"],"picked":"DeathKnight:DancingRuneblade","floor":22.0},{"not_picked":["DeathKnight:BloodBoil+1","DeathKnight:PlagueStrike"],"picked":"DeathKnight:UnholyAssault+1","floor":24.0},{"not_picked":["DeathKnight:BloodTap","DeathKnight:Obliterate"],"picked":"DeathKnight:BludPresence","floor":27.0},{"not_picked":["DeathKnight:RunicCorruption","DeathKnight:MindFreeze"],"picked":"DeathKnight:Lichborne","floor":28.0},{"not_picked":["DeathKnight:FrostStrike","DeathKnight:HowlingBlast+1"],"picked":"DeathKnight:ShatteringStrikes","floor":29.0},{"not_picked":["DeathKnight:ArmyOfTheDead","DeathKnight:BoneStorm"],"picked":"DeathKnight:Outbreak","floor":33.0},{"not_picked":["DeathKnight:Ossuary","DeathKnight:Pestilence+1","DeathKnight:RunicDetonation"],"picked":"DeathKnight:FoulBulwark+1","floor":35.0},{"not_picked":["DeathKnight:DeathCoil+1","DeathKnight:ThirstingStrike+1","DeathKnight:BludPresence+1"],"picked":"DeathKnight:UnholyPresence+1","floor":39.0},{"not_picked":["DeathKnight:Runeguard+1","DeathKnight:DarkSuccor","DeathKnight:BloodTap+1"],"picked":"DeathKnight:Contagion","floor":40},{"not_picked":["DeathKnight:BoneSpear+1","DeathKnight:Ossuary+1","DeathKnight:Lichborne+1"],"picked":"DeathKnight:DeathStrike","floor":42},{"not_picked":["DeathKnight:IcyTouch+1","DeathKnight:HartStrike+1","DeathKnight:BoneSpear"],"picked":"DeathKnight:BloodBoil+1","floor":44},{"not_picked":["DeathKnight:FesteringStrike","DeathKnight:DreadStrike","DeathKnight:BludPresence+1"],"picked":"DeathKnight:FrosPresence+1","floor":48}],"player_experience":2470093,"relics_obtained":[{"floor":6.0,"key":"Mummified Hand"},{"floor":7.0,"key":"Lantern"},{"floor":8.0,"key":"Tiny Chest"},{"floor":9.0,"key":"Regal Pillow"},{"floor":19.0,"key":"Ornamental Fan"},{"floor":24.0,"key":"Art of War"},{"floor":34.0,"key":"Orichalcum"},{"floor":34.0,"key":"Question Card"},{"floor":34.0,"key":"WingedGreaves"},{"floor":40,"key":"Akabeko"},{"floor":42,"key":"Blood Vial"},{"floor":43,"key":"Singing Bowl"},{"floor":47,"key":"Kunai"}],"event_choices":[{"damage_healed":0.0,"max_hp_gain":0.0,"max_hp_loss":0.0,"gold_gain":0.0,"event_name":"The Cleric","player_choice":"Leave","floor":2.0,"gold_loss":0.0,"damage_taken":0.0},{"damage_healed":0.0,"max_hp_gain":0.0,"max_hp_loss":0.0,"gold_gain":0.0,"event_name":"Big Fish","player_choice":"Box","floor":5.0,"gold_loss":0.0,"damage_taken":0.0,"relics_obtained":["HornCleat"],"cards_obtained":["Regret"]},{"damage_healed":0.0,"max_hp_gain":0.0,"max_hp_loss":0.0,"gold_gain":0.0,"event_name":"NoteForYourself","player_choice":"Ignored","floor":10.0,"gold_loss":0.0,"damage_taken":0.0},{"damage_healed":0.0,"max_hp_gain":0.0,"max_hp_loss":0.0,"gold_gain":0.0,"event_name":"WeMeetAgain","player_choice":"Gave Potion","floor":12.0,"gold_loss":0.0,"damage_taken":0.0,"relics_obtained":["PreservedInsect"]},{"damage_healed":0.0,"max_hp_gain":0.0,"max_hp_loss":0.0,"gold_gain":0.0,"event_name":"FaceTrader","player_choice":"Trade","floor":20.0,"gold_loss":0.0,"damage_taken":0.0,"relics_obtained":["NlothsMask"]},{"damage_healed":0.0,"max_hp_gain":0.0,"max_hp_loss":0.0,"gold_gain":0.0,"event_name":"Upgrade Shrine","player_choice":"Upgraded","floor":31.0,"gold_loss":0.0,"damage_taken":0.0,"cards_upgraded":["DeathKnight:Pestilence"]},{"damage_healed":0.0,"max_hp_gain":0.0,"max_hp_loss":0.0,"gold_gain":0.0,"event_name":"Tomb of Lord Red Mask","player_choice":"Ignored","floor":37.0,"gold_loss":0.0,"damage_taken":0.0},{"damage_healed":0.0,"max_hp_gain":0.0,"max_hp_loss":0.0,"gold_gain":0.0,"event_name":"Lab","player_choice":"Got Potions","floor":38.0,"gold_loss":0.0,"damage_taken":0.0}],"is_beta":false,"boss_relics":[{"not_picked":["Tiny House","Runic Pyramid"],"picked":"Philosopher\u0027s Stone"},{"not_picked":["SacredBark","Velvet Choker"],"picked":"Calling Bell"}],"items_purged_floors":[],"is_endless":false,"potions_floor_spawned":[4,6,14,18,28,29,39,44,48],"killed_by":"Awakened One","ascension_level":0}}