{"host":"15dd7v8o90xso62x","time":1608293969,"event":{"mods":["BaseMod","Minty Spire (QoL Compilation)","Quick Restart","StSLib"],"gold_per_floor":[117,131,150,165,180,180,191,191,191],"floor_reached":8,"playtime":149,"items_purged":[],"score":104,"play_id":"d6960e32-4f98-478c-ad66-c13133da3fc5","local_time":"20201218211929","is_ascension_mode":true,"campfire_choices":[{"data":"Die Die Die","floor":6.0,"key":"SMITH"}],"circlet_count":0,"master_deck":["AscendersBane","Strike_G","Strike_G","Strike_G","Strike_G","Strike_G","Defend_G","Defend_G","Defend_G","Defend_G","Defend_G","Survivor","Neutralize","Choke","Backflip","Die Die Die+1","Calculated Gamble","Blur"],"relics":["Ring of the Snake","NeowsBlessing"],"acts_visited":["Exordium"],"potions_floor_usage":[],"damage_taken":[{"damage":0.0,"enemies":"2 Louse","floor":1.0,"turns":1.0},{"damage":0.0,"enemies":"Jaw Worm","floor":2.0,"turns":1.0},{"damage":0.0,"enemies":"Cultist","floor":3.0,"turns":1.0},{"damage":7.0,"enemies":"Exordium Wildlife","floor":4.0,"turns":4.0},{"damage":2.0,"enemies":"2 Fungi Beasts","floor":5.0,"turns":3.0},{"damage":18.0,"enemies":"Exordium Thugs","floor":7.0,"turns":3.0},{"damage":0,"enemies":"Lagavulin","floor":8,"turns":1}],"seed_played":"3492766553613807167","potions_obtained":[{"floor":1.0,"key":"EssenceOfSteel"},{"floor":4.0,"key":"LiquidBronze"},{"floor":7.0,"key":"EntropicBrew"}],"is_trial":false,"path_per_floor":["M","M","M","M","M","R","M","E"],"character_chosen":"THE_SILENT","items_purchased":[],"campfire_rested":0,"item_purchase_floors":[],"current_hp_per_floor":[59,59,59,52,50,50,32,32,32],"gold":191,"neow_bonus":"THREE_ENEMY_KILL","is_daily":false,"chose_seed":false,"campfire_upgraded":1,"win_rate":0.0,"timestamp":1608293969,"path_taken":["M","M","M","M","M","R","M","E"],"items_purchased_type":[],"build_version":"2020-12-13","purchased_purges":0,"victory":false,"max_hp_per_floor":[66,66,66,66,66,66,66,66,66],"card_choices":[{"not_picked":["Expertise","PiercingWail"],"picked":"Choke","floor":1.0},{"not_picked":["Sucker Punch","Slice"],"picked":"Backflip","floor":2.0},{"not_picked":["Bane","Predator"],"picked":"Die Die Die","floor":3.0},{"not_picked":["Poisoned Stab","Deadly Poison","Slice"],"picked":"SKIP","floor":4.0},{"not_picked":["Flechettes","Finisher"],"picked":"Calculated Gamble","floor":5.0},{"not_picked":["Sucker Punch","Underhanded Strike"],"picked":"Blur","floor":7.0}],"player_experience":921947,"relics_obtained":[],"event_choices":[],"is_beta":false,"boss_relics":[],"items_purged_floors":[],"is_endless":false,"potions_floor_spawned":[1,4,7],"killed_by":"Lagavulin","ascension_level":20}}