{"host":"fdq5pmhluajjrf8d","time":1608257378,"event":{"mods":["BaseMod","Minty Spire (QoL Compilation)"],"gold_per_floor":[117,129,129,140,160,180,180,192,264,61,79,79,99,113,113,113,113],"floor_reached":16,"playtime":459,"items_purged":[],"score":191,"play_id":"a103bea1-0df4-43cd-aff7-a8d29147df27","local_time":"20201217210938","is_ascension_mode":true,"campfire_choices":[{"data":"Redo","floor":7.0,"key":"SMITH"},{"floor":12.0,"key":"REST"},{"floor":15.0,"key":"REST"}],"circlet_count":0,"master_deck":["AscendersBane","Strike_B","Strike_B","Strike_B","Defend_B","Defend_B","Defend_B","Defend_B","Zap","Dualcast","Ball Lightning","Ball Lightning","Redo+1","Reinforced Body","Core Surge","Defragment","Conserve Battery"],"relics":["Cracked Core","Letter Opener","PreservedInsect"],"acts_visited":["Exordium"],"potions_floor_usage":[16,16],"damage_taken":[{"damage":5.0,"enemies":"Small Slimes","floor":1.0,"turns":3.0},{"damage":1.0,"enemies":"2 Louse","floor":2.0,"turns":3.0},{"damage":0.0,"enemies":"Cultist","floor":4.0,"turns":2.0},{"damage":0.0,"enemies":"Large Slime","floor":5.0,"turns":2.0},{"damage":17.0,"enemies":"Lots of Slimes","floor":6.0,"turns":4.0},{"damage":2.0,"enemies":"Red Slaver","floor":8.0,"turns":3.0},{"damage":8.0,"enemies":"Exordium Thugs","floor":11.0,"turns":4.0},{"damage":8.0,"enemies":"3 Louse","floor":13.0,"turns":3.0},{"damage":26.0,"enemies":"Gremlin Gang","floor":14.0,"turns":4.0},{"damage":45,"enemies":"The Guardian","floor":16,"turns":5}],"seed_played":"-5703553222997358774","potions_obtained":[{"floor":2.0,"key":"LiquidBronze"},{"floor":4.0,"key":"LiquidBronze"},{"floor":5.0,"key":"CultistPotion"},{"floor":6.0,"key":"Block Potion"},{"floor":14.0,"key":"Dexterity Potion"}],"is_trial":false,"path_per_floor":["M","M","?","M","M","M","R","M","T","$","M","R","M","M","R","B"],"character_chosen":"DEFECT","items_purchased":["PreservedInsect","Defragment"],"campfire_rested":2,"item_purchase_floors":[10,10],"current_hp_per_floor":[66,65,58,58,58,41,41,39,39,39,31,54,46,20,43,0,0],"gold":113,"neow_bonus":"TEN_PERCENT_HP_BONUS","is_daily":false,"chose_seed":false,"campfire_upgraded":1,"win_rate":0.0,"timestamp":1608257378,"path_taken":["M","M","?","M","M","M","R","M","T","$","M","R","M","M","R","BOSS"],"items_purchased_type":["Relic","Card"],"build_version":"2020-12-13","purchased_purges":0,"victory":false,"max_hp_per_floor":[78,78,78,78,78,78,78,78,78,78,78,78,78,78,78,78,78],"card_choices":[{"not_picked":["Barrage","Steam"],"picked":"Ball Lightning","floor":1.0},{"not_picked":["Rebound","Compile Driver"],"picked":"Ball Lightning","floor":2.0},{"not_picked":["Force Field","Heatsinks"],"picked":"Redo","floor":4.0},{"not_picked":["Leap","Gash"],"picked":"Reinforced Body","floor":5.0},{"not_picked":["Cold Snap","Doom and Gloom","Undo"],"picked":"SKIP","floor":6.0},{"not_picked":["FTL","Stack"],"picked":"Core Surge","floor":8.0},{"not_picked":["Leap","Compile Driver"],"picked":"Conserve Battery","floor":11.0},{"not_picked":["Hologram","Self Repair","Reprogram"],"picked":"SKIP","floor":13.0},{"not_picked":["Leap","Barrage","Go for the Eyes"],"picked":"SKIP","floor":14.0}],"player_experience":1880108,"relics_obtained":[{"floor":9.0,"key":"Letter Opener"}],"event_choices":[{"cards_removed":["Strike_B"],"damage_healed":0.0,"max_hp_gain":0.0,"max_hp_loss":0.0,"gold_gain":0.0,"event_name":"Golden Wing","player_choice":"Card Removal","floor":3.0,"gold_loss":0.0,"damage_taken":7.0}],"is_beta":false,"boss_relics":[],"items_purged_floors":[],"is_endless":false,"potions_floor_spawned":[2,4,5,6,14],"killed_by":"The Guardian","ascension_level":19}}