{"host":"vh33hu3wddwn6yt6","time":1608323733,"event":{"mods":["AchievementEnabler","Act Like it!","Aspiration","BaseMod","Better Altar","Better Match","Better Note","Better Sensory Stone","Better Skull","Better Third Choice","BetterRewards","Downfall","Hubris","Minty Spire (QoL Compilation)","Permanent Neow","Replay The Spire","Shade Mod","Shop Mod","Spicy Shops","StSLib","SuperFastMode","The Blackbeard","The Necromancer","The Poker Player","The Servant 0.9.4","Wandering Minibosses"],"gold_per_floor":[99,133,149,162,182,107,154,189,39,67,67,67,52,72,84,188,188,188,220,254,354,99,99,124,124,154,154,154,254,264,279,293,390,390,390,416,426,252,262,309,309,336,336,362,394,414,0,11,30,46,46,76,2,2,2],"floor_reached":56,"playtime":2336,"items_purged":["Replay:Hysterical Blindness"],"score":1552,"play_id":"9c607497-eea8-4a2c-b0d2-db582eba340c","local_time":"20201218213533","is_ascension_mode":true,"campfire_choices":[{"floor":1.0,"key":"RECALL"},{"floor":6.0,"key":"REST"},{"floor":9.0,"key":"REST"},{"data":"blackbeard:Halberd","floor":18.0,"key":"SMITH"},{"data":"blackbeard:Rum","floor":23.0,"key":"SMITH"},{"data":"blackbeard:PowerHungry","floor":25.0,"key":"SMITH"},{"data":"blackbeard:Rum","floor":27.0,"key":"SMITH"},{"data":"blackbeard:Rum","floor":35.0,"key":"SMITH"},{"data":"ReplayTheSpireMod:Private Reserves","floor":43,"key":"SMITH"},{"data":"blackbeard:Parrot","floor":54,"key":"SMITH"}],"circlet_count":1,"master_deck":["blackbeard:BlackbeardStrike","blackbeard:BlackbeardStrike","blackbeard:BlackbeardStrike","blackbeard:BlackbeardStrike+1","blackbeard:IntimidatingStrike","blackbeard:BlackbeardDefend","blackbeard:BlackbeardDefend","blackbeard:BlackbeardDefend+1","blackbeard:BlackbeardDefend","blackbeard:Cutlass","blackbeard:Sword","blackbeard:BlindAttacks+1","blackbeard:PowerHungry+1","blackbeard:Sword","blackbeard:Anchor","blackbeard:Rum+1","blackbeard:Halberd+1","blackbeard:BountyHunter","blackbeard:BlindAttacks","blackbeard:Rum+1","blackbeard:Rum+1","ReplayTheSpireMod:Private Reserves+1","blackbeard:WeaponProficiency+1","blackbeard:BlindAttacks","blackbeard:Parrot+1","blackbeard:RearmingStrike+1","blackbeard:Anchor+1","blackbeard:Eyepatch+1","blackbeard:BrownPants+1","blackbeard:PirateStrength","blackbeard:WeaponProficiency","blackbeard:Boarding","blackbeard:PirateStrength","blackbeard:Parrot"],"relics":["blackbeard:LoadTheCannons","hubris:64BitClover","downfall:HeartBlessingRed","Circlet","Pocketwatch","downfall:HeartBlessingGreen","downfall:HeartBlessingBlue","hubris:OldNail","Torii","ReplayFunnel","Juzu Bracelet","Sozu","wanderingMiniBosses:AbyssPearl","Membership Card","blackbeard:PowderCan","Replay:Rubber Ducky","hubris:Spice","Bag of Marbles","blackbeard:MagicalCauldron","Prayer Wheel","Guardian:PocketSentry","Garlic","Mercury Hourglass","ReplayTheSpireMod:ShopPack","Blood Vial","Lantern","DollysMirror"],"acts_visited":["Exordium","TheCity","TheBeyond","TheEnding"],"potions_floor_usage":[37],"damage_taken":[{"damage":42.0,"enemies":"3 Sentries","floor":2.0,"turns":11.0},{"damage":0.0,"enemies":"Small Slimes","floor":3.0,"turns":3.0},{"damage":1.0,"enemies":"2 Louse","floor":4.0,"turns":3.0},{"damage":0.0,"enemies":"Cultist","floor":5.0,"turns":2.0},{"damage":33.0,"enemies":"Gremlin Nob","floor":8.0,"turns":4.0},{"damage":9.0,"enemies":"Replay:BlueRogue","floor":10.0,"turns":4.0},{"damage":4.0,"enemies":"downfall:FleeingMerchant","floor":13.0,"turns":4.0},{"damage":11.0,"enemies":"Large Slime","floor":14.0,"turns":6.0},{"damage":13.0,"enemies":"Exordium Thugs","floor":15.0,"turns":4.0},{"damage":10.0,"enemies":"downfall:Silent","floor":16.0,"turns":6.0},{"damage":1.0,"enemies":"3 Byrds","floor":19.0,"turns":4.0},{"damage":0.0,"enemies":"Replay:Snechameleon","floor":20.0,"turns":7.0},{"damage":5.0,"enemies":"downfall:FleeingMerchant","floor":22.0,"turns":4.0},{"damage":9.0,"enemies":"Book of Stabbing","floor":26.0,"turns":4.0},{"damage":0.0,"enemies":"Spheric Guardian","floor":30.0,"turns":3.0},{"damage":2.0,"enemies":"Snecko","floor":31.0,"turns":5.0},{"damage":11.0,"enemies":"Shelled Parasite and Fungi","floor":32.0,"turns":4.0},{"damage":31.0,"enemies":"downfall:Ironclad","floor":33.0,"turns":5.0},{"damage":2.0,"enemies":"3 Shapes","floor":36.0,"turns":4.0},{"damage":23,"enemies":"3 Darklings","floor":37,"turns":9},{"damage":0,"enemies":"downfall:FleeingMerchant","floor":38,"turns":4},{"damage":0,"enemies":"4 Shapes","floor":39,"turns":2},{"damage":2,"enemies":"Nemesis","floor":40,"turns":7},{"damage":1,"enemies":"Giant Head","floor":42,"turns":6},{"damage":1,"enemies":"Nemesis","floor":44,"turns":7},{"damage":0,"enemies":"Spire Growth","floor":45,"turns":3},{"damage":0,"enemies":"Writhing Mass","floor":46,"turns":5},{"damage":0,"enemies":"4 Shapes","floor":48,"turns":3},{"damage":0,"enemies":"Spire Growth","floor":49,"turns":4},{"damage":0,"enemies":"downfall:Defect","floor":50,"turns":5},{"damage":15,"enemies":"downfall:CharBossMerchant","floor":52,"turns":6},{"damage":0,"enemies":"downfall:NeowBoss","floor":55,"turns":19}],"seed_played":"2200572491594412949","potions_obtained":[{"floor":2.0,"key":"sneckomod:MuddlingPotion"},{"floor":4.0,"key":"Elixir"},{"floor":10.0,"key":"SkillPotion"},{"floor":15.0,"key":"Adrenaline Potion"},{"floor":16.0,"key":"Explosive Potion"},{"floor":19.0,"key":"hexamod:EctoCoolerPotion"},{"floor":26.0,"key":"blackbeard:OrangeJuicePotion"},{"floor":28.0,"key":"DuplicationPotion"},{"floor":28.0,"key":"Dexterity Potion"},{"floor":33.0,"key":"AttackPotion"}],"is_trial":false,"path_per_floor":["R","E","M","M","M","R","T","E","R","E","?","?","$","M","M","B",null,"R","M","E","?","$","R","T","R","E","R","?","?","M","M","M","B",null,"R","M","M","$","M","E","T","E","R","E","M","M","$","M","M","B",null,"E","$","R","B",null],"character_chosen":"BLACKBEARD_CLASS","items_purchased":["blackbeard:Rum","ReplayTheSpireMod:Private Reserves","Membership Card","blackbeard:PowderCan","Replay:Rubber Ducky","blackbeard:Eyepatch+1","hubris:Spice","Garlic","Mercury Hourglass","blackbeard:Boarding","ReplayTheSpireMod:ShopPack","Blood Vial","DollysMirror"],"campfire_rested":2,"item_purchase_floors":[22,22,38,38,38,38,38,47,47,47,47,47,53],"current_hp_per_floor":[75,33,33,32,32,54,54,33,68,71,76,76,72,61,48,38,90,90,90,90,90,85,85,85,85,86,86,86,86,90,88,77,46,90,90,90,67,75,75,73,73,72,72,71,71,71,71,73,75,77,98,83,83,83,85],"gold":2,"neow_bonus":"ONE_RARE_RELIC","is_daily":false,"chose_seed":false,"campfire_upgraded":7,"win_rate":0.0,"timestamp":1608323733,"path_taken":["R","E","M","M","M","R","T","E","R","E","?","?","$","M","M","BOSS","R","M","E","?","?","R","T","R","E","R","?","?","M","M","M","BOSS","R","M","M","$","M","E","T","E","R","E","M","M","$","M","M","BOSS","E","$","R","BOSS"],"items_purchased_type":["Card","Card","Relic","Relic","Relic","Card","Relic","Relic","Relic","Card","Relic","Relic","Relic"],"build_version":"2020-12-13","purchased_purges":1,"victory":true,"max_hp_per_floor":[75,75,75,75,75,75,75,75,85,85,90,90,90,90,90,90,90,90,90,90,90,90,90,90,90,90,90,90,90,90,90,90,90,90,90,90,90,98,98,98,98,98,98,98,98,98,98,98,98,98,98,98,98,98,98],"card_choices":[{"not_picked":["blackbeard:Provisioning","blackbeard:Scrap","blackbeard:WoodenLeg"],"picked":"SKIP","floor":2.0},{"not_picked":["blackbeard:GoldenCannonball","blackbeard:Provisioning"],"picked":"blackbeard:Sword","floor":3.0},{"not_picked":["blackbeard:Spear","blackbeard:Fencing"],"picked":"blackbeard:BlindAttacks","floor":4.0},{"not_picked":["blackbeard:Sharpening","blackbeard:TacticalRetreat"],"picked":"blackbeard:PowerHungry","floor":5.0},{"not_picked":["blackbeard:Scrap","blackbeard:BuriedTreasure"],"picked":"blackbeard:Sword","floor":8.0},{"not_picked":["blackbeard:DoubleBottom","blackbeard:Sharpening"],"picked":"blackbeard:Anchor","floor":10.0},{"not_picked":["blackbeard:Toast","blackbeard:Lifeboat"],"picked":"blackbeard:Rum","floor":13.0},{"not_picked":["blackbeard:FieryDefense","blackbeard:DoubleBottom","blackbeard:VengefulSpirit"],"picked":"SKIP","floor":14.0},{"not_picked":["blackbeard:Toast","blackbeard:Fencing"],"picked":"blackbeard:Halberd","floor":15.0},{"not_picked":["blackbeard:Lifeboat","blackbeard:HumongousCannonball"],"picked":"blackbeard:BountyHunter","floor":16.0},{"not_picked":["blackbeard:Eyepatch","blackbeard:JollyRoger"],"picked":"blackbeard:BlindAttacks","floor":19.0},{"not_picked":["blackbeard:FieryDefense","blackbeard:SwordDance+1","blackbeard:DelayedPain+1"],"picked":"SKIP","floor":20.0},{"not_picked":["blackbeard:Bandana","blackbeard:GoldenStrike+1"],"picked":"blackbeard:Rum","floor":22.0},{"not_picked":["blackbeard:PowerHungry","blackbeard:Scrap+1"],"picked":"blackbeard:WeaponProficiency+1","floor":26.0},{"not_picked":["blackbeard:GoldenDefense","blackbeard:GoldenStrike+1","blackbeard:PiratesWill+1"],"picked":"SKIP","floor":30.0},{"not_picked":["blackbeard:FieryDefense","blackbeard:Boarding"],"picked":"blackbeard:BlindAttacks","floor":31.0},{"not_picked":["blackbeard:CannonBarrage","blackbeard:CloakAndCannonball+1","blackbeard:Spear"],"picked":"SKIP","floor":32.0},{"not_picked":["blackbeard:WeaponMastery","blackbeard:BountyHunter"],"picked":"blackbeard:Parrot","floor":33.0},{"not_picked":["blackbeard:Shrapnel+1","blackbeard:SwordDance","blackbeard:FieryDefense+1"],"picked":"SKIP","floor":36.0},{"not_picked":["blackbeard:DoubleBottom","blackbeard:Fencing"],"picked":"blackbeard:RearmingStrike+1","floor":37},{"not_picked":["blackbeard:Dagger+1","blackbeard:BountyHunter"],"picked":"blackbeard:Anchor+1","floor":38},{"not_picked":["blackbeard:Fencing+1","blackbeard:Provisioning","blackbeard:GhostInTheRum"],"picked":"SKIP","floor":39},{"not_picked":["blackbeard:CatONineTails","blackbeard:ArmorUp","blackbeard:PirateEarring"],"picked":"SKIP","floor":40},{"not_picked":["blackbeard:Revenge","blackbeard:PiratesWill+1","blackbeard:CaptainsCabin"],"picked":"SKIP","floor":42},{"not_picked":["blackbeard:Sharpening","blackbeard:Sword"],"picked":"blackbeard:BrownPants+1","floor":44},{"not_picked":["blackbeard:SmithingHammer+1","blackbeard:PiratesWill"],"picked":"blackbeard:PirateStrength","floor":45},{"not_picked":["blackbeard:BeatUp+1","blackbeard:Dagger","blackbeard:FieryDefense"],"picked":"SKIP","floor":45},{"not_picked":["blackbeard:Anchor","blackbeard:GoldenStrike+1"],"picked":"blackbeard:WeaponProficiency","floor":46},{"not_picked":["blackbeard:DangerousBlow","blackbeard:Sharpening+1","blackbeard:TerrorOfTheSeas+1"],"picked":"SKIP","floor":46},{"not_picked":["blackbeard:CloakAndCannonball","blackbeard:Shrapnel","blackbeard:TacticalRetreat"],"picked":"SKIP","floor":48},{"not_picked":["blackbeard:ArmorUp","blackbeard:WeaponProficiency+1","blackbeard:Revenge+1"],"picked":"SKIP","floor":48},{"not_picked":["blackbeard:Shrapnel+1","blackbeard:TerrorOfTheSeas+1"],"picked":"blackbeard:PirateStrength","floor":49},{"not_picked":["blackbeard:RearmingStrike","blackbeard:RemoveScurvy","blackbeard:GoldenStrike"],"picked":"SKIP","floor":49},{"not_picked":["blackbeard:DeadlyArsenal","blackbeard:WeaponMastery","blackbeard:FishingNets+1"],"picked":"SKIP","floor":52}],"player_experience":526542,"relics_obtained":[{"floor":2.0,"key":"Dead Branch"},{"floor":8.0,"key":"Pocketwatch"},{"floor":10.0,"key":"hubris:OldNail"},{"floor":19.0,"key":"Torii"},{"floor":20.0,"key":"ReplayFunnel"},{"floor":24.0,"key":"Simple Rune"},{"floor":26.0,"key":"Juzu Bracelet"},{"floor":37,"key":"wanderingMiniBosses:AbyssPearl"},{"floor":39,"key":"Bag of Marbles"},{"floor":41,"key":"blackbeard:MagicalCauldron"},{"floor":42,"key":"Prayer Wheel"},{"floor":44,"key":"Guardian:PocketSentry"},{"floor":52,"key":"Lantern"}],"event_choices":[{"damage_healed":0.0,"max_hp_gain":5.0,"max_hp_loss":0.0,"gold_gain":0.0,"event_name":"Big Fish","player_choice":"Donut","floor":11.0,"gold_loss":0.0,"damage_taken":0.0},{"damage_healed":0.0,"max_hp_gain":0.0,"max_hp_loss":0.0,"gold_gain":0.0,"event_name":"Accursed Blacksmith","player_choice":"Forge","floor":12.0,"gold_loss":0.0,"damage_taken":0.0,"cards_upgraded":["blackbeard:BlindAttacks"]}],"is_beta":false,"boss_relics":[{"not_picked":["Fusion Hammer","hubris:RunicObelisk","hubris:Stopwatch"]},{"not_picked":["Philosopher\u0027s Stone","Astrolabe"],"picked":"Sozu"}],"items_purged_floors":[22],"is_endless":false,"potions_floor_spawned":[2,4,10,15,16,19,26,30,33,37,39,42,44,48,49],"ascension_level":1}}