{"host":"vb6wt0mawj2xz8v4","time":1608255896,"event":{"mods":["AchievementEnabler","Aspiration","BaseMod","Hermit","Highlight Path","Hubris","Jorbs\u0027s Wanderer Trilogy","Minty Spire (QoL Compilation)","Quick Restart","Replay The Spire","Shop Mod","StSLib","SuperFastMode","The Cursed","The Disciple","The Hierophant","The Jungle"],"gold_per_floor":[113,113,132,146,164,164,195,211,234,249,267,267,280,299,299,394,494,510,510,521,540,540,540,552,552,597,597,597],"floor_reached":27,"playtime":820,"items_purged":[],"score":265,"play_id":"6e65691b-4342-4601-a50a-a82ec7a14e62","local_time":"20201217204456","is_ascension_mode":true,"campfire_choices":[{"data":"hermit:Brawl","floor":6.0,"key":"SMITH"},{"floor":15,"key":"REST"},{"floor":23,"key":"DIG"},{"floor":25,"key":"REST"}],"circlet_count":0,"master_deck":["hermit:Strike_Hermit+1","hermit:Strike_Hermit+1","hermit:Strike_Hermit","hermit:Defend_Hermit","hermit:Defend_Hermit","hermit:Defend_Hermit","hermit:Defend_Hermit","hermit:Snapshot+1","hermit:Covet+1","hermit:Headshot","hermit:Enervate","hermit:Gestalt","hermit:Brawl+1","hermit:ItchyTrigger","hermit:CalledShot","hermit:NoHoldsBarred","hermit:Manifest+1","hermit:CursedWeapon","hermit:RoundhouseKick","hermit:Roughhouse","hermit:Manifest+1","Pain","hermit:WideOpen+1","hermit:Enervate","Writhe","hermit:TakeAim","hermit:FullyLoaded+1"],"relics":["hermit:Momento","aspiration:Nostalgia","Cracked Core","Whetstone","Gremlin Food","Replay:Wanted Poster","WarpedTongs","Shovel","Prayer Wheel","Vajra"],"acts_visited":["Exordium","Exordium"],"potions_floor_usage":[16],"damage_taken":[{"damage":3.0,"enemies":"Small Slimes","floor":1.0,"turns":3.0},{"damage":0.0,"enemies":"Cultist","floor":3.0,"turns":2.0},{"damage":2.0,"enemies":"Jaw Worm","floor":4.0,"turns":2.0},{"damage":1.0,"enemies":"2 Fungi Beasts","floor":5.0,"turns":3.0},{"damage":27.0,"enemies":"3 Sentries","floor":7.0,"turns":6.0},{"damage":0.0,"enemies":"Gremlin Gang","floor":8.0,"turns":4.0},{"damage":2.0,"enemies":"Large Slime","floor":10.0,"turns":4.0},{"damage":20.0,"enemies":"Lots of Slimes","floor":11.0,"turns":2.0},{"damage":2.0,"enemies":"Blue Slaver","floor":13.0,"turns":3.0},{"damage":16,"enemies":"Exordium Thugs","floor":14,"turns":3},{"damage":20,"enemies":"Fading Forest","floor":16,"turns":11},{"damage":19,"enemies":"theJungle:MUSHROOMGANG","floor":18,"turns":3},{"damage":10,"enemies":"Shell Parasite","floor":20,"turns":4},{"damage":5,"enemies":"theJungle:SlimyTreeVines","floor":21,"turns":4},{"damage":37,"enemies":"Snake Plant","floor":24,"turns":3},{"damage":35,"enemies":"theJungle:2_Phrogs","floor":27,"turns":3}],"seed_played":"5925716249049997552","potions_obtained":[{"floor":1.0,"key":"BlessingOfTheForge"},{"floor":7.0,"key":"Dexterity Potion"},{"floor":8.0,"key":"Adrenaline Potion"},{"floor":16,"key":"Weak Potion"},{"floor":21,"key":"Cursed Concoction"}],"is_trial":false,"path_per_floor":["M","?","M","M","M","R","E","M","T","M","M","?","M","M","R","B",null,"M","?","M","M","?","R","M","R","T","E"],"character_chosen":"HERMIT","items_purchased":[],"campfire_rested":2,"item_purchase_floors":[],"current_hp_per_floor":[72,72,72,70,69,69,42,42,42,40,20,20,18,2,24,12,75,56,56,46,44,44,44,7,29,29,0,0],"gold":597,"neow_bonus":"NOSTALGIA","is_daily":false,"chose_seed":false,"campfire_upgraded":1,"win_rate":0.0,"timestamp":1608255896,"path_taken":["M","?","M","M","?","R","E","M","T","M","M","?","M","M","R","BOSS","M","?","?","M","?","R","M","R","T","E"],"items_purchased_type":[],"build_version":"2020-12-13","purchased_purges":0,"victory":false,"max_hp_per_floor":[75,75,75,75,75,75,75,75,75,75,75,75,75,75,75,75,75,75,75,75,75,75,75,75,75,75,75,75],"card_choices":[{"not_picked":["hermit:Deadeye","hermit:Gestalt"],"picked":"hermit:Headshot","floor":1.0},{"not_picked":["hermit:Snipe","hermit:Misfire"],"picked":"hermit:Enervate","floor":3.0},{"not_picked":["hermit:SprayPray","hermit:Misfire"],"picked":"hermit:Gestalt","floor":4.0},{"not_picked":["hermit:Dive","hermit:CalledShot"],"picked":"hermit:Brawl","floor":5.0},{"not_picked":["hermit:HoleUp","hermit:LowProfile"],"picked":"hermit:ItchyTrigger","floor":7.0},{"not_picked":["hermit:ShadowCloak","hermit:Headshot"],"picked":"hermit:CalledShot","floor":8.0},{"not_picked":["hermit:HighCaliber","hermit:GoldenBullet"],"picked":"hermit:NoHoldsBarred","floor":10.0},{"not_picked":["hermit:Grudge","hermit:Feint"],"picked":"hermit:Manifest","floor":11.0},{"not_picked":["hermit:Manifest","hermit:HighCaliber"],"picked":"hermit:CursedWeapon","floor":13.0},{"not_picked":["hermit:Deadeye","hermit:ShadowCloak"],"picked":"hermit:RoundhouseKick","floor":14},{"not_picked":["hermit:Magnum","hermit:HighNoon"],"picked":"hermit:Roughhouse","floor":16},{"not_picked":["hermit:Desperado+1","hermit:CalledShot"],"picked":"hermit:Manifest+1","floor":18},{"not_picked":["hermit:Dive","hermit:LuckOfTheDraw"],"picked":"hermit:WideOpen+1","floor":20},{"not_picked":["hermit:Desperado","hermit:Midnight"],"picked":"hermit:Enervate","floor":21},{"not_picked":["hermit:LowProfile+1","hermit:WideOpen"],"picked":"hermit:TakeAim","floor":24},{"not_picked":["hermit:BigShot","hermit:Snipe"],"picked":"hermit:FullyLoaded+1","floor":24}],"player_experience":439749,"relics_obtained":[{"floor":7.0,"key":"Whetstone"},{"floor":9.0,"key":"Gremlin Food"},{"floor":23,"key":"Prayer Wheel"},{"floor":26,"key":"Vajra"}],"event_choices":[{"cards_removed":["hermit:Strike_Hermit"],"damage_healed":0.0,"max_hp_gain":0.0,"max_hp_loss":0.0,"gold_gain":0.0,"event_name":"Purifier","player_choice":"Purged","floor":2.0,"gold_loss":0.0,"damage_taken":0.0},{"damage_healed":0.0,"max_hp_gain":0.0,"max_hp_loss":0.0,"gold_gain":0.0,"event_name":"Living Wall","player_choice":"Grow","floor":12.0,"gold_loss":0.0,"damage_taken":0.0,"cards_upgraded":["hermit:Manifest"]},{"damage_healed":0,"gold_gain":0,"player_choice":"Rummage","damage_taken":0,"relics_obtained":["WarpedTongs"],"max_hp_gain":0,"max_hp_loss":0,"event_name":"Accursed Blacksmith","floor":19,"gold_loss":0,"cards_obtained":["Pain"]}],"is_beta":false,"boss_relics":[{"not_picked":["SacredBark","hermit:DentedPlate"],"picked":"Replay:Wanted Poster"}],"items_purged_floors":[],"is_endless":false,"potions_floor_spawned":[1,7,8,16,21],"killed_by":"theJungle:2_Phrogs","ascension_level":4}}