{"host":"dcj2yvrgcvh5dl2s","time":1608272058,"event":{"mods":["BaseMod","Better Note","Block Reminder","Colored Powertips","DeckTracker","Minty Spire (QoL Compilation)","Quick Restart","Rare Cards Sparkle","Relic Stats","StSLib"],"gold_per_floor":[114,133,133,149,162,162,162,162,189,200,232,248,198,229,229,332,332,297,5,5,104,104,104,104],"floor_reached":23,"playtime":3502,"items_purged":[],"score":333,"play_id":"92675475-015d-48d6-89bc-2ac3d59d6a34","local_time":"20201218161418","is_ascension_mode":true,"campfire_choices":[{"floor":6.0,"key":"REST"},{"data":"Body Slam","floor":8.0,"key":"SMITH"},{"floor":15.0,"key":"REST"}],"circlet_count":0,"master_deck":["AscendersBane","Strike_R","Strike_R","Strike_R","Defend_R+1","Defend_R","Defend_R","Defend_R+1","Bash","True Grit","Body Slam+1","Intimidate","Armaments","Warcry","Shrug It Off","Cleave","Barricade","Demon Form","Heavy Blade","Necronomicurse"],"relics":["Burning Blood","War Paint","Bag of Preparation","Ancient Tea Set","Toy Ornithopter","Velvet Choker","Girya","Necronomicon"],"acts_visited":["Exordium","TheCity"],"potions_floor_usage":[],"damage_taken":[{"damage":5.0,"enemies":"Small Slimes","floor":1.0,"turns":4.0},{"damage":7.0,"enemies":"Jaw Worm","floor":2.0,"turns":4.0},{"damage":10.0,"enemies":"Cultist","floor":4.0,"turns":4.0},{"damage":7.0,"enemies":"Large Slime","floor":5.0,"turns":10.0},{"damage":0.0,"enemies":"3 Louse","floor":10.0,"turns":4.0},{"damage":29.0,"enemies":"Lagavulin","floor":11.0,"turns":7.0},{"damage":1.0,"enemies":"Blue Slaver","floor":12.0,"turns":4.0},{"damage":35.0,"enemies":"Gremlin Nob","floor":14.0,"turns":6.0},{"damage":4.0,"enemies":"Slime Boss","floor":16.0,"turns":17.0},{"damage":22.0,"enemies":"2 Thieves","floor":18.0,"turns":5.0},{"damage":55,"enemies":"Gremlin Leader","floor":23,"turns":5}],"seed_played":"9172464031404391573","potions_obtained":[{"floor":2.0,"key":"HeartOfIron"},{"floor":4.0,"key":"BlessingOfTheForge"},{"floor":14.0,"key":"EssenceOfSteel"}],"is_trial":false,"path_per_floor":["M","M","?","M","M","R","?","R","T","M","E","M","?","E","R","B",null,"M","$","?","?","?","E"],"character_chosen":"IRONCLAD","items_purchased":["Girya"],"campfire_rested":2,"item_purchase_floors":[19],"current_hp_per_floor":[68,67,34,30,29,57,57,57,57,63,40,45,45,16,44,51,85,69,69,69,69,53,0,0],"gold":104,"neow_bonus":"TWENTY_PERCENT_HP_BONUS","is_daily":false,"chose_seed":false,"campfire_upgraded":1,"win_rate":0.0,"timestamp":1608272058,"path_taken":["M","M","?","M","M","R","?","R","T","M","E","?","?","E","R","BOSS","M","$","?","?","?","E"],"items_purchased_type":["Relic"],"build_version":"2020-12-13","purchased_purges":0,"victory":false,"max_hp_per_floor":[96,96,96,96,96,96,96,96,96,96,96,96,96,96,96,96,96,96,96,96,96,96,96,96],"relic_stats":{"counters":[11,70],"Bag of Preparation":[14],"Necronomicon":[2],"War Paint":["Defend_R","Defend_R"],"obtain_stats":[{"Girya":19,"Velvet Choker":17,"Bag of Preparation":9,"Necronomicon":22,"War Paint":3,"Ancient Tea Set":11,"Burning Blood":0,"Toy Ornithopter":14},{"Girya":10,"Velvet Choker":9,"Bag of Preparation":4,"Necronomicon":10,"War Paint":2,"Ancient Tea Set":6,"Burning Blood":0,"Toy Ornithopter":8},{"Girya":65,"Velvet Choker":60,"Bag of Preparation":22,"Necronomicon":65,"War Paint":8,"Ancient Tea Set":33,"Burning Blood":0,"Toy Ornithopter":43}],"Burning Blood":60,"Toy Ornithopter":5},"card_choices":[{"not_picked":["Havoc","Evolve"],"picked":"True Grit","floor":1.0},{"not_picked":["True Grit","Rage"],"picked":"Body Slam","floor":2.0},{"not_picked":["Burning Pact","Thunderclap"],"picked":"Intimidate","floor":4.0},{"not_picked":["Flex","Fiend Fire"],"picked":"Armaments","floor":5.0},{"not_picked":["Twin Strike","Reckless Charge"],"picked":"Shrug It Off","floor":10.0},{"not_picked":["Rupture","Brutality","Ghostly Armor"],"picked":"SKIP","floor":11.0},{"not_picked":["Warcry","Havoc"],"picked":"Cleave","floor":12.0},{"not_picked":["Perfected Strike","Dropkick"],"picked":"Barricade","floor":14.0},{"not_picked":["Impervious","Exhume"],"picked":"Demon Form","floor":16.0},{"not_picked":["Blood for Blood+1","Sword Boomerang"],"picked":"Heavy Blade","floor":18.0}],"player_experience":1978451,"relics_obtained":[{"floor":9.0,"key":"Bag of Preparation"},{"floor":11.0,"key":"Ancient Tea Set"},{"floor":14.0,"key":"Toy Ornithopter"},{"floor":22.0,"key":"Necronomicon"}],"event_choices":[{"damage_healed":0.0,"max_hp_gain":0.0,"max_hp_loss":0.0,"gold_gain":0.0,"event_name":"Scrap Ooze","player_choice":"Success","floor":3.0,"gold_loss":0.0,"damage_taken":33.0,"relics_obtained":["War Paint"]},{"damage_healed":0.0,"max_hp_gain":0.0,"max_hp_loss":0.0,"gold_gain":0.0,"cards_transformed":["Strike_R"],"event_name":"Transmorgrifier","player_choice":"Transformed","floor":7.0,"gold_loss":0.0,"damage_taken":0.0,"cards_obtained":["Warcry"]},{"cards_removed":["Strike_R"],"damage_healed":0.0,"max_hp_gain":0.0,"max_hp_loss":0.0,"gold_gain":0.0,"event_name":"The Cleric","player_choice":"Card Removal","floor":13.0,"gold_loss":50.0,"damage_taken":0.0},{"damage_healed":0.0,"max_hp_gain":0.0,"max_hp_loss":0.0,"gold_gain":0.0,"event_name":"Ghosts","player_choice":"Ignored","floor":20.0,"gold_loss":0.0,"damage_taken":0.0},{"damage_healed":0.0,"max_hp_gain":0.0,"max_hp_loss":0.0,"gold_gain":99.0,"event_name":"Nest","player_choice":"Stole From Cult","floor":21.0,"gold_loss":0.0,"damage_taken":0.0},{"damage_healed":0.0,"max_hp_gain":0.0,"max_hp_loss":0.0,"gold_gain":0.0,"event_name":"Cursed Tome","player_choice":"Obtained Book","floor":22.0,"gold_loss":0.0,"damage_taken":16.0}],"is_beta":false,"boss_relics":[{"not_picked":["Philosopher\u0027s Stone","Mark of Pain"],"picked":"Velvet Choker"}],"items_purged_floors":[],"is_endless":false,"potions_floor_spawned":[2,4,10,14],"killed_by":"Gremlin Leader","ascension_level":11}}