{"host":"o0q01dgb4z8zpo6o","time":1608277264,"event":{"mods":["BaseMod","GifTheSpireLib","Minty Spire (QoL Compilation)","Relic Stats","StSLib"],"gold_per_floor":[112,59,71,71,87,87,103,128,128,148,148,33,33,52,52,127,127,145,145,345,359,15,15,15],"floor_reached":23,"playtime":762,"items_purged":["Strike_B","Strike_B"],"score":334,"play_id":"df7bb98d-98cd-40b2-bcf5-2406d1dd3f8e","local_time":"20201217234104","is_ascension_mode":true,"campfire_choices":[{"data":"Coolheaded","floor":6,"key":"SMITH"},{"data":"Sweeping Beam","floor":11,"key":"SMITH"},{"data":"Defragment","floor":15,"key":"SMITH"}],"circlet_count":0,"master_deck":["AscendersBane","Strike_B+1","Strike_B","Defend_B+1","Defend_B","Defend_B","Defend_B","Zap","Dualcast","Ball Lightning","Sweeping Beam+1","Coolheaded+1","Cold Snap","Hologram","Doom and Gloom","Defragment+1","Melter","Echo Form","Glacier","Defragment","Loop","Leap"],"relics":["FrozenCore","NeowsBlessing","Shovel","Ice Cream","Lantern"],"acts_visited":["Exordium","TheCity"],"potions_floor_usage":[23,23],"damage_taken":[{"damage":0,"enemies":"Small Slimes","floor":1,"turns":1},{"damage":0,"enemies":"Jaw Worm","floor":3,"turns":1},{"damage":0,"enemies":"Cultist","floor":5,"turns":1},{"damage":0,"enemies":"2 Fungi Beasts","floor":7,"turns":2},{"damage":22,"enemies":"Gremlin Nob","floor":8,"turns":4},{"damage":6,"enemies":"3 Louse","floor":10,"turns":2},{"damage":1,"enemies":"Exordium Thugs","floor":14,"turns":3},{"damage":8,"enemies":"The Guardian","floor":16,"turns":11},{"damage":2,"enemies":"Chosen","floor":18,"turns":6},{"damage":12,"enemies":"Shell Parasite","floor":21,"turns":8},{"damage":53,"enemies":"Gremlin Leader","floor":23,"turns":5}],"seed_played":"4452664574489704818","potions_obtained":[{"floor":1,"key":"SpeedPotion"},{"floor":3,"key":"Energy Potion"}],"is_trial":false,"path_per_floor":["M","$","M","?","M","R","M","E","T","M","R","$","?","M","R","B",null,"M","?","?","M","$","E"],"character_chosen":"DEFECT","items_purchased":["Sweeping Beam","Defragment","Loop","Lantern","Leap"],"campfire_rested":0,"item_purchase_floors":[2,12,22,22,22],"current_hp_per_floor":[64,64,64,43,43,43,43,21,21,15,15,15,15,14,14,6,55,53,53,53,41,41,0,0],"gold":15,"neow_bonus":"THREE_ENEMY_KILL","is_daily":false,"chose_seed":false,"campfire_upgraded":3,"win_rate":0.0,"timestamp":1608277264,"path_taken":["M","$","M","?","M","R","M","E","T","M","R","$","?","M","R","BOSS","M","?","?","?","$","E"],"items_purchased_type":["Card","Card","Card","Relic","Card"],"build_version":"2020-12-13","purchased_purges":2,"victory":false,"max_hp_per_floor":[71,71,71,71,71,71,71,71,71,71,71,71,71,71,71,71,71,71,71,71,71,71,71,71],"relic_stats":{"Shovel":0,"counters":[11,44],"obtain_stats":[{"Ice Cream":9,"Lantern":22,"Shovel":8,"NeowsBlessing":0,"Cracked Core":0,"FrozenCore":17},{"Ice Cream":5,"Lantern":10,"Shovel":5,"NeowsBlessing":0,"Cracked Core":0,"FrozenCore":8},{"Ice Cream":9,"Lantern":39,"Shovel":9,"NeowsBlessing":0,"Cracked Core":0,"FrozenCore":25}],"FrozenCore":[5]},"card_choices":[{"not_picked":["BootSequence","Lockon"],"picked":"Ball Lightning","floor":1},{"not_picked":["Cold Snap","Turbo"],"picked":"Coolheaded","floor":3},{"not_picked":["Stack","Steam"],"picked":"Cold Snap","floor":5},{"not_picked":["Rebound","Gash","Redo"],"picked":"SKIP","floor":7},{"not_picked":["Darkness","Beam Cell"],"picked":"Hologram","floor":8},{"not_picked":["Beam Cell","Amplify"],"picked":"Doom and Gloom","floor":10},{"not_picked":["Consume","Turbo"],"picked":"Melter","floor":14},{"not_picked":["All For One","Buffer"],"picked":"Echo Form","floor":16},{"not_picked":["Hologram","Ball Lightning"],"picked":"Glacier","floor":18},{"not_picked":["Steam Power+1","Go for the Eyes","Heatsinks"],"picked":"SKIP","floor":21}],"player_experience":1008949,"relics_obtained":[{"floor":8,"key":"Shovel"},{"floor":9,"key":"Ice Cream"}],"event_choices":[{"damage_healed":0,"gold_gain":0,"player_choice":"Entered Light","damage_taken":21,"max_hp_gain":0,"max_hp_loss":0,"event_name":"Shining Light","floor":4,"gold_loss":0,"cards_upgraded":["Strike_B","Defend_B"]},{"damage_healed":0,"gold_gain":0,"player_choice":"Searched \u00270\u0027 times","damage_taken":0,"max_hp_gain":0,"max_hp_loss":0,"event_name":"Dead Adventurer","floor":13,"gold_loss":0},{"damage_healed":0,"gold_gain":0,"player_choice":"Read","damage_taken":0,"max_hp_gain":0,"max_hp_loss":0,"event_name":"The Library","floor":19,"gold_loss":0,"cards_obtained":["Defragment"]},{"damage_healed":0,"gold_gain":200,"player_choice":"Gold","damage_taken":0,"max_hp_gain":0,"max_hp_loss":0,"event_name":"Wheel of Change","floor":20,"gold_loss":0}],"is_beta":false,"boss_relics":[{"not_picked":["SacredBark","Runic Dome"],"picked":"FrozenCore"}],"items_purged_floors":[12,22],"is_endless":false,"potions_floor_spawned":[1,3,7,16],"killed_by":"Gremlin Leader","ascension_level":15}}