{"host":"hgkb2zpbo2dcws21","time":1608293769,"event":{"mods":["AchievementEnabler","BaseMod","Colored Map","Colored Powertips","Custom Start","DeckTracker","KOR Keyword Fix","Minty Spire (QoL Compilation)","StSLib","SuperFastMode"],"gold_per_floor":[111,36,36,49,49,49,66,122,147,167,242,256,256,256],"floor_reached":13,"playtime":209,"items_purged":["Strike_G"],"score":143,"play_id":"21005ce5-016e-4ea2-b386-9f0cceba6942","local_time":"20201218211609","is_ascension_mode":true,"campfire_choices":[{"data":"Deadly Poison","floor":6,"key":"SMITH"}],"circlet_count":0,"master_deck":["AscendersBane","Strike_G","Strike_G","Strike_G","Strike_G","Defend_G","Defend_G","Defend_G","Defend_G","Defend_G","Survivor","Neutralize","Glass Knife","Deadly Poison+1","Prepared","Crippling Poison","Poisoned Stab","Footwork","Escape Plan"],"relics":["Ring of the Snake","Bag of Marbles","Ancient Tea Set","Tiny Chest"],"acts_visited":["Exordium"],"potions_floor_usage":[12,13],"damage_taken":[{"damage":1,"enemies":"Cultist","floor":1,"turns":3},{"damage":1,"enemies":"Jaw Worm","floor":4,"turns":2},{"damage":10,"enemies":"2 Louse","floor":7,"turns":2},{"damage":27,"enemies":"Gremlin Nob","floor":8,"turns":4},{"damage":1,"enemies":"Looter","floor":10,"turns":3},{"damage":6,"enemies":"Red Slaver","floor":12,"turns":3},{"damage":10,"enemies":"3 Sentries","floor":13,"turns":6}],"seed_played":"8789208232357040415","potions_obtained":[{"floor":10,"key":"Weak Potion"},{"floor":12,"key":"Swift Potion"}],"is_trial":false,"path_per_floor":["M","$","T","M","?","R","M","?","T","M","?","M","E"],"character_chosen":"THE_SILENT","items_purchased":[],"campfire_rested":0,"item_purchase_floors":[],"current_hp_per_floor":[58,58,58,57,62,62,52,25,25,24,13,7,0,0],"gold":256,"neow_bonus":"ONE_RANDOM_RARE_CARD","is_daily":false,"chose_seed":false,"campfire_upgraded":1,"win_rate":0.0,"timestamp":1608293769,"path_taken":["M","?","?","?","?","R","M","?","T","M","?","M","E"],"items_purchased_type":[],"build_version":"2020-12-13","purchased_purges":1,"victory":false,"max_hp_per_floor":[66,66,66,66,71,71,71,71,71,71,71,71,71,71],"card_choices":[{"not_picked":["Underhanded Strike","Flying Knee"],"picked":"Deadly Poison","floor":1},{"not_picked":["Quick Slash","Dagger Throw"],"picked":"Prepared","floor":4},{"not_picked":["Flying Knee","Eviscerate"],"picked":"Crippling Poison","floor":7},{"not_picked":["Blade Dance","Quick Slash"],"picked":"Poisoned Stab","floor":8},{"not_picked":["Acrobatics","Crippling Poison"],"picked":"Footwork","floor":10},{"not_picked":["Dodge and Roll","Footwork"],"picked":"Escape Plan","floor":12}],"player_experience":1082477,"relics_obtained":[{"floor":3,"key":"Bag of Marbles"},{"floor":9,"key":"Tiny Chest"}],"event_choices":[{"damage_healed":0,"gold_gain":0,"player_choice":"Donut","damage_taken":0,"max_hp_gain":5,"max_hp_loss":0,"event_name":"Big Fish","floor":5,"gold_loss":0},{"damage_healed":0,"gold_gain":0,"player_choice":"Searched \u00272\u0027 times","damage_taken":0,"relics_obtained":["Ancient Tea Set"],"max_hp_gain":0,"max_hp_loss":0,"event_name":"Dead Adventurer","floor":8,"gold_loss":0},{"damage_healed":0,"gold_gain":75,"player_choice":"Gather Gold","damage_taken":11,"max_hp_gain":0,"max_hp_loss":0,"event_name":"World of Goop","floor":11,"gold_loss":0}],"is_beta":false,"boss_relics":[],"items_purged_floors":[2],"is_endless":false,"potions_floor_spawned":[10,12],"killed_by":"3 Sentries","ascension_level":18}}