{"host":"1s2i2u841ofwoqaa","time":1608260586,"event":{"mods":["AchievementEnabler","Aspiration","BaseMod","Better Third Choice","Colored Powertips","Downfall","Hubris","Minty Spire (QoL Compilation)","StSLib","SuperFastMode","The Animator"],"gold_per_floor":[116,116,126,137,156,156,189,189,189,218,233,58,58,74,74,74,74],"floor_reached":16,"playtime":467,"items_purged":["Strike_R"],"score":207,"play_id":"92d0faa9-b1e3-4ed3-86c4-a69234bfb2f5","local_time":"20201218160306","is_ascension_mode":true,"campfire_choices":[{"data":"True Grit","floor":6,"key":"SMITH"},{"data":"Spot Weakness","floor":13,"key":"SMITH"},{"floor":15,"key":"REST"}],"circlet_count":0,"master_deck":["AscendersBane","Strike_R","Strike_R","Strike_R","Defend_R","Defend_R","Defend_R","Defend_R","Bash","Clothesline","True Grit+1","Thunderclap","Cleave","Disarm","Feel No Pain","Spot Weakness+1","Feel No Pain","Shrug It Off"],"relics":["Burning Blood","NeowsBlessing","hubris:Icosahedron","Paper Frog","Bronze Scales","InkBottle"],"acts_visited":["Exordium"],"potions_floor_usage":[7,12,16],"damage_taken":[{"damage":0,"enemies":"Jaw Worm","floor":1,"turns":1},{"damage":0,"enemies":"Small Slimes","floor":3,"turns":1},{"damage":0,"enemies":"Cultist","floor":4,"turns":1},{"damage":21,"enemies":"Blue Slaver","floor":5,"turns":6},{"damage":16,"enemies":"Lagavulin","floor":7,"turns":6},{"damage":28,"enemies":"Gremlin Nob","floor":10,"turns":4},{"damage":9,"enemies":"3 Louse","floor":11,"turns":3},{"damage":17,"enemies":"Red Slaver","floor":14,"turns":6},{"damage":49,"enemies":"Slime Boss","floor":16,"turns":9}],"seed_played":"-5561850286808968296","potions_obtained":[{"floor":7,"key":"Dexterity Potion"},{"floor":10,"key":"Swift Potion"},{"floor":11,"key":"BloodPotion"}],"is_trial":false,"path_per_floor":["M","?","M","M","M","R","E","?","T","E","M","$","R","M","R","B"],"character_chosen":"IRONCLAD","items_purchased":["PowerPotion","Feel No Pain"],"campfire_rested":1,"item_purchase_floors":[12,12],"current_hp_per_floor":[74,74,75,75,60,60,50,50,50,28,25,40,40,29,51,2,2],"gold":74,"neow_bonus":"THREE_ENEMY_KILL","is_daily":false,"chose_seed":false,"campfire_upgraded":2,"win_rate":0.0,"timestamp":1608260586,"path_taken":["M","?","M","M","M","R","E","?","T","E","M","$","R","M","R","BOSS"],"items_purchased_type":["Potion","Card"],"build_version":"2020-12-13","purchased_purges":1,"victory":false,"max_hp_per_floor":[75,75,75,75,75,75,75,75,75,75,75,75,75,75,75,75,75],"card_choices":[{"not_picked":["Iron Wave","Wild Strike"],"picked":"Clothesline","floor":1},{"not_picked":["Evolve","Twin Strike"],"picked":"True Grit","floor":3},{"not_picked":["True Grit","Barricade"],"picked":"Thunderclap","floor":4},{"not_picked":["Clothesline","hubris:ReadiedAction"],"picked":"Cleave","floor":5},{"not_picked":["Thunderclap","Double Tap"],"picked":"Disarm","floor":7},{"not_picked":["hubris:StunningStrike","Thunderclap"],"picked":"Feel No Pain","floor":10},{"not_picked":["Inflame","Reckless Charge"],"picked":"Spot Weakness","floor":11},{"not_picked":["Perfected Strike","Dual Wield"],"picked":"Shrug It Off","floor":14}],"player_experience":449935,"relics_obtained":[{"floor":7,"key":"Paper Frog"},{"floor":9,"key":"Bronze Scales"},{"floor":10,"key":"InkBottle"}],"event_choices":[{"cards_removed":["Strike_R"],"damage_healed":0,"gold_gain":0,"player_choice":"Offered Basic","damage_taken":0,"max_hp_gain":0,"max_hp_loss":0,"event_name":"Bonfire Elementals","floor":8,"gold_loss":0}],"is_beta":false,"boss_relics":[],"items_purged_floors":[12],"is_endless":false,"potions_floor_spawned":[7,10,11,14],"killed_by":"Slime Boss","ascension_level":17}}