{"host":"2n2g1vowfllvjtvi","time":1608324424,"event":{"mods":["AchievementEnabler","BaseMod","Custom Start","GifTheSpireLib","Keyboard Shortcuts","Minty Spire (QoL Compilation)","Quick Restart","Rare Cards Sparkle","StSLib","SuperFastMode"],"gold_per_floor":[116,116,41,191,466,515,515,543,590,612,612,13,60,60,60,167,167,187,217,249,249,124,124,124,174,174,188,38,38,38,86,86,86,86],"floor_reached":33,"playtime":502,"items_purged":["Strike_R","Strike_R","Strike_R","Strike_R"],"score":550,"play_id":"fc6106a5-e26f-49b4-a74b-100e9a27b92f","local_time":"20201219054704","is_ascension_mode":true,"campfire_choices":[{"data":"Fire Breathing","floor":7.0,"key":"SMITH"},{"data":"Armaments","floor":11.0,"key":"SMITH"},{"data":"Immolate","floor":15.0,"key":"SMITH"},{"floor":23.0,"key":"REST"},{"floor":30,"key":"REST"},{"floor":32,"key":"REST"}],"circlet_count":0,"master_deck":["AscendersBane","Strike_R","Defend_R","Defend_R","Defend_R","Defend_R","Bash","Fire Breathing+1","Immolate+1","Armaments+1","Clothesline","Dual Wield+1","Offering+1","Body Slam+1","Ghostly Armor+1","Warcry+1","Evolve"],"relics":["Burning Blood","NeowsBlessing","Golden Idol","CeramicFish","Vajra","Toxic Egg 2","Molten Egg 2","Akabeko","Fusion Hammer","Potion Belt","Kunai","Gremlin Horn"],"acts_visited":["Exordium","TheCity"],"potions_floor_usage":[33],"damage_taken":[{"damage":0.0,"enemies":"Small Slimes","floor":1.0,"turns":1.0},{"damage":3.0,"enemies":"3 Sentries","floor":6.0,"turns":2.0},{"damage":0.0,"enemies":"Jaw Worm","floor":8.0,"turns":1.0},{"damage":0.0,"enemies":"2 Louse","floor":10.0,"turns":1.0},{"damage":25.0,"enemies":"Gremlin Nob","floor":13.0,"turns":4.0},{"damage":49.0,"enemies":"Hexaghost","floor":16.0,"turns":9.0},{"damage":11.0,"enemies":"Chosen","floor":18.0,"turns":3.0},{"damage":19.0,"enemies":"Shell Parasite","floor":19.0,"turns":4.0},{"damage":13.0,"enemies":"Cultist and Chosen","floor":20.0,"turns":3.0},{"damage":50,"enemies":"Slavers","floor":25,"turns":3},{"damage":1,"enemies":"Snecko","floor":27,"turns":4},{"damage":20,"enemies":"Book of Stabbing","floor":31,"turns":4},{"damage":50,"enemies":"Collector","floor":33,"turns":5}],"seed_played":"-2116783041164743207","potions_obtained":[{"floor":8.0,"key":"DistilledChaos"},{"floor":10.0,"key":"DistilledChaos"},{"floor":18.0,"key":"Dexterity Potion"},{"floor":19.0,"key":"Fire Potion"},{"floor":25,"key":"ElixirPotion"}],"is_trial":false,"path_per_floor":["M","?","$","?","?","E","R","M","T","M","R","$","E","$","R","B",null,"M","M","M","?","$","R","$","E","T","M","$","?","R","E","R","B"],"character_chosen":"IRONCLAD","items_purchased":["Toxic Egg 2","Molten Egg 2"],"campfire_rested":3,"item_purchase_floors":[12,12],"current_hp_per_floor":[74,74,74,74,74,75,75,75,75,75,75,75,56,56,56,13,60,55,42,35,35,35,57,57,13,13,18,18,18,40,26,48,0,0],"gold":86,"neow_bonus":"THREE_ENEMY_KILL","is_daily":false,"chose_seed":false,"campfire_upgraded":3,"win_rate":0.0,"timestamp":1608324424,"path_taken":["M","?","$","?","?","E","R","M","T","M","R","$","E","$","R","BOSS","M","M","?","?","$","R","?","E","T","M","$","?","R","E","R","BOSS"],"items_purchased_type":["Relic","Relic"],"build_version":"2020-12-13","purchased_purges":4,"victory":false,"max_hp_per_floor":[75,75,75,75,75,75,75,75,75,75,75,75,75,75,75,75,75,75,75,75,75,75,75,75,75,75,75,75,75,75,75,75,75,75],"card_choices":[{"not_picked":["Wild Strike","Infernal Blade"],"picked":"Fire Breathing","floor":1.0},{"not_picked":["Bloodletting","Cleave"],"picked":"Immolate","floor":6.0},{"not_picked":["Perfected Strike","Twin Strike"],"picked":"Armaments","floor":8.0},{"not_picked":["Body Slam","Spot Weakness"],"picked":"Clothesline","floor":10.0},{"not_picked":["Corruption","Intimidate+1"],"picked":"Dual Wield+1","floor":13.0},{"not_picked":["Barricade","Demon Form"],"picked":"Offering+1","floor":16.0},{"not_picked":["Pummel+1","Wild Strike+1","Iron Wave+1"],"picked":"SKIP","floor":18.0},{"not_picked":["Hemokinesis+1","Shockwave+1"],"picked":"Body Slam+1","floor":19.0},{"not_picked":["Cleave+1","Pommel Strike+1"],"picked":"Ghostly Armor+1","floor":20.0},{"not_picked":["Armaments+1","Rupture"],"picked":"Warcry+1","floor":25},{"not_picked":["Wild Strike+1","True Grit+1","Thunderclap+1"],"picked":"SKIP","floor":27},{"not_picked":["Havoc+1","Seeing Red+1"],"picked":"Evolve","floor":31}],"player_experience":433102,"relics_obtained":[{"floor":6.0,"key":"CeramicFish"},{"floor":9.0,"key":"Vajra"},{"floor":13.0,"key":"Akabeko"},{"floor":25,"key":"Potion Belt"},{"floor":26,"key":"Kunai"},{"floor":31,"key":"Gremlin Horn"}],"event_choices":[{"damage_healed":0.0,"max_hp_gain":0.0,"max_hp_loss":0.0,"gold_gain":0.0,"event_name":"Golden Idol","player_choice":"Take Wound","floor":2.0,"gold_loss":0.0,"damage_taken":0.0,"relics_obtained":["Golden Idol"],"cards_obtained":["Injury"]},{"damage_healed":0.0,"max_hp_gain":0.0,"max_hp_loss":0.0,"gold_gain":150.0,"event_name":"Liars Game","player_choice":"AGREE","floor":4.0,"gold_loss":0.0,"damage_taken":0.0,"cards_obtained":["Doubt"]},{"damage_healed":0.0,"max_hp_gain":0.0,"max_hp_loss":0.0,"gold_gain":275.0,"event_name":"Golden Shrine","player_choice":"Desecrate","floor":5.0,"gold_loss":0.0,"damage_taken":0.0,"cards_obtained":["Regret"]},{"cards_removed":["Regret","Doubt","Injury"],"damage_healed":0.0,"max_hp_gain":0.0,"max_hp_loss":0.0,"gold_gain":0.0,"event_name":"Fountain of Cleansing","player_choice":"Removed Curses","floor":21.0,"gold_loss":0.0,"damage_taken":0.0},{"damage_healed":0,"gold_gain":0,"player_choice":"Ignored","damage_taken":0,"max_hp_gain":0,"max_hp_loss":0,"event_name":"The Mausoleum","floor":29,"gold_loss":0}],"is_beta":false,"boss_relics":[{"not_picked":["Mark of Pain","Sozu"],"picked":"Fusion Hammer"}],"items_purged_floors":[3,12,22,28],"is_endless":false,"potions_floor_spawned":[8,10,18,19,25],"killed_by":"Collector","ascension_level":15}}