{"host":"5vwo9pnza5wfe8ad","time":1608330045,"event":{"mods":["BaseMod","Bestiary","Better Sensory Stone","Colored Map","Colored Powertips","Downfall","Key Reminder","Minty Spire (QoL Compilation)","Permanent Neow","Rare Cards Sparkle","Shop Mod","StSLib","UnlockEverythingMod"],"gold_per_floor":[109,34,49,9,9,9,38,55,55,84,84,100,111,130,130,130,130],"floor_reached":16,"playtime":1398,"items_purged":[],"score":224,"play_id":"9a6ace5f-d7b7-40a4-b33e-149c9d9c2cc7","local_time":"20201218142045","is_ascension_mode":true,"campfire_choices":[{"data":"Seeing Red","floor":6.0,"key":"SMITH"},{"floor":11.0,"key":"REST"},{"floor":15.0,"key":"REST"}],"circlet_count":0,"master_deck":["AscendersBane","Strike_R","Strike_R","Strike_R","Strike_R","Strike_R","Defend_R","Defend_R","Defend_R","Bash","Cleave","Seeing Red+1","Metallicize","Warcry","Evolve","Feel No Pain","Shrug It Off","Corruption","True Grit"],"relics":["Burning Blood","Bottled Tornado","keyreminder:keyreminder","Paper Frog","Bottled Flame"],"acts_visited":["Exordium"],"potions_floor_usage":[16],"damage_taken":[{"damage":12.0,"enemies":"Small Slimes","floor":1.0,"turns":5.0},{"damage":15.0,"enemies":"2 Louse","floor":3.0,"turns":2.0},{"damage":54.0,"enemies":"Gremlin Nob","floor":7.0,"turns":5.0},{"damage":11.0,"enemies":"Cultist","floor":8.0,"turns":4.0},{"damage":29.0,"enemies":"Lagavulin","floor":10.0,"turns":6.0},{"damage":0.0,"enemies":"Large Slime","floor":12.0,"turns":4.0},{"damage":10.0,"enemies":"Blue Slaver","floor":13.0,"turns":2.0},{"damage":7.0,"enemies":"Gremlin Gang","floor":14.0,"turns":7.0},{"damage":65,"enemies":"Hexaghost","floor":16,"turns":11}],"seed_played":"6006371589417402240","potions_obtained":[{"floor":8.0,"key":"FearPotion"},{"floor":10.0,"key":"ElixirPotion"},{"floor":12.0,"key":"Weak Potion"}],"is_trial":false,"path_per_floor":["M","?","M","$","?","R","E","M","T","E","R","M","M","M","R","B"],"character_chosen":"IRONCLAD","items_purchased":["Metallicize"],"campfire_rested":2,"item_purchase_floors":[4],"current_hp_per_floor":[44,44,35,35,85,85,37,32,32,9,34,40,36,35,60,0,0],"gold":130,"neow_bonus":"RANDOM_COLORLESS_2","is_daily":false,"chose_seed":false,"campfire_upgraded":1,"win_rate":0.0,"timestamp":1608330045,"path_taken":["M","?","M","$","?","R","E","M","T","E","R","?","M","M","R","BOSS"],"items_purchased_type":["Card"],"build_version":"2020-12-13","purchased_purges":0,"victory":false,"max_hp_per_floor":[75,75,75,75,85,85,85,85,85,85,85,85,85,85,85,85,85],"card_choices":[{"not_picked":["Metamorphosis","Master of Strategy"],"picked":"expansioncontent:StudyTheSpire","floor":0.0},{"not_picked":["Fire Breathing","Armaments"],"picked":"Cleave","floor":1.0},{"not_picked":["Shrug It Off","Body Slam"],"picked":"Seeing Red","floor":3.0},{"not_picked":["Pommel Strike","Thunderclap"],"picked":"Warcry","floor":7.0},{"not_picked":["Wild Strike","Cleave"],"picked":"Evolve","floor":8.0},{"not_picked":["Warcry","Blood for Blood"],"picked":"Feel No Pain","floor":10.0},{"not_picked":["Flex","Blood for Blood"],"picked":"Shrug It Off","floor":12.0},{"not_picked":["Havoc","Shrug It Off"],"picked":"Corruption","floor":13.0},{"not_picked":["Intimidate","Evolve"],"picked":"True Grit","floor":14.0}],"player_experience":152263,"relics_obtained":[{"floor":7.0,"key":"Bottled Tornado"},{"floor":9.0,"key":"Paper Frog"},{"floor":10.0,"key":"Bottled Flame"}],"event_choices":[{"cards_removed":["Defend_R"],"damage_healed":0.0,"max_hp_gain":0.0,"max_hp_loss":0.0,"gold_gain":0.0,"event_name":"The Cleric","player_choice":"Card Removal","floor":2.0,"gold_loss":75.0,"damage_taken":0.0},{"cards_removed":["expansioncontent:StudyTheSpire"],"damage_healed":40.0,"max_hp_gain":10.0,"max_hp_loss":0.0,"gold_gain":0.0,"event_name":"Bonfire Elementals","player_choice":"Offered Rare","floor":5.0,"gold_loss":0.0,"damage_taken":0.0}],"is_beta":false,"boss_relics":[],"items_purged_floors":[],"is_endless":false,"potions_floor_spawned":[8,10,12],"killed_by":"Hexaghost","ascension_level":20}}