{"host":"llpusn9usp8rznkj","time":1608264968,"event":{"mods":["2.2 Compatiblity","BaseMod","Colored Map","Colored Powertips","Conspire","Downfall","Hubris","Minty Spire (QoL Compilation)","Rare Cards Sparkle","Replay The Spire","StSLib","The Cursed"],"gold_per_floor":[119,119,137,137,154,182,25,25,25],"floor_reached":8,"playtime":331,"items_purged":[],"score":112,"play_id":"ded5b7e0-a4b8-4a69-8a8a-cff73f8aa8b5","local_time":"20201217231608","is_ascension_mode":true,"campfire_choices":[],"circlet_count":0,"master_deck":["AscendersBane","Strike_G","Strike_G","Strike_G","Strike_G","Strike_G","Defend_G","Defend_G","Defend_G","Defend_G","Defend_G","Survivor","Neutralize","hubris:Sniper","Acrobatics","Sucker Punch","PiercingWail","ReplayTheSpireMod:Scrap Shanks+1","hubris:SlightOfHand","Hidden Blade"],"relics":["Ring of the Snake","NeowsBlessing","hubris:ToyBattleship","Counterbalance"],"acts_visited":["Exordium"],"potions_floor_usage":[6,6],"damage_taken":[{"damage":0,"enemies":"2 Louse","floor":1,"turns":1},{"damage":0,"enemies":"Small Slimes","floor":3,"turns":1},{"damage":0,"enemies":"Cultist","floor":5,"turns":1},{"damage":35,"enemies":"3 Sentries","floor":6,"turns":9},{"damage":25,"enemies":"Lagavulin","floor":8,"turns":8}],"seed_played":"5936161932932962902","potions_obtained":[{"floor":1,"key":"SpeedPotion"},{"floor":3,"key":"CultistPotion"}],"is_trial":false,"path_per_floor":["M","?","M","?","M","E","$","E"],"character_chosen":"THE_SILENT","items_purchased":["ReplayTheSpireMod:Scrap Shanks+1","hubris:SlightOfHand","Hidden Blade"],"campfire_rested":0,"item_purchase_floors":[7,7,7],"current_hp_per_floor":[59,59,59,59,59,24,24,0,0],"gold":25,"neow_bonus":"THREE_ENEMY_KILL","is_daily":false,"chose_seed":false,"campfire_upgraded":0,"win_rate":0.0,"timestamp":1608264968,"path_taken":["M","?","M","?","?","E","?","E"],"items_purchased_type":["Card","Card","Card"],"build_version":"2020-12-13","purchased_purges":0,"victory":false,"max_hp_per_floor":[66,66,66,66,66,66,66,66,66],"card_choices":[{"not_picked":["Dagger Spray","Deadly Poison"],"picked":"hubris:Sniper","floor":1},{"not_picked":["Underhanded Strike","Backflip"],"picked":"Acrobatics","floor":3},{"not_picked":["Predator","ReplayTheSpireMod:Tripwire"],"picked":"Sucker Punch","floor":5},{"not_picked":["Deadly Poison","Slice"],"picked":"PiercingWail","floor":6}],"player_experience":1074151,"relics_obtained":[{"floor":6,"key":"Counterbalance"}],"event_choices":[{"damage_healed":0,"gold_gain":0,"player_choice":"Box","damage_taken":0,"relics_obtained":["hubris:ToyBattleship"],"max_hp_gain":0,"max_hp_loss":0,"event_name":"Big Fish","floor":2,"gold_loss":0,"cards_obtained":["Regret"]},{"cards_removed":["Regret"],"damage_healed":0,"gold_gain":0,"player_choice":"Purged","damage_taken":0,"max_hp_gain":0,"max_hp_loss":0,"event_name":"Purifier","floor":4,"gold_loss":0}],"is_beta":false,"boss_relics":[],"items_purged_floors":[],"is_endless":false,"potions_floor_spawned":[1,3],"killed_by":"Lagavulin","ascension_level":20}}