{"host":"llpusn9usp8rznkj","time":1608264606,"event":{"mods":["2.2 Compatiblity","BaseMod","Colored Map","Colored Powertips","Conspire","Downfall","Hubris","Minty Spire (QoL Compilation)","Rare Cards Sparkle","Replay The Spire","StSLib","The Cursed"],"gold_per_floor":[110,110,74,85,100,100,100,100,100,129,142,142,175,175,175,269,269,285,285,304,310,310],"floor_reached":21,"playtime":751,"items_purged":[],"score":374,"play_id":"8645e19b-108a-4168-a8e7-3eb2ba7ee56d","local_time":"20201217231006","is_ascension_mode":true,"campfire_choices":[{"data":"Bash","floor":6.0,"key":"SMITH"},{"data":"Armaments","floor":8.0,"key":"SMITH"},{"floor":15,"key":"REST"}],"circlet_count":0,"master_deck":["AscendersBane","Strike_R","Strike_R","Strike_R","Strike_R","Defend_R","Defend_R","Defend_R","Defend_R","Bash+1","Sword Boomerang","Sword Boomerang+1","Armaments+1","Run Through","Battle Trance","Battle Trance","Limit Break"],"relics":["Burning Blood","NeowsBlessing","Letter Opener","Mercury Hourglass","Bag of Preparation","Blood Vial","Golden Idol","Busted Crown"],"acts_visited":["Exordium","TheCity"],"potions_floor_usage":[18],"damage_taken":[{"damage":0.0,"enemies":"Small Slimes","floor":1.0,"turns":1.0},{"damage":0.0,"enemies":"Cultist","floor":4.0,"turns":1.0},{"damage":0.0,"enemies":"2 Louse","floor":5.0,"turns":1.0},{"damage":32.0,"enemies":"Gremlin Nob","floor":10.0,"turns":4.0},{"damage":0.0,"enemies":"Exordium Wildlife","floor":11.0,"turns":3.0},{"damage":19,"enemies":"Lagavulin","floor":13,"turns":6},{"damage":25,"enemies":"Fading Forest","floor":16,"turns":13},{"damage":8,"enemies":"Chosen","floor":18,"turns":4},{"damage":16,"enemies":"conspire:FuzzyDice","floor":20,"turns":5},{"damage":67,"enemies":"conspire:MimicChest","floor":21,"turns":4}],"seed_played":"4871689541675857915","potions_obtained":[{"floor":5.0,"key":"sneckomod:MuddlingPotion"},{"floor":10.0,"key":"SkillPotion"},{"floor":16,"key":"Swift Potion"}],"is_trial":false,"path_per_floor":["M","?","$","M","M","R","T","R","T","E","M","?","E","?","R","B",null,"M","?","M","?"],"character_chosen":"IRONCLAD","items_purchased":["Sword Boomerang+1"],"campfire_rested":1,"item_purchase_floors":[3],"current_hp_per_floor":[74,74,74,75,75,75,75,75,75,49,55,55,42,16,38,21,62,62,62,54,0,0],"gold":310,"neow_bonus":"THREE_ENEMY_KILL","is_daily":false,"chose_seed":false,"campfire_upgraded":2,"win_rate":0.0,"timestamp":1608264606,"path_taken":["M","?","$","M","?","R","?","R","T","E","M","?","E","?","R","BOSS","M","?","M","?"],"items_purchased_type":["Card"],"build_version":"2020-12-13","purchased_purges":0,"victory":false,"max_hp_per_floor":[75,75,75,75,75,75,75,75,75,75,75,75,75,75,75,75,75,75,75,75,75,75],"card_choices":[{"not_picked":["Clash","Havoc"],"picked":"Sword Boomerang","floor":1.0},{"not_picked":["Pommel Strike","Rage"],"picked":"Armaments","floor":4.0},{"not_picked":["True Grit","hubris:ReadiedAction"],"picked":"Run Through","floor":5.0},{"not_picked":["Warcry","Ghostly Armor"],"picked":"Battle Trance","floor":10.0},{"not_picked":["Power Through","hubris:ReadiedAction","Body Slam"],"picked":"SKIP","floor":11.0},{"not_picked":["Cleave","Headbutt"],"picked":"Battle Trance","floor":13},{"not_picked":["Berserk","Corruption"],"picked":"Limit Break","floor":16},{"not_picked":["Thunderclap"],"picked":"SKIP","floor":18},{"not_picked":["ReplayTheSpireMod:LeadingStrike"],"picked":"SKIP","floor":20}],"player_experience":1073400,"relics_obtained":[{"floor":7.0,"key":"Letter Opener"},{"floor":9.0,"key":"Mercury Hourglass"},{"floor":10.0,"key":"Bag of Preparation"},{"floor":13,"key":"Blood Vial"}],"event_choices":[{"cards_removed":["Strike_R"],"damage_healed":0.0,"max_hp_gain":0.0,"max_hp_loss":0.0,"gold_gain":0.0,"event_name":"Purifier","player_choice":"Purged","floor":2.0,"gold_loss":0.0,"damage_taken":0.0},{"damage_healed":0,"gold_gain":0,"player_choice":"Searched \u00270\u0027 times","damage_taken":0,"max_hp_gain":0,"max_hp_loss":0,"event_name":"Dead Adventurer","floor":12,"gold_loss":0},{"damage_healed":0,"gold_gain":0,"player_choice":"Take Damage","damage_taken":26,"relics_obtained":["Golden Idol"],"max_hp_gain":0,"max_hp_loss":0,"event_name":"Golden Idol","floor":14,"gold_loss":0}],"is_beta":false,"boss_relics":[{"not_picked":["Honey Jar","Cursed Key"],"picked":"Busted Crown"}],"items_purged_floors":[],"is_endless":false,"potions_floor_spawned":[5,10,16],"killed_by":"conspire:MimicChest","ascension_level":20}}