{"host":"63rwe7p34ct1i0qu","time":1608311320,"event":{"mods":["BaseMod","Colored Map","DeckTracker","Minty Spire (QoL Compilation)","Permanent Neow","Quick Restart","StSLib"],"gold_per_floor":[118,118,118,128,145,178,189,189,216,141,163,180,180,35,35,140,140,156,156,173,173,173],"floor_reached":21,"playtime":650,"items_purged":["Strike_R"],"score":260,"play_id":"fb35a050-54f5-46df-9163-b5cf1a69adcc","local_time":"20201219020840","is_ascension_mode":true,"campfire_choices":[{"data":"Bash","floor":8,"key":"SMITH"},{"floor":15,"key":"REST"}],"circlet_count":0,"master_deck":["Strike_R","Strike_R","Strike_R","Strike_R","Defend_R","Defend_R","Defend_R","Defend_R","Bash+1","Demon Form","Dramatic Entrance","Cleave","Seeing Red","Evolve","Ghostly Armor","Power Through","Second Wind","Power Through","Barricade","Headbutt"],"relics":["Burning Blood","NeowsBlessing","Potion Belt","Lantern","Odd Mushroom","Red Skull","DollysMirror","Busted Crown","Frozen Egg 2"],"acts_visited":["Exordium","TheCity"],"potions_floor_usage":[11,12,16],"damage_taken":[{"damage":0,"enemies":"Small Slimes","floor":1,"turns":1},{"damage":0,"enemies":"Cultist","floor":4,"turns":1},{"damage":0,"enemies":"Jaw Worm","floor":5,"turns":1},{"damage":25,"enemies":"Lagavulin","floor":6,"turns":7},{"damage":18,"enemies":"Exordium Wildlife","floor":7,"turns":2},{"damage":13,"enemies":"The Mushroom Lair","floor":11,"turns":4},{"damage":10,"enemies":"Red Slaver","floor":12,"turns":4},{"damage":56,"enemies":"Hexaghost","floor":16,"turns":11},{"damage":33,"enemies":"Spheric Guardian","floor":18,"turns":7},{"damage":34,"enemies":"Shell Parasite","floor":20,"turns":5},{"damage":4,"enemies":"Snake Plant","floor":21,"turns":2}],"seed_played":"1346558089848395445","potions_obtained":[{"floor":5,"key":"GamblersBrew"},{"floor":7,"key":"Fire Potion"},{"floor":11,"key":"Energy Potion"}],"is_trial":false,"path_per_floor":["M","?","$","M","M","E","M","R","T","$","?","M","T","$","R","B",null,"M","T","M","M"],"character_chosen":"IRONCLAD","items_purchased":["DollysMirror"],"campfire_rested":1,"item_purchase_floors":[14],"current_hp_per_floor":[78,78,78,80,80,61,49,49,49,49,42,38,38,38,62,12,63,36,36,8,4,4],"gold":173,"neow_bonus":"THREE_ENEMY_KILL","is_daily":false,"chose_seed":false,"campfire_upgraded":1,"win_rate":0.0,"timestamp":1608311320,"path_taken":["M","?","?","?","M","E","M","R","T","$","?","M","?","$","R","BOSS","M","?","M","M"],"items_purchased_type":["Relic"],"build_version":"2020-12-13","purchased_purges":1,"victory":false,"max_hp_per_floor":[80,80,80,80,80,80,80,80,80,80,80,80,80,80,80,80,80,80,80,80,80,80],"card_choices":[{"not_picked":["Armaments","Thunderclap","Anger"],"picked":"SKIP","floor":1},{"not_picked":["Warcry","Blood for Blood"],"picked":"Cleave","floor":4},{"not_picked":["Flame Barrier","Combust"],"picked":"Seeing Red","floor":5},{"not_picked":["Flame Barrier","Berserk"],"picked":"Evolve","floor":6},{"not_picked":["Armaments","Perfected Strike"],"picked":"Ghostly Armor","floor":7},{"not_picked":["Armaments","Sever Soul"],"picked":"Power Through","floor":11},{"not_picked":["Armaments","Flex"],"picked":"Second Wind","floor":12},{"not_picked":["Impervious","Brutality"],"picked":"Barricade","floor":16},{"not_picked":[],"picked":"Headbutt","floor":18},{"not_picked":["Dropkick"],"picked":"SKIP","floor":20}],"player_experience":797418,"relics_obtained":[{"floor":6,"key":"Potion Belt"},{"floor":9,"key":"Lantern"},{"floor":11,"key":"Odd Mushroom"},{"floor":13,"key":"Red Skull"},{"floor":19,"key":"Frozen Egg 2"}],"event_choices":[{"damage_healed":0,"gold_gain":0,"player_choice":"2 cards matched","damage_taken":0,"max_hp_gain":0,"max_hp_loss":0,"event_name":"Match and Keep!","floor":2,"gold_loss":0,"cards_obtained":["Demon Form","Dramatic Entrance"]},{"damage_healed":0,"gold_gain":0,"player_choice":"Fought Mushrooms","damage_taken":0,"max_hp_gain":0,"max_hp_loss":0,"event_name":"Mushrooms","floor":11,"gold_loss":0}],"is_beta":false,"boss_relics":[{"not_picked":["Philosopher\u0027s Stone","Runic Dome"],"picked":"Busted Crown"}],"items_purged_floors":[10],"is_endless":false,"potions_floor_spawned":[5,7,11],"killed_by":"Snake Plant","ascension_level":9}}