{"host":"vfg9szunmpjwj08o","time":1608311326,"event":{"mods":["Act Like it!","BaseMod","Challenge The Spire","Colored Map","Colored Powertips","Minty Spire (QoL Compilation)","StSLib","Waifu the Spire"],"gold_per_floor":[109,122,141,141,152,152,185,185,185,185,221,221,9,27,27,118,118,132,32,45,69,69,69],"floor_reached":22,"playtime":742,"items_purged":["Strike_B","Strike_B"],"score":382,"play_id":"4b7886f2-3a43-479d-901f-a9834c3736a9","local_time":"20201218180846","is_ascension_mode":true,"campfire_choices":[{"data":"Zap","floor":6,"key":"SMITH"},{"data":"Dualcast","floor":10,"key":"SMITH"},{"data":"Hologram","floor":12,"key":"SMITH"},{"data":"Redo","floor":15,"key":"SMITH"}],"circlet_count":0,"master_deck":["AscendersBane","Strike_B","Strike_B+1","Defend_B","Defend_B","Defend_B","Defend_B","Zap+1","Dualcast+1","Impatience","Darkness+1","Sunder","Glacier","Loop","Hologram+1","Redo+1","Doom and Gloom","Coolheaded","All For One","Redo","Loop"],"relics":["Cracked Core","Torii","Golden Idol","Turnip","Sundial","Sozu"],"acts_visited":["Exordium","TheCity"],"potions_floor_usage":[7],"damage_taken":[{"damage":7,"enemies":"Jaw Worm","floor":1,"turns":3},{"damage":5,"enemies":"2 Louse","floor":2,"turns":2},{"damage":2,"enemies":"Cultist","floor":3,"turns":4},{"damage":1,"enemies":"2 Fungi Beasts","floor":5,"turns":3},{"damage":10,"enemies":"3 Sentries","floor":7,"turns":6},{"damage":42,"enemies":"Gremlin Nob","floor":11,"turns":4},{"damage":0,"enemies":"3 Louse","floor":14,"turns":2},{"damage":1,"enemies":"The Guardian","floor":16,"turns":9},{"damage":15,"enemies":"Chosen","floor":18,"turns":4},{"damage":20,"enemies":"2 Thieves","floor":20,"turns":4},{"damage":1,"enemies":"Centurion and Healer","floor":21,"turns":5},{"damage":20,"enemies":"Shelled Parasite and Fungi","floor":22,"turns":3}],"seed_played":"-8719554109053079744","potions_obtained":[{"floor":2,"key":"FairyPotion"},{"floor":5,"key":"AttackPotion"},{"floor":7,"key":"PotionOfCapacity"},{"floor":16,"key":"Swift Potion"}],"is_trial":false,"path_per_floor":["M","M","M","?","M","R","E","?","T","R","E","R","$","M","R","B",null,"M","$","M","M","M"],"character_chosen":"DEFECT","items_purchased":["Redo","Doom and Gloom"],"campfire_rested":0,"item_purchase_floors":[13,13],"current_hp_per_floor":[57,52,50,29,28,28,18,18,18,18,19,19,19,19,19,18,53,38,38,18,17,0,0],"gold":69,"neow_bonus":"RANDOM_COLORLESS","is_daily":false,"chose_seed":false,"campfire_upgraded":4,"win_rate":0.0,"timestamp":1608311326,"path_taken":["M","M","M","?","M","R","E","?","T","R","E","R","$","M","R","BOSS","M","$","M","M","M"],"items_purchased_type":["Card","Card"],"build_version":"2020-12-13","purchased_purges":2,"victory":false,"max_hp_per_floor":[71,71,71,71,71,71,71,64,64,64,64,64,64,64,64,64,64,64,64,64,64,64,64],"card_choices":[{"not_picked":["Purity","Deep Breath"],"picked":"Impatience","floor":0},{"not_picked":["Turbo","Streamline"],"picked":"Darkness","floor":1},{"not_picked":["Steam Power","Barrage","Auto Shields"],"picked":"SKIP","floor":2},{"not_picked":["Stack","Rip and Tear"],"picked":"Sunder","floor":3},{"not_picked":["Conserve Battery","Heatsinks"],"picked":"Glacier","floor":5},{"not_picked":["Recycle","Coolheaded"],"picked":"Loop","floor":7},{"not_picked":["Ball Lightning","Barrage"],"picked":"Hologram","floor":11},{"not_picked":["Rebound","Turbo"],"picked":"Coolheaded","floor":14},{"not_picked":["Meteor Strike","Thunder Strike"],"picked":"All For One","floor":16},{"not_picked":["Conserve Battery","Static Discharge"],"picked":"Redo","floor":18},{"not_picked":["Sweeping Beam","Turbo"],"picked":"Loop","floor":20},{"not_picked":["Streamline","Heatsinks","Auto Shields"],"picked":"SKIP","floor":21}],"player_experience":996514,"relics_obtained":[{"floor":7,"key":"Torii"},{"floor":9,"key":"Turnip"},{"floor":11,"key":"Sundial"}],"event_choices":[{"damage_healed":0,"gold_gain":0,"player_choice":"Entered Light","damage_taken":21,"max_hp_gain":0,"max_hp_loss":0,"event_name":"Shining Light","floor":4,"gold_loss":0,"cards_upgraded":["Strike_B","Darkness"]},{"damage_healed":0,"gold_gain":0,"player_choice":"Lose Max HP","damage_taken":0,"relics_obtained":["Golden Idol"],"max_hp_gain":0,"max_hp_loss":7,"event_name":"Golden Idol","floor":8,"gold_loss":0}],"is_beta":false,"boss_relics":[{"not_picked":["Fusion Hammer","Runic Dome"],"picked":"Sozu"}],"items_purged_floors":[13,19],"is_endless":false,"potions_floor_spawned":[2,5,7,16,18,21],"killed_by":"Shelled Parasite and Fungi","ascension_level":19}}