{"host":"uwh382mre4waz4ff","time":1608297194,"event":{"mods":["AchievementEnabler","BaseMod","Better Note","Better Third Choice","BetterRewards","Highlight Path","HololiveMod","Minty Spire (QoL Compilation)","Shop Mod","StSLib"],"gold_per_floor":[76,87,97,97,115,142,142,172,172,200,217,217,242,268,268,361,361,391,423,15,15,47,76,76,120,120,148,188,113,162,209,209,311,311,343,343,370,411,112,202,256,256,279,314,372,410,457,504,504,504,504,504,128,158,162],"floor_reached":56,"playtime":2886,"items_purged":["Hololive_Strike","Hololive_Defend+1"],"score":3493,"play_id":"76b83805-4c8a-4c70-9d8e-1f3cab171256","local_time":"20201218211314","is_ascension_mode":true,"campfire_choices":[{"data":"Hololive_CallUsadaPekora","floor":7,"key":"SMITH"},{"floor":12,"key":"RECALL"},{"data":"Hololive_CocoNews","floor":15,"key":"SMITH"},{"data":"Hololive_CallShiroganeNoel","floor":24,"key":"SMITH"},{"data":"Hololive_CallYukihanaLamy","floor":32,"key":"SMITH"},{"data":"HandOfGreed","floor":42,"key":"SMITH"},{"data":"Hololive_CallOzoraSubaru","floor":49,"key":"SMITH"},{"data":"Hololive_CallHoshimachiSuisei","floor":52,"key":"SMITH"}],"circlet_count":0,"master_deck":["AscendersBane","Hololive_CallHoushouMarine","Hololive_CallShiroganeNoel+1","Hololive_CallUruhaRushia","Hololive_CallShiranuiFlare","Hololive_CallUsadaPekora+1","Hololive_StrengthChampion","Hololive_CallManoAloe","Hololive_CallAyundaRisu","Hololive_CallAiraniIofifteen","Hololive_CallTsunomakiWatame","Hololive_CallTokoyamiTowa","Hololive_CallYukihanaLamy+1","Hololive_CallAkaiHaato","Hololive_CallMinatoAqua","Hololive_CocoNews+1","Hololive_CallYuzukiChoco","Hololive_DDD+1","Hololive_CallYozoraMel","Hololive_CallArtia","Hololive_CallNekomataOkayu","Hololive_CallShirakamiFubuki","Hololive_StarCraft","Hololive_CallRoboco","Hololive_CallHoshimachiSuisei+1","Hololive_CallShishiroBotan","Hololive_CallSpadeEcho+1","Hololive_CallTokinoSora","Hololive_DiamondStrike","Hololive_CallSpadeEcho","Hololive_CocoNews","Hololive_Spy","Hololive_CallNatsuiroMatsuri","HandOfGreed+1","Hololive_CallYozoraMel","Hololive_CallRoboco","Hololive_CallArtia","Hololive_CallYukihanaLamy","Hololive_CocoNews","Hololive_CallAZKi","Hololive_CallOzoraSubaru+1","Hololive_Spy","Hololive_MaximGun","Hololive_CocoNews+1"],"relics":["Hololive_TheStar","Bag of Preparation","Bird Faced Urn","Pen Nib","Boot","Eternal Feather","Orichalcum","WingedGreaves","Coffee Dripper","War Paint","Strange Spoon","Smiling Mask","Strawberry","Dream Catcher","Toy Ornithopter","Velvet Choker","Ornamental Fan","Anchor","Vajra","Du-Vu Doll","PreservedInsect","MealTicket","Bronze Scales","Bottled Lightning"],"acts_visited":["Exordium","TheCity","TheBeyond","TheEnding"],"potions_floor_usage":[10,55],"damage_taken":[{"damage":0,"enemies":"Jaw Worm","floor":1,"turns":2},{"damage":0,"enemies":"Cultist","floor":2,"turns":2},{"damage":0,"enemies":"Small Slimes","floor":3,"turns":3},{"damage":0,"enemies":"Blue Slaver","floor":5,"turns":2},{"damage":0,"enemies":"3 Sentries","floor":6,"turns":4},{"damage":0,"enemies":"Gremlin Nob","floor":8,"turns":3},{"damage":0,"enemies":"3 Sentries","floor":10,"turns":3},{"damage":0,"enemies":"Exordium Wildlife","floor":11,"turns":3},{"damage":0,"enemies":"Red Slaver","floor":13,"turns":2},{"damage":0,"enemies":"Exordium Thugs","floor":14,"turns":3},{"damage":0,"enemies":"Slime Boss","floor":16,"turns":6},{"damage":0,"enemies":"Spheric Guardian","floor":18,"turns":2},{"damage":0,"enemies":"Chosen","floor":19,"turns":3},{"damage":0,"enemies":"3 Cultists","floor":22,"turns":4},{"damage":0,"enemies":"Centurion and Healer","floor":23,"turns":3},{"damage":0,"enemies":"Book of Stabbing","floor":25,"turns":4},{"damage":0,"enemies":"Snake Plant","floor":27,"turns":2},{"damage":0,"enemies":"Gremlin Leader","floor":28,"turns":4},{"damage":0,"enemies":"Slavers","floor":30,"turns":4},{"damage":0,"enemies":"Gremlin Leader","floor":31,"turns":3},{"damage":0,"enemies":"Collector","floor":33,"turns":7},{"damage":0,"enemies":"3 Darklings","floor":35,"turns":6},{"damage":0,"enemies":"Orb Walker","floor":37,"turns":2},{"damage":0,"enemies":"Jaw Worm Horde","floor":38,"turns":4},{"damage":0,"enemies":"Giant Head","floor":40,"turns":8},{"damage":0,"enemies":"Nemesis","floor":41,"turns":3},{"damage":0,"enemies":"4 Shapes","floor":44,"turns":4},{"damage":0,"enemies":"Giant Head","floor":45,"turns":6},{"damage":0,"enemies":"Maw","floor":46,"turns":5},{"damage":0,"enemies":"Reptomancer","floor":47,"turns":5},{"damage":0,"enemies":"Nemesis","floor":48,"turns":3},{"damage":0,"enemies":"Donu and Deca","floor":50,"turns":5},{"damage":0,"enemies":"Shield and Spear","floor":54,"turns":4},{"damage":23,"enemies":"The Heart","floor":55,"turns":8}],"seed_played":"7325280717369304470","potions_obtained":[{"floor":1,"key":"BlessingOfTheForge"},{"floor":5,"key":"SneckoOil"},{"floor":8,"key":"Explosive Potion"},{"floor":10,"key":"Dexterity Potion"},{"floor":14,"key":"BlessingOfTheForge"},{"floor":25,"key":"FairyPotion"}],"is_trial":false,"path_per_floor":["M","M","M","?","M","E","R","E","T","E","M","R","M","M","R","B",null,"M","M","$","?","M","M","R","E","T","M","E","?","E","E","R","B",null,"M","?","M","M","$","E","E","R","T","M","E","M","E","E","R","B",null,"R","$","E","B",null],"character_chosen":"Hololive_HololiveCharacter","items_purchased":["Bag of Preparation","Hololive_CallManoAloe","Hololive_CallArtia","War Paint","Strange Spoon","Hololive_CallNatsuiroMatsuri","HandOfGreed","Bronze Scales","Hololive_Spy","Hololive_MaximGun"],"campfire_rested":0,"item_purchase_floors":[0,0,20,20,20,39,39,53,53,53],"current_hp_per_floor":[29,30,30,30,30,30,30,30,30,30,30,30,30,30,30,30,30,30,30,30,30,30,30,30,30,30,30,37,37,37,37,37,37,37,37,35,35,35,35,35,35,35,35,35,35,35,35,35,35,35,35,35,35,35,35],"gold":162,"neow_bonus":"","is_daily":false,"chose_seed":false,"campfire_upgraded":7,"win_rate":0.0,"timestamp":1608297194,"path_taken":["M","M","M","?","M","E","R","E","T","E","M","R","M","M","R","BOSS","M","M","$","?","M","M","R","E","T","M","E","?","E","E","R","BOSS","M","?","M","M","$","E","E","R","T","M","E","M","E","E","R","BOSS","R","$","E","BOSS"],"items_purchased_type":["Relic","Card","Card","Relic","Relic","Card","Card","Relic","Card","Card"],"build_version":"2020-12-13","purchased_purges":2,"victory":true,"max_hp_per_floor":[30,30,30,30,30,30,30,30,30,30,30,30,30,30,30,30,30,30,30,30,30,30,30,30,30,30,30,37,37,37,37,37,37,37,37,35,35,35,35,35,35,35,35,35,35,35,35,35,35,35,35,35,35,35,35],"card_choices":[{"not_picked":["Hololive_OvertimeWork","Hololive_Trident","Hololive_Psychosis"],"picked":"Hololive_CallAyundaRisu","floor":1},{"not_picked":["Hololive_StrengthChampion","Hololive_ILoveYou","Hololive_CallManoAloe"],"picked":"Hololive_CallAiraniIofifteen","floor":2},{"not_picked":["Hololive_CallTokinoSora","Hololive_Trident","Hololive_Breathe"],"picked":"Hololive_CallTsunomakiWatame","floor":3},{"not_picked":["Hololive_FlyingPonyTail","Hololive_RevenueBasedLive","Hololive_CallMinatoAqua"],"picked":"Hololive_CallTokoyamiTowa","floor":5},{"not_picked":["Hololive_CallAyundaRisu","Hololive_CandyCastle","Hololive_CocoNews"],"picked":"Hololive_CallYukihanaLamy","floor":6},{"not_picked":["Hololive_WolfAndLamb","Hololive_OvertimeWork","Hololive_Rebound","Hololive_Breathe"],"picked":"SKIP","floor":8},{"not_picked":["Hololive_LuckPotion","Hololive_CallSakuraMiko","Hololive_Drill"],"picked":"Hololive_CallAkaiHaato","floor":10},{"not_picked":["Hololive_Rebound","Hololive_CallHimemoriLuna","Hololive_SoulCatcher"],"picked":"Hololive_CallMinatoAqua","floor":11},{"not_picked":["Hololive_Rebound","Hololive_Psychosis","Hololive_RevenueBasedLive"],"picked":"Hololive_CocoNews","floor":13},{"not_picked":["Hololive_StrengthChampion","Hololive_CocoNews","Hololive_CallShirakamiFubuki"],"picked":"Hololive_CallYuzukiChoco","floor":14},{"not_picked":["Hololive_AWSL","Hololive_DurableLive","Hololive_MaximGun"],"picked":"Hololive_DDD","floor":16},{"not_picked":["Hololive_FlyingPonyTail","Hololive_OvertimeWork","Hololive_HuntDinosaur","Hololive_Sequa+1"],"picked":"SKIP","floor":18},{"not_picked":["Hololive_FlyingPonyTail","Hololive_CallArtia","Hololive_Rebound"],"picked":"Hololive_CallYozoraMel","floor":19},{"not_picked":["Hololive_Psychosis","Hololive_CallRosalyn+1","Hololive_StrengthChampion"],"picked":"Hololive_CallShirakamiFubuki","floor":22},{"not_picked":["Hololive_Rebound","Hololive_Sequa+1","Hololive_CallHoushouMarine"],"picked":"Hololive_StarCraft","floor":23},{"not_picked":["Hololive_LuckPotion","Hololive_CallMinatoAqua","Hololive_Psychosis"],"picked":"Hololive_CallRoboco","floor":25},{"not_picked":["Hololive_FlyingPonyTail","Hololive_StrengthChampion","Hololive_CallCivia"],"picked":"Hololive_CallHoshimachiSuisei","floor":27},{"not_picked":["Hololive_Psychosis+1","Hololive_LuckPotion+1","Hololive_OvertimeWork"],"picked":"Hololive_CallShishiroBotan","floor":28},{"not_picked":["Hololive_ASMR","Hololive_CallYuzukiChoco","Hololive_CallMinatoAqua"],"picked":"Hololive_CallSpadeEcho+1","floor":30},{"not_picked":["Hololive_CallHoshimachiSuisei","Hololive_FlyingPonyTail","Hololive_CocoNews"],"picked":"Hololive_CallTokinoSora","floor":31},{"not_picked":["Hololive_WolfAndLamb","Hololive_Recruit","Hololive_HighAtkLowDef"],"picked":"Hololive_DiamondStrike","floor":33},{"not_picked":["Hololive_Psychosis","Hololive_FlyingPonyTail","Hololive_HuntDinosaur"],"picked":"Hololive_CallSpadeEcho","floor":35},{"not_picked":["Hololive_Trident","Hololive_OvertimeWork","Hololive_Drill"],"picked":"Hololive_CocoNews","floor":37},{"not_picked":["Hololive_Psychosis+1","Hololive_CallShirakamiFubuki","Hololive_Drill"],"picked":"Hololive_Spy","floor":38},{"not_picked":["Hololive_HuntDinosaur","Hololive_StrengthChampion","Hololive_ManjiGathering+1"],"picked":"Hololive_CallYozoraMel","floor":40},{"not_picked":["Hololive_HuntDinosaur","Hololive_Psychosis","Hololive_FlareMind"],"picked":"Hololive_CallRoboco","floor":41},{"not_picked":["Hololive_LuckPotion","Hololive_HuntDinosaur","Hololive_CocoNews+1"],"picked":"Hololive_CallArtia","floor":44},{"not_picked":["Hololive_CallTsunomakiWatame+1","Hololive_StrengthChampion+1","Hololive_CallRoboco"],"picked":"Hololive_CallYukihanaLamy","floor":45},{"not_picked":["Hololive_Yoholoon","Hololive_SummonFox","Hololive_CallAyundaRisu"],"picked":"Hololive_CocoNews","floor":46},{"not_picked":["Hololive_Sequa+1","Hololive_CallRosalyn","Hololive_Trident"],"picked":"Hololive_CallAZKi","floor":47},{"not_picked":["Hololive_CallMinatoAqua","Hololive_OvertimeWork","Hololive_Drill"],"picked":"Hololive_CallOzoraSubaru","floor":48},{"not_picked":["Hololive_BeCareful","Hololive_Breathe","Hololive_Psychosis"],"picked":"Hololive_CocoNews+1","floor":54}],"player_experience":138565,"relics_obtained":[{"floor":6,"key":"Boot"},{"floor":8,"key":"Eternal Feather"},{"floor":9,"key":"Orichalcum"},{"floor":10,"key":"WingedGreaves"},{"floor":25,"key":"Smiling Mask"},{"floor":28,"key":"Strawberry"},{"floor":30,"key":"Dream Catcher"},{"floor":31,"key":"Toy Ornithopter"},{"floor":40,"key":"Ornamental Fan"},{"floor":41,"key":"Anchor"},{"floor":43,"key":"Vajra"},{"floor":45,"key":"Du-Vu Doll"},{"floor":47,"key":"PreservedInsect"},{"floor":48,"key":"MealTicket"},{"floor":54,"key":"Bottled Lightning"}],"event_choices":[{"cards_removed":["Hololive_Strike"],"damage_healed":5,"gold_gain":0,"player_choice":"Offered Special","damage_taken":0,"max_hp_gain":0,"max_hp_loss":0,"event_name":"Bonfire Elementals","floor":4,"gold_loss":0},{"damage_healed":0,"gold_gain":0,"player_choice":"Read","damage_taken":0,"max_hp_gain":0,"max_hp_loss":0,"event_name":"The Library","floor":21,"gold_loss":0,"cards_obtained":["Hololive_CallNekomataOkayu"]},{"cards_removed":["Hololive_Defend"],"damage_healed":0,"gold_gain":0,"player_choice":"Gave Gold","damage_taken":0,"max_hp_gain":0,"max_hp_loss":0,"event_name":"Beggar","floor":29,"gold_loss":75},{"damage_healed":0,"gold_gain":0,"player_choice":"Max HP","damage_taken":0,"max_hp_gain":0,"max_hp_loss":2,"event_name":"Winding Halls","floor":36,"gold_loss":0}],"is_beta":false,"boss_relics":[{"not_picked":["SacredBark","Astrolabe"],"picked":"Coffee Dripper"},{"not_picked":["Black Star","Hololive_ChaosS"],"picked":"Velvet Choker"}],"items_purged_floors":[20,39],"is_endless":false,"potions_floor_spawned":[1,5,8,10,14,18,19,25,31,33,40,41,44,45],"ascension_level":14}}