{"host":"4a6fro0of1ie0h2w","time":1608324568,"event":{"mods":["Aspiration","BaseMod","CCEM","Colored Map","Conspire","Downfall","GifTheSpireLib","Halation","Highlight Path","Hubris","Infinite Spire","Marisa????????","Minty Spire (QoL Compilation)","Permanent Neow","Replay The Spire","StSLib","Stuff the Spire","The Servant 0.9.4"],"gold_per_floor":[99,132,132,57,75,105,105,133,133,161,223,241,253,253,265,369,369,219,235,0,28,13,13,13,47,47,78,78,113,113,127,138,241,241,214,234,268,268,282,17,17,27,27,27,27],"floor_reached":44,"playtime":3155,"items_purged":["Clumsy","champ:Execute+1"],"score":701,"play_id":"fe8ac0fe-aefb-4c71-90bf-a81fffa066c6","local_time":"20201218224928","is_ascension_mode":true,"campfire_choices":[{"data":"champ:Taunt","floor":1,"key":"SMITH"},{"floor":3,"key":"RECALL"},{"data":"champ:Improvising","floor":26,"key":"SMITH"},{"data":"champ:HoldFirm","floor":43,"key":"SMITH"}],"circlet_count":0,"master_deck":["champ:Strike","champ:Strike","champ:Strike+1","champ:Defend","champ:Defend","champ:Defend","champ:Taunt+1","champ:DefensiveShout","champ:BringItOn","champ:DefensiveStyle","champ:DefensiveStyle","champ:Circumvent","champ:Lariat","champ:TornadoPunch","champ:TornadoPunch","champ:FalseCounter","champ:HoldFirm+1","champ:SteelEdge","champ:Improvising+1","champ:ShieldSigil","champ:DefensiveShout","champ:FlashCut","champ:TornadoPunch","champ:MurderStrike","champ:Circumvent+1","champ:DefensiveStyle","Shame","champ:EnGarde+1"],"relics":["champ:ChampionCrown","Ice Cream","Lantern","Ancient Tea Set","Whetstone","StuffTheSpire:HeavyRock","hubris:TenFootPole","Gremlin Food","hubris:Stopwatch","downfall:HeartBlessingRed","downfall:HeartBlessingBlue","StuffTheSpire:OldFever","Centennial Puzzle","aspiration:HummingbirdHeart","infinitespire:PuzzleCube","hubris:Icosahedron","conspire:Dentures","hubris:BottledHeart","Replay:Grab Bag","Cursed Key","infinitespire:Cupcake","halation:PinkAlligatorPlush","Black Star","downfall:HeartBlessingGreen","CatCart","Bottled Tornado","hubris:Metronome","Pet Ghost","Question Card"],"acts_visited":["Exordium","TheCity","TheBeyond"],"potions_floor_usage":[8,10,11,16,16,27,33,40,44,44,44,44],"damage_taken":[{"damage":53,"enemies":"3 Sentries","floor":2,"turns":12},{"damage":18,"enemies":"downfall:FleeingMerchant","floor":4,"turns":4},{"damage":5,"enemies":"Jaw Worm","floor":5,"turns":3},{"damage":21,"enemies":"Gremlin Nob","floor":6,"turns":4},{"damage":22,"enemies":"Replay:BlueRogue","floor":8,"turns":7},{"damage":17,"enemies":"Gremlin Nob","floor":10,"turns":5},{"damage":0,"enemies":"3 Sentries","floor":11,"turns":4},{"damage":0,"enemies":"Small Slimes","floor":12,"turns":2},{"damage":0,"enemies":"conspire:RoseBush","floor":13,"turns":6},{"damage":5,"enemies":"Blue Slaver","floor":15,"turns":3},{"damage":13,"enemies":"downfall:Watcher","floor":16,"turns":9},{"damage":0,"enemies":"3 Byrds","floor":19,"turns":5},{"damage":20,"enemies":"downfall:FleeingMerchant","floor":20,"turns":4},{"damage":15,"enemies":"Replay:Snechameleon","floor":21,"turns":7},{"damage":7,"enemies":"downfall:FleeingMerchant","floor":22,"turns":4},{"damage":16,"enemies":"conspire:SneckoGhost","floor":25,"turns":9},{"damage":19,"enemies":"conspire:Head Lice","floor":27,"turns":8},{"damage":16,"enemies":"conspire:MimicChest","floor":29,"turns":8},{"damage":0,"enemies":"Shell Parasite","floor":31,"turns":3},{"damage":0,"enemies":"Snecko","floor":32,"turns":3},{"damage":0,"enemies":"downfall:Silent","floor":33,"turns":9},{"damage":1,"enemies":"Orin","floor":35,"turns":16},{"damage":0,"enemies":"Orb Walker","floor":36,"turns":3},{"damage":0,"enemies":"R_Hoarder","floor":37,"turns":9},{"damage":0,"enemies":"3 Shapes","floor":39,"turns":3},{"damage":0,"enemies":"downfall:FleeingMerchant","floor":40,"turns":4},{"damage":0,"enemies":"3 Darklings","floor":42,"turns":5},{"damage":11,"enemies":"Nightmare","floor":44,"turns":6}],"seed_played":"-7323460213006678428","potions_obtained":[{"floor":5,"key":"Ancient Potion"},{"floor":6,"key":"FearPotion"},{"floor":8,"key":"AttackPotion"},{"floor":11,"key":"Languid Potion"},{"floor":12,"key":"Explosive Potion"},{"floor":15,"key":"Toxic Potion"},{"floor":21,"key":"Weak Potion"},{"floor":27,"key":"Dexterity Potion"},{"floor":29,"key":"Block Potion"},{"floor":37,"key":"AttackPotion"}],"is_trial":false,"path_per_floor":["R","E","R","$","M","E","T","E","?","E","?","M","M","?","M","B",null,"R_BF","M","$","E","$","?","T","E","R","E","?","?","?","M","M","B",null,"R_BF","M","E","?","M","$","T","M","R","NM"],"character_chosen":"THE_CHAMP","items_purchased":["champ:DefensiveStyle","champ:Improvising","Pet Ghost"],"campfire_rested":0,"item_purchase_floors":[4,20,40],"current_hp_per_floor":[90,55,55,50,50,34,34,22,31,19,19,19,19,18,18,5,90,100,100,85,75,68,68,68,52,52,33,33,22,1,1,1,1,1,1,1,1,1,1,1,1,1,1,0,0],"gold":27,"neow_bonus":"ONE_RARE_RELIC","is_daily":false,"chose_seed":false,"campfire_upgraded":3,"win_rate":0.0,"timestamp":1608324568,"path_taken":["R","E","R","$","M","E","T","E","?","E","?","M","?","?","M","BOSS","R_BF","M","$","E","$","?","T","E","R","E","?","?","?","M","M","BOSS","R_BF","M","E","?","M","$","T","M","R","NM"],"items_purchased_type":["Card","Card","Relic"],"build_version":"2020-12-13","purchased_purges":2,"victory":false,"max_hp_per_floor":[90,90,90,90,90,90,90,90,90,90,90,90,90,90,90,90,90,100,100,100,100,100,100,100,100,100,100,100,100,1,1,1,1,1,1,1,1,1,1,1,1,1,1,1,1],"card_choices":[{"not_picked":["champ:Circumvent","champ:DeathBlow"],"picked":"champ:DefensiveShout","floor":2},{"not_picked":["champ:Riposte","champ:Encircle"],"picked":"champ:BringItOn","floor":4},{"not_picked":["champ:FlashCut","champ:BringItOn"],"picked":"champ:Circumvent","floor":5},{"not_picked":["champ:EndlessRage","champ:ShieldThrow"],"picked":"champ:Lariat","floor":6},{"not_picked":["champ:Encircle","champ:FocusedBerserking"],"picked":"champ:TornadoPunch","floor":8},{"not_picked":["champ:PreciseThrust","champ:Encircle","champ:Control"],"picked":"SKIP","floor":10},{"not_picked":["champ:SwordSigil","champ:Control"],"picked":"champ:TornadoPunch","floor":11},{"not_picked":["champ:HeartStrike","champ:AdrenalArmor","champ:Duel"],"picked":"SKIP","floor":12},{"not_picked":["champ:BladeFlurry","champ:Shatter","champ:Encircle"],"picked":"SKIP","floor":13},{"not_picked":["champ:EnragedBash","champ:StanceDance"],"picked":"champ:FalseCounter","floor":15},{"not_picked":["champ:PerfectForm","champ:SwordThrow"],"picked":"champ:HoldFirm","floor":16},{"not_picked":["champ:BringItOn","champ:GladiatorsShout+1","champ:Lariat"],"picked":"SKIP","floor":19},{"not_picked":["champ:AdrenalArmor","champ:Haymaker","champ:GladiatorStyle"],"picked":"SKIP","floor":20},{"not_picked":["champ:BerserkersShout+1","champ:TornadoPunch"],"picked":"champ:ShieldSigil","floor":21},{"not_picked":["champ:SwordThrow","champ:Circumvent"],"picked":"champ:DefensiveShout","floor":22},{"not_picked":["champ:IronFortress","champ:Riposte"],"picked":"champ:FlashCut","floor":25},{"not_picked":["champ:CrookedStrike","champ:FocusedGladiator","champ:GutPunch"],"picked":"SKIP","floor":27},{"not_picked":["champ:AdrenalArmor","champ:Encircle+1"],"picked":"champ:TornadoPunch","floor":29},{"not_picked":["champ:DefensiveShout+1","champ:Encircle","champ:DeathBlow"],"picked":"SKIP","floor":31},{"not_picked":["champ:PreciseThrust","champ:PerfectedStrike","champ:ViciousMockery"],"picked":"SKIP","floor":32},{"not_picked":["champ:PerfectForm","champ:CheapShot"],"picked":"champ:MurderStrike","floor":33},{"not_picked":["champ:AdrenalArmor+1","champ:SwordSigil","champ:FlashCut+1"],"picked":"SKIP","floor":36},{"not_picked":["champ:RageSigil","champ:Balance"],"picked":"champ:Circumvent+1","floor":37},{"not_picked":["champ:ViciousMockery+1","champ:CalledShot","champ:PerfectedStrike+1"],"picked":"SKIP","floor":39},{"not_picked":["champ:Encircle+1","champ:DeathBlow+1"],"picked":"champ:DefensiveStyle","floor":40},{"not_picked":["champ:BringItOn","champ:ShieldThrow","champ:AdrenalArmor"],"picked":"champ:EnGarde+1","floor":42}],"player_experience":197108,"relics_obtained":[{"floor":2,"key":"Lantern"},{"floor":6,"key":"Ancient Tea Set"},{"floor":8,"key":"Whetstone"},{"floor":10,"key":"StuffTheSpire:HeavyRock"},{"floor":11,"key":"hubris:TenFootPole"},{"floor":21,"key":"StuffTheSpire:OldFever"},{"floor":24,"key":"Centennial Puzzle"},{"floor":25,"key":"aspiration:HummingbirdHeart"},{"floor":27,"key":"infinitespire:PuzzleCube"},{"floor":29,"key":"conspire:Dentures"},{"floor":35,"key":"CatCart"},{"floor":37,"key":"Bottled Tornado"},{"floor":37,"key":"hubris:Metronome"},{"floor":41,"key":"Question Card"}],"event_choices":[{"damage_healed":0,"gold_gain":0,"player_choice":"Success","damage_taken":3,"relics_obtained":["Gremlin Food"],"max_hp_gain":0,"max_hp_loss":0,"event_name":"Scrap Ooze","floor":14,"gold_loss":0},{"damage_healed":0,"gold_gain":0,"player_choice":"Fight","damage_taken":0,"max_hp_gain":0,"max_hp_loss":0,"event_name":"OrinTheCat","floor":35,"gold_loss":0}],"is_beta":false,"boss_relics":[{"not_picked":["conspire:SeveredTorchhead","aspiration:SilentSkillbook"],"picked":"hubris:Stopwatch"},{"not_picked":["StuffTheSpire:Kangaroo","hubris:TerracottaHorce"],"picked":"Replay:Grab Bag"},{"not_picked":["Velvet Choker","halation:SmartPhone"],"picked":"Cursed Key"},{"not_picked":["ReplayTheSpireMod:DimensionalGlitch","Painkiller Herb"],"picked":"infinitespire:Cupcake"},{"not_picked":["aspiration:RunicSpoon","halation:PlatinumPhoenix"],"picked":"halation:PinkAlligatorPlush"},{"not_picked":["halation:LoveArrow","aspiration:SecretTechniqueScroll"],"picked":"Black Star"}],"items_purged_floors":[20,40],"is_endless":false,"potions_floor_spawned":[5,6,8,11,12,15,21,27,29,31,32,37,39,42],"killed_by":"Nightmare","ascension_level":1}}