{"host":"78hrz0ylpj9lzvi8","time":1608310715,"event":{"mods":["BaseMod","Bestiary","Block Reminder","Curses Come First","Minty Spire (QoL Compilation)","Quick Restart","Random Character Button","Relic Stats","StSLib"],"gold_per_floor":[110,110,123,123,142,476,476,515,515,515,515,19,33,68,68,161,161,176,76,97,118,118,158,177,217,268,268,304,304,138,182,182,273,273,297,297,103,116,137,171,171,206,206,206,206,206],"floor_reached":45,"playtime":2646,"items_purged":["Defend_B","Strike_B","Strike_B","Strike_B"],"score":1359,"play_id":"695ce273-94c6-4436-b362-cb7b691405f6","local_time":"20201218135835","is_ascension_mode":true,"campfire_choices":[{"data":"Defragment","floor":7.0,"key":"SMITH"},{"data":"Zap","floor":11.0,"key":"SMITH"},{"data":"Glacier","floor":15.0,"key":"SMITH"},{"floor":27.0,"key":"REST"},{"floor":32.0,"key":"REST"},{"floor":41.0,"key":"REST"},{"floor":44,"key":"REST"}],"circlet_count":0,"master_deck":["AscendersBane","Defend_B","Defend_B","Defend_B","Zap+1","Dualcast","Cold Snap+1","Defragment+1","Melter","Streamline+1","Echo Form","Glacier+1","Ball Lightning","Blizzard","Biased Cognition","Steam+1","Core Surge","Glacier","Defragment","Loop","Loop+1","Echo Form","Recycle","Defragment+1","Coolheaded","Redo+1"],"relics":["Cracked Core","Golden Idol","Old Coin","Sundial","StrikeDummy","FossilizedHelix","Pantograph","Fusion Hammer","Pocketwatch","Omamori","Blue Candle","Nloth\u0027s Gift","Bag of Preparation","Calling Bell","DataDisk","Matryoshka","Turnip","Gambling Chip","Girya","Blood Vial"],"acts_visited":["Exordium","TheCity","TheBeyond"],"potions_floor_usage":[],"damage_taken":[{"damage":4.0,"enemies":"2 Louse","floor":1.0,"turns":4.0},{"damage":2.0,"enemies":"Jaw Worm","floor":3.0,"turns":4.0},{"damage":1.0,"enemies":"Small Slimes","floor":5.0,"turns":3.0},{"damage":9.0,"enemies":"Gremlin Nob","floor":6.0,"turns":3.0},{"damage":20.0,"enemies":"Lagavulin","floor":8.0,"turns":7.0},{"damage":0.0,"enemies":"3 Louse","floor":13.0,"turns":3.0},{"damage":0.0,"enemies":"3 Sentries","floor":14.0,"turns":6.0},{"damage":10.0,"enemies":"Hexaghost","floor":16.0,"turns":9.0},{"damage":1.0,"enemies":"Shell Parasite","floor":18.0,"turns":3.0},{"damage":16.0,"enemies":"3 Byrds","floor":20.0,"turns":4.0},{"damage":6.0,"enemies":"Shelled Parasite and Fungi","floor":21.0,"turns":5.0},{"damage":8.0,"enemies":"Gremlin Leader","floor":23.0,"turns":7.0},{"damage":0.0,"enemies":"Snecko","floor":24.0,"turns":4.0},{"damage":13.0,"enemies":"Book of Stabbing","floor":25.0,"turns":6.0},{"damage":16.0,"enemies":"Gremlin Leader","floor":28.0,"turns":7.0},{"damage":4.0,"enemies":"Slavers","floor":31.0,"turns":7.0},{"damage":0.0,"enemies":"Collector","floor":33.0,"turns":11.0},{"damage":27.0,"enemies":"3 Darklings","floor":35.0,"turns":7.0},{"damage":23.0,"enemies":"Orb Walker","floor":38.0,"turns":4.0},{"damage":18.0,"enemies":"Writhing Mass","floor":39.0,"turns":7.0},{"damage":0.0,"enemies":"Giant Head","floor":40.0,"turns":11.0},{"damage":18.0,"enemies":"Nemesis","floor":42.0,"turns":11.0},{"damage":38,"enemies":"Reptomancer","floor":45,"turns":2}],"seed_played":"-2663311501966138085","potions_obtained":[{"floor":5.0,"key":"FearPotion"},{"floor":13.0,"key":"Dexterity Potion"},{"floor":16.0,"key":"SkillPotion"},{"floor":20.0,"key":"Energy Potion"},{"floor":25.0,"key":"Fruit Juice"},{"floor":31.0,"key":"LiquidBronze"}],"is_trial":false,"path_per_floor":["M","?","M","?","M","E","R","E","T","?","R","$","M","E","R","B",null,"M","$","M","M","?","E","M","E","T","R","E","?","$","E","R","B",null,"M","?","$","M","M","E","R","E","T","R","E"],"character_chosen":"DEFECT","items_purchased":["Glacier","FossilizedHelix","Loop","Recycle"],"campfire_rested":4,"item_purchase_floors":[12,12,30,37],"current_hp_per_floor":[67,60,58,58,57,48,48,28,28,28,28,28,28,28,28,43,64,63,63,47,41,41,33,33,20,20,41,25,25,30,26,48,73,75,48,48,48,25,7,7,29,11,11,33,0,0],"gold":206,"neow_bonus":"TEN_PERCENT_HP_BONUS","is_daily":false,"chose_seed":false,"campfire_upgraded":3,"win_rate":0.0,"timestamp":1608310715,"path_taken":["M","?","M","?","M","E","R","E","T","?","R","$","M","E","R","BOSS","M","$","M","M","?","E","M","E","T","R","E","?","$","E","R","BOSS","M","?","$","M","M","E","R","E","T","R","E"],"items_purchased_type":["Card","Relic","Card","Card"],"build_version":"2020-12-13","purchased_purges":4,"victory":false,"max_hp_per_floor":[78,78,78,71,71,71,71,71,71,71,71,71,71,71,71,71,71,71,71,71,71,71,71,71,71,71,71,71,71,76,76,76,76,76,76,76,76,76,76,76,76,76,76,76,76,76],"relic_stats":{"Blood Vial":2,"counters":[23,134],"Golden Idol":139,"Sundial":[18],"Pantograph":50,"Blue Candle":[0],"Gambling Chip":[8],"Turnip":[0],"Nloth\u0027s Gift":3,"Bag of Preparation":[14],"obtain_stats":[{"Girya":42,"Golden Idol":4,"Blue Candle":28,"Omamori":25,"Bag of Preparation":31,"Whetstone":26,"Old Coin":6,"Calling Bell":34,"Blood Vial":43,"DataDisk":34,"Matryoshka":34,"Sundial":8,"Pantograph":14,"Gambling Chip":40,"Fusion Hammer":17,"Turnip":34,"Nloth\u0027s Gift":29,"Cracked Core":0,"StrikeDummy":9,"FossilizedHelix":12,"Pocketwatch":23},{"Girya":22,"Golden Idol":2,"Blue Candle":15,"Omamori":14,"Bag of Preparation":16,"Whetstone":14,"Old Coin":4,"Calling Bell":17,"Blood Vial":22,"DataDisk":17,"Matryoshka":17,"Sundial":5,"Pantograph":7,"Gambling Chip":21,"Fusion Hammer":8,"Turnip":17,"Nloth\u0027s Gift":15,"Cracked Core":0,"StrikeDummy":5,"FossilizedHelix":5,"Pocketwatch":12},{"Girya":132,"Golden Idol":8,"Blue Candle":75,"Omamori":68,"Bag of Preparation":82,"Whetstone":68,"Old Coin":14,"Calling Bell":93,"Blood Vial":132,"DataDisk":93,"Matryoshka":93,"Sundial":21,"Pantograph":30,"Gambling Chip":121,"Fusion Hammer":39,"Turnip":93,"Nloth\u0027s Gift":75,"Cracked Core":0,"StrikeDummy":21,"FossilizedHelix":21,"Pocketwatch":58}],"Pocketwatch":[75]},"card_choices":[{"not_picked":["Leap","Sweeping Beam"],"picked":"Cold Snap","floor":1.0},{"not_picked":["Loop","Leap"],"picked":"Defragment","floor":3.0},{"not_picked":["Rebound","Undo"],"picked":"Melter","floor":5.0},{"not_picked":["Conserve Battery","Static Discharge"],"picked":"Streamline","floor":6.0},{"not_picked":["Beam Cell","Streamline"],"picked":"Echo Form","floor":8.0},{"not_picked":["Scrape","Steam Power"],"picked":"Ball Lightning","floor":13.0},{"not_picked":["Heatsinks","Compile Driver"],"picked":"Blizzard","floor":14.0},{"not_picked":["Hyperbeam","Seek"],"picked":"Biased Cognition","floor":16.0},{"not_picked":["Steam Power","Go for the Eyes"],"picked":"Steam+1","floor":18.0},{"not_picked":["Ball Lightning","Steam"],"picked":"Coolheaded","floor":20.0},{"not_picked":["Heatsinks","Steam+1"],"picked":"Core Surge","floor":21.0},{"not_picked":["FTL","Static Discharge","Darkness"],"picked":"SKIP","floor":23.0},{"not_picked":["Turbo","Hologram","Doom and Gloom"],"picked":"SKIP","floor":24.0},{"not_picked":["White Noise","Heatsinks"],"picked":"Glacier","floor":25.0},{"not_picked":["Compile Driver","Sunder"],"picked":"Defragment","floor":28.0},{"not_picked":["Multi-Cast","Tempest"],"picked":"Loop+1","floor":31.0},{"not_picked":["Thunder Strike","Fission"],"picked":"Echo Form","floor":33.0},{"not_picked":["Rebound+1","Rip and Tear","Streamline+1"],"picked":"SKIP","floor":35.0},{"not_picked":["Sweeping Beam","Rebound"],"picked":"Defragment+1","floor":38.0},{"not_picked":["Gash","Rebound"],"picked":"Coolheaded","floor":39.0},{"not_picked":["Hyperbeam","Redo","Cold Snap+1"],"picked":"SKIP","floor":40.0},{"not_picked":["Sweeping Beam+1","Biased Cognition"],"picked":"Redo+1","floor":42.0}],"player_experience":951856,"relics_obtained":[{"floor":6.0,"key":"Old Coin"},{"floor":8.0,"key":"Sundial"},{"floor":9.0,"key":"StrikeDummy"},{"floor":14.0,"key":"Pantograph"},{"floor":23.0,"key":"Pocketwatch"},{"floor":25.0,"key":"Omamori"},{"floor":26.0,"key":"Whetstone"},{"floor":28.0,"key":"Blue Candle"},{"floor":31.0,"key":"Bag of Preparation"},{"floor":34.0,"key":"DataDisk"},{"floor":34.0,"key":"Matryoshka"},{"floor":34.0,"key":"Turnip"},{"floor":40.0,"key":"Gambling Chip"},{"floor":42.0,"key":"Girya"},{"floor":43,"key":"Blood Vial"}],"event_choices":[{"cards_removed":["Strike_B"],"damage_healed":0.0,"max_hp_gain":0.0,"max_hp_loss":0.0,"gold_gain":0.0,"event_name":"Golden Wing","player_choice":"Card Removal","floor":2.0,"gold_loss":0.0,"damage_taken":7.0},{"damage_healed":0.0,"max_hp_gain":0.0,"max_hp_loss":7.0,"gold_gain":0.0,"event_name":"Golden Idol","player_choice":"Lose Max HP","floor":4.0,"gold_loss":0.0,"damage_taken":0.0,"relics_obtained":["Golden Idol"]},{"damage_healed":0.0,"max_hp_gain":0.0,"max_hp_loss":0.0,"gold_gain":0.0,"event_name":"Liars Game","player_choice":"Ignored","floor":10.0,"gold_loss":0.0,"damage_taken":0.0},{"damage_healed":0.0,"max_hp_gain":0.0,"max_hp_loss":0.0,"gold_gain":0.0,"event_name":"Vampires","player_choice":"Ignored","floor":22.0,"gold_loss":0.0,"damage_taken":0.0},{"damage_healed":0.0,"max_hp_gain":0.0,"max_hp_loss":0.0,"gold_gain":0.0,"event_name":"N\u0027loth","player_choice":"Traded Relic","floor":29.0,"relics_lost":["Whetstone"],"gold_loss":0.0,"damage_taken":0.0,"relics_obtained":["Nloth\u0027s Gift"]},{"cards_removed":["Coolheaded"],"damage_healed":0.0,"max_hp_gain":0.0,"max_hp_loss":0.0,"gold_gain":0.0,"event_name":"Falling","player_choice":"Removed Skill","floor":36.0,"gold_loss":0.0,"damage_taken":0.0}],"is_beta":false,"boss_relics":[{"not_picked":["Astrolabe","Empty Cage"],"picked":"Fusion Hammer"},{"not_picked":["Busted Crown","Nuclear Battery"],"picked":"Calling Bell"}],"items_purged_floors":[12,19,30,37],"is_endless":false,"potions_floor_spawned":[5,13,16,18,20,25,31,40],"killed_by":"Reptomancer","ascension_level":20}}