{"host":"12piqfhmdln9x2la","time":1608316510,"event":{"mods":["2.2 Compatiblity","AchievementEnabler","BaseMod","BetterRewards","Colored Powertips","Minty Spire (QoL Compilation)","Quick Restart","SuperFastMode"],"gold_per_floor":[119,194,469,485,265,294,61,78,78,28,28,63,73,73,73,73,73],"floor_reached":16,"playtime":251,"items_purged":["Regret","Strike_G"],"score":133,"play_id":"b650f82f-0a4e-4963-b0a5-d9024b6d1614","local_time":"20201219033510","is_ascension_mode":false,"campfire_choices":[{"data":"Crippling Poison","floor":15,"key":"SMITH"}],"circlet_count":0,"master_deck":["Strike_G","Strike_G+1","Strike_G","Strike_G","Defend_G","Defend_G+1","Defend_G","Defend_G","Survivor","Neutralize","Outmaneuver","Outmaneuver","Crippling Poison+1","Bane","Prepared","Regret","Tactician","PiercingWail"],"relics":["Ring of the Snake","NeowsBlessing","TwistedFunnel","HornCleat","Lantern","Omamori","Vajra"],"acts_visited":["Exordium"],"potions_floor_usage":[16,16],"damage_taken":[{"damage":0,"enemies":"2 Louse","floor":1,"turns":1},{"damage":0,"enemies":"Small Slimes","floor":4,"turns":1},{"damage":0,"enemies":"3 Sentries","floor":6,"turns":1},{"damage":0,"enemies":"Cultist","floor":8,"turns":3},{"damage":40,"enemies":"Lagavulin","floor":12,"turns":7},{"damage":2,"enemies":"Exordium Wildlife","floor":13,"turns":3},{"damage":4,"enemies":"The Guardian","floor":16,"turns":3}],"seed_played":"-1776079748023560984","potions_obtained":[{"floor":12,"key":"SpeedPotion"},{"floor":13,"key":"Block Potion"}],"is_trial":false,"path_per_floor":["M","?","?","M","$","E","$","M","T","?","?","E","M","?","R","B"],"character_chosen":"THE_SILENT","items_purchased":["TwistedFunnel","Crippling Poison","Bane"],"campfire_rested":0,"item_purchase_floors":[5,7,7],"current_hp_per_floor":[70,59,59,59,59,59,59,59,59,59,59,19,17,3,3,0,0],"gold":73,"neow_bonus":"THREE_ENEMY_KILL","is_daily":false,"chose_seed":false,"campfire_upgraded":1,"win_rate":0.0,"timestamp":1608316510,"path_taken":["M","?","?","?","$","E","$","M","T","?","?","E","M","?","R","BOSS"],"items_purchased_type":["Relic","Card","Card"],"build_version":"2020-12-13","purchased_purges":2,"victory":false,"max_hp_per_floor":[70,70,70,70,70,70,70,70,70,70,70,70,70,70,70,70,70],"card_choices":[{"not_picked":["Dodge and Roll","Setup"],"picked":"Outmaneuver","floor":1},{"not_picked":["Dagger Spray","Slice"],"picked":"Outmaneuver","floor":4},{"not_picked":["Outmaneuver","Sucker Punch","Setup"],"picked":"SKIP","floor":6},{"not_picked":["Quick Slash","Acrobatics"],"picked":"Prepared","floor":8},{"not_picked":["Glass Knife","Sucker Punch"],"picked":"Tactician","floor":12},{"not_picked":["Deflect","Blade Dance"],"picked":"PiercingWail","floor":13}],"player_experience":97008,"relics_obtained":[{"floor":6,"key":"HornCleat"},{"floor":9,"key":"Lantern"},{"floor":12,"key":"Vajra"}],"event_choices":[{"damage_healed":0,"gold_gain":75,"player_choice":"Gather Gold","damage_taken":11,"max_hp_gain":0,"max_hp_loss":0,"event_name":"World of Goop","floor":2,"gold_loss":0},{"damage_healed":0,"gold_gain":275,"player_choice":"Desecrate","damage_taken":0,"max_hp_gain":0,"max_hp_loss":0,"event_name":"Golden Shrine","floor":3,"gold_loss":0,"cards_obtained":["Regret"]},{"cards_removed":["Defend_G"],"damage_healed":0,"gold_gain":0,"player_choice":"Card Removal","damage_taken":0,"max_hp_gain":0,"max_hp_loss":0,"event_name":"The Cleric","floor":10,"gold_loss":50},{"damage_healed":0,"gold_gain":0,"player_choice":"Box","damage_taken":0,"relics_obtained":["Omamori"],"max_hp_gain":0,"max_hp_loss":0,"event_name":"Big Fish","floor":11,"gold_loss":0,"cards_obtained":["Regret"]},{"damage_healed":0,"gold_gain":0,"player_choice":"Entered Light","damage_taken":14,"max_hp_gain":0,"max_hp_loss":0,"event_name":"Shining Light","floor":14,"gold_loss":0,"cards_upgraded":["Defend_G","Strike_G"]}],"is_beta":false,"boss_relics":[],"items_purged_floors":[5,7],"is_endless":false,"potions_floor_spawned":[12,13],"killed_by":"The Guardian","ascension_level":0}}