{"host":"48v21mwuis3vmwwb","time":1608268844,"event":{"mods":["AchievementEnabler","BaseMod","Colored Map","Colored Powertips","Highlight Path","Minty Spire (QoL Compilation)","Rare Cards Sparkle"],"gold_per_floor":[112,130,145,95,60,60,87,87,87,117,117,135,135,146,146,243,243,263,273,273,290,307,307,339,339,421,114,125,125,135,108,108,213,213,224,71,83,102,27,27,27,37,37,37,88,104,104,104,104,104,104],"floor_reached":50,"playtime":5125,"items_purged":["Strike_G"],"score":497,"play_id":"6743949a-967e-4366-a984-5f0fcfca7265","local_time":"20201218162044","is_ascension_mode":false,"campfire_choices":[{"data":"Noxious Fumes","floor":6,"key":"SMITH"},{"floor":11,"key":"REST"},{"floor":15,"key":"REST"},{"floor":23,"key":"REST"},{"floor":25,"key":"REST"},{"floor":29,"key":"REST"},{"data":"Backstab","floor":32,"key":"SMITH"},{"data":"A Thousand Cuts","floor":40,"key":"SMITH"},{"data":"Caltrops","floor":47,"key":"SMITH"},{"data":"Envenom","floor":49,"key":"SMITH"}],"circlet_count":0,"master_deck":["Strike_G","Strike_G","Strike_G","Defend_G","Defend_G","Defend_G","Defend_G","Defend_G","Survivor","Neutralize","Terror","Bane","Finisher","Noxious Fumes+1","Sucker Punch","Blade Dance","Infinite Blades","A Thousand Cuts+1","Wraith Form v2","Backstab+1","Blade Dance+1","Deflect+1","Tools of the Trade","Caltrops+1","Tactician","All Out Attack","Dagger Spray","Doppelganger","Flechettes+1","Envenom+1","Deflect+1","Parasite","Escape Plan+1","Footwork+1","Catalyst+1"],"relics":["Ring of the Snake","Ninja Scroll","InkBottle","Ancient Tea Set","WristBlade","Nunchaku","Ornamental Fan","FossilizedHelix","Coffee Dripper","Anchor","Lantern","Calipers"],"acts_visited":["Exordium","TheCity","TheBeyond"],"potions_floor_usage":[7,24,33,37,38,42,42,50],"damage_taken":[{"damage":0,"enemies":"Cultist","floor":1,"turns":3},{"damage":0,"enemies":"Small Slimes","floor":2,"turns":3},{"damage":1,"enemies":"2 Louse","floor":3,"turns":3},{"damage":35,"enemies":"3 Sentries","floor":7,"turns":7},{"damage":14,"enemies":"Lagavulin","floor":10,"turns":7},{"damage":0,"enemies":"Red Slaver","floor":12,"turns":2},{"damage":0,"enemies":"Exordium Thugs","floor":14,"turns":3},{"damage":34,"enemies":"Slime Boss","floor":16,"turns":8},{"damage":2,"enemies":"Chosen","floor":18,"turns":4},{"damage":12,"enemies":"2 Thieves","floor":19,"turns":3},{"damage":0,"enemies":"Sentry and Sphere","floor":21,"turns":1},{"damage":26,"enemies":"Snake Plant","floor":22,"turns":3},{"damage":38,"enemies":"Slavers","floor":24,"turns":5},{"damage":0,"enemies":"Shelled Parasite and Fungi","floor":28,"turns":2},{"damage":0,"enemies":"Chosen and Byrds","floor":30,"turns":3},{"damage":17,"enemies":"Collector","floor":33,"turns":5},{"damage":8,"enemies":"3 Shapes","floor":35,"turns":2},{"damage":0,"enemies":"3 Darklings","floor":37,"turns":4},{"damage":22,"enemies":"Spire Growth","floor":38,"turns":4},{"damage":0,"enemies":"Writhing Mass","floor":42,"turns":3},{"damage":19,"enemies":"2 Orb Walkers","floor":45,"turns":4},{"damage":0,"enemies":"Maw","floor":46,"turns":6},{"damage":35,"enemies":"Time Eater","floor":50,"turns":5}],"seed_played":"-6719571180504419739","potions_obtained":[{"floor":2,"key":"SkillPotion"},{"floor":10,"key":"GamblersBrew"},{"floor":14,"key":"Regen Potion"},{"floor":16,"key":"ColorlessPotion"},{"floor":20,"key":"DuplicationPotion"},{"floor":20,"key":"GhostInAJar"},{"floor":24,"key":"Poison Potion"},{"floor":33,"key":"Strength Potion"},{"floor":38,"key":"FearPotion"},{"floor":45,"key":"AttackPotion"},{"floor":46,"key":"Dexterity Potion"}],"is_trial":false,"path_per_floor":["M","M","M","?","$","R","E","?","T","E","R","M","$","M","R","B",null,"M","M","?","M","M","R","E","R","T","$","M","R","M","$","R","B",null,"M","$","M","M","$","R","?","M","T","$","?","M","R","?","R","B"],"character_chosen":"THE_SILENT","items_purchased":["Noxious Fumes","FossilizedHelix","Dagger Spray","Anchor"],"campfire_rested":5,"item_purchase_floors":[5,27,31,36],"current_hp_per_floor":[70,70,69,69,69,69,34,34,34,20,41,41,41,41,62,28,70,68,56,56,56,30,51,25,46,46,46,46,67,67,67,67,50,70,62,62,62,40,40,40,40,40,40,40,21,21,21,21,21,0,0],"gold":104,"neow_bonus":"THREE_CARDS","is_daily":false,"chose_seed":false,"campfire_upgraded":5,"win_rate":0.0,"timestamp":1608268844,"path_taken":["M","M","?","?","$","R","E","?","T","E","R","?","?","?","R","BOSS","M","M","?","M","?","R","E","R","T","$","M","R","M","$","R","BOSS","M","$","M","M","?","R","?","M","T","$","?","M","R","?","R","BOSS"],"items_purchased_type":["Card","Relic","Card","Relic"],"build_version":"2020-12-13","purchased_purges":1,"victory":false,"max_hp_per_floor":[70,70,70,70,70,70,70,70,70,70,70,70,70,70,70,70,70,70,70,70,70,70,70,70,70,70,70,70,70,70,70,70,70,70,70,70,70,70,70,70,70,70,70,70,70,70,70,70,70,70,70],"card_choices":[{"not_picked":["Escape Plan","Acrobatics"],"picked":"Terror","floor":0},{"not_picked":["Heel Hook","Flying Knee"],"picked":"Bane","floor":1},{"not_picked":["Acrobatics","Backflip"],"picked":"PiercingWail","floor":2},{"not_picked":["Footwork","Dash"],"picked":"Finisher","floor":3},{"not_picked":["Blur","Predator"],"picked":"Sucker Punch","floor":7},{"not_picked":["Acrobatics","PiercingWail"],"picked":"Blade Dance","floor":10},{"not_picked":["Slice","Outmaneuver"],"picked":"Infinite Blades","floor":12},{"not_picked":["Backflip","Bane"],"picked":"A Thousand Cuts","floor":14},{"not_picked":["A Thousand Cuts","Burst"],"picked":"Wraith Form v2","floor":16},{"not_picked":["Acrobatics","Leg Sweep"],"picked":"Backstab","floor":18},{"not_picked":["Noxious Fumes","Bane"],"picked":"Blade Dance+1","floor":19},{"not_picked":["Skewer","Choke"],"picked":"Deflect+1","floor":21},{"not_picked":["Dagger Spray+1","Dodge and Roll"],"picked":"Tools of the Trade","floor":22},{"not_picked":["Dodge and Roll","Flying Knee"],"picked":"Caltrops","floor":24},{"not_picked":["Sucker Punch","Finisher"],"picked":"Tactician","floor":28},{"not_picked":["Endless Agony","Acrobatics+1"],"picked":"All Out Attack","floor":30},{"not_picked":["Adrenaline","Unload"],"picked":"Doppelganger","floor":33},{"not_picked":["Dagger Throw","Blade Dance+1"],"picked":"Flechettes+1","floor":35},{"not_picked":["Dodge and Roll","Slice+1"],"picked":"Envenom","floor":37},{"not_picked":["Sucker Punch+1","Dodge and Roll+1"],"picked":"Deflect+1","floor":38},{"not_picked":["All Out Attack","Dagger Throw+1"],"picked":"Escape Plan+1","floor":42},{"not_picked":["Dagger Throw+1","Deadly Poison"],"picked":"Footwork+1","floor":45},{"not_picked":["Well Laid Plans+1","Finisher"],"picked":"Catalyst+1","floor":46}],"player_experience":73138,"relics_obtained":[{"floor":7,"key":"Ninja Scroll"},{"floor":9,"key":"InkBottle"},{"floor":10,"key":"Ancient Tea Set"},{"floor":24,"key":"Nunchaku"},{"floor":26,"key":"Ornamental Fan"},{"floor":43,"key":"Lantern"},{"floor":45,"key":"Calipers"}],"event_choices":[{"cards_removed":["Strike_G"],"damage_healed":0,"gold_gain":0,"player_choice":"Card Removal","damage_taken":0,"max_hp_gain":0,"max_hp_loss":0,"event_name":"The Cleric","floor":4,"gold_loss":50},{"damage_healed":0,"gold_gain":0,"player_choice":"Ignored","damage_taken":0,"max_hp_gain":0,"max_hp_loss":0,"event_name":"Purifier","floor":8,"gold_loss":0},{"damage_healed":0,"gold_gain":0,"player_choice":"Got Potions","damage_taken":0,"max_hp_gain":0,"max_hp_loss":0,"event_name":"Lab","floor":20,"gold_loss":0},{"cards_removed":["PiercingWail"],"damage_healed":0,"gold_gain":0,"player_choice":"Removed Skill","damage_taken":0,"max_hp_gain":0,"max_hp_loss":0,"event_name":"Falling","floor":41,"gold_loss":0},{"damage_healed":0,"gold_gain":0,"player_choice":"Fight","damage_taken":0,"max_hp_gain":0,"max_hp_loss":0,"event_name":"Mysterious Sphere","floor":45,"gold_loss":0},{"damage_healed":0,"gold_gain":0,"player_choice":"Ignored","damage_taken":0,"max_hp_gain":0,"max_hp_loss":0,"event_name":"NoteForYourself","floor":48,"gold_loss":0}],"is_beta":false,"boss_relics":[{"not_picked":["SlaversCollar","Astrolabe"],"picked":"WristBlade"},{"not_picked":["Philosopher\u0027s Stone","Velvet Choker"],"picked":"Coffee Dripper"}],"items_purged_floors":[39],"is_endless":false,"potions_floor_spawned":[2,10,14,16,18,22,24,33,38,45,46],"killed_by":"Time Eater","ascension_level":0}}