{"host":"63rwe7p34ct1i0qu","time":1608285275,"event":{"mods":["BaseMod","Colored Map","DeckTracker","Minty Spire (QoL Compilation)","Permanent Neow","Quick Restart","StSLib"],"gold_per_floor":[144,189,234,279,279,369,414,414,439,484,514,559,559,949,949,949,949],"floor_reached":16,"playtime":1433,"items_purged":[],"score":114,"play_id":"003a8ec9-f502-4f98-abde-481e0dff1114","local_time":"20201218185435","daily_mods":["Draft","Colorless Cards","Midas"],"is_ascension_mode":false,"campfire_choices":[{"floor":13,"key":"REST"},{"floor":15,"key":"REST"}],"circlet_count":0,"master_deck":["Adaptation","CrushJoints","Crescendo","Indignation","EmptyMind","ThirdEye","Evaluate","EmptyFist","Discovery","EmptyMind","FollowUp","EmptyFist","EmptyBody","Consecrate","Blind","BowlingBash","Finesse","Panacea","InnerPeace","Decay","Perseverance"],"relics":["PureWater","Oddly Smooth Stone","Lantern","Old Coin"],"acts_visited":["Exordium"],"potions_floor_usage":[16],"damage_taken":[{"damage":0.0,"enemies":"Small Slimes","floor":1.0,"turns":3.0},{"damage":0.0,"enemies":"Cultist","floor":2.0,"turns":3.0},{"damage":0.0,"enemies":"2 Louse","floor":3.0,"turns":2.0},{"damage":0.0,"enemies":"Blue Slaver","floor":4.0,"turns":2.0},{"damage":25.0,"enemies":"Gremlin Nob","floor":6.0,"turns":5.0},{"damage":10.0,"enemies":"Exordium Thugs","floor":7.0,"turns":3.0},{"damage":0.0,"enemies":"Large Slime","floor":10.0,"turns":4.0},{"damage":5,"enemies":"Blue Slaver","floor":12,"turns":3},{"damage":13,"enemies":"3 Sentries","floor":14,"turns":7},{"damage":34,"enemies":"The Guardian","floor":16,"turns":6}],"seed_played":"4511563792049188764","potions_obtained":[{"floor":1.0,"key":"SpeedPotion"},{"floor":2.0,"key":"Dexterity Potion"},{"floor":7.0,"key":"Strength Potion"}],"is_trial":false,"path_per_floor":["M","M","M","M","$","E","M","?","T","M","?","M","R","E","R","B"],"character_chosen":"WATCHER","items_purchased":[],"campfire_rested":2,"item_purchase_floors":[],"current_hp_per_floor":[72,72,72,72,72,47,37,37,37,37,37,32,53,40,61,27,27],"gold":949,"neow_bonus":"","is_daily":true,"chose_seed":false,"campfire_upgraded":0,"win_rate":0.0,"timestamp":1608285275,"path_taken":["M","M","M","M","$","E","M","?","T","?","?","M","R","E","R","BOSS"],"items_purchased_type":[],"build_version":"2020-12-13","purchased_purges":0,"victory":false,"max_hp_per_floor":[72,72,72,72,72,72,72,72,72,72,72,72,72,72,72,72,72],"card_choices":[{"not_picked":["Conclude","Vengeance"],"picked":"Adaptation","floor":0.0},{"not_picked":["Weave","FlurryOfBlows"],"picked":"CrushJoints","floor":0.0},{"not_picked":["SashWhip","PathToVictory"],"picked":"Crescendo","floor":0.0},{"not_picked":["PathToVictory","ThirdEye"],"picked":"Indignation","floor":0.0},{"not_picked":["WheelKick","Nirvana"],"picked":"EmptyMind","floor":0.0},{"not_picked":["Fasting2","JustLucky"],"picked":"ThirdEye","floor":0.0},{"not_picked":["ClearTheMind","ReachHeaven"],"picked":"Evaluate","floor":0.0},{"not_picked":["PathToVictory","SignatureMove"],"picked":"EmptyFist","floor":0.0},{"not_picked":["SashWhip","FlurryOfBlows"],"picked":"Discovery","floor":0.0},{"not_picked":["Evaluate","JustLucky"],"picked":"EmptyMind","floor":0.0},{"not_picked":["JustLucky","ThirdEye"],"picked":"FollowUp","floor":0.0},{"not_picked":["BowlingBash","MentalFortress"],"picked":"EmptyFist","floor":0.0},{"not_picked":["FlurryOfBlows","PathToVictory"],"picked":"EmptyBody","floor":0.0},{"not_picked":["ThirdEye","FlurryOfBlows"],"picked":"Consecrate","floor":0.0},{"not_picked":["WindmillStrike","Protect"],"picked":"Blind","floor":0.0},{"not_picked":["SashWhip","FearNoEvil"],"picked":"BowlingBash","floor":1.0},{"not_picked":["ThirdEye","Protect","BowlingBash"],"picked":"SKIP","floor":2.0},{"not_picked":["Study","CrushJoints"],"picked":"Finesse","floor":3.0},{"not_picked":["FearNoEvil","Crescendo"],"picked":"Panacea","floor":4.0},{"not_picked":["SashWhip","PathToVictory","Trip"],"picked":"SKIP","floor":6.0},{"not_picked":["FollowUp","Good Instincts"],"picked":"InnerPeace","floor":7.0},{"not_picked":["Sanctity","FlurryOfBlows","Halt"],"picked":"SKIP","floor":10.0},{"not_picked":["Weave","Blind","SashWhip"],"picked":"SKIP","floor":12},{"not_picked":["Consecrate","BowlingBash"],"picked":"Perseverance","floor":14}],"player_experience":791290,"relics_obtained":[{"floor":6.0,"key":"Oddly Smooth Stone"},{"floor":9.0,"key":"Lantern"},{"floor":14,"key":"Old Coin"}],"event_choices":[{"damage_healed":0.0,"max_hp_gain":0.0,"max_hp_loss":0.0,"gold_gain":0.0,"event_name":"Wheel of Change","player_choice":"Cursed","floor":8.0,"gold_loss":0.0,"damage_taken":0.0,"cards_obtained":["Decay"]},{"damage_healed":0.0,"max_hp_gain":0.0,"max_hp_loss":0.0,"gold_gain":30.0,"event_name":"Dead Adventurer","player_choice":"Searched \u00272\u0027 times","floor":11.0,"gold_loss":0.0,"damage_taken":0.0}],"is_beta":false,"boss_relics":[],"items_purged_floors":[],"is_endless":false,"potions_floor_spawned":[1,2,7,12],"killed_by":"The Guardian","ascension_level":0}}