{"host":"3t6uby4o5waaq95r","time":1608260575,"event":{"mods":["AchievementEnabler","BaseMod","Bestiary","Colored Map","Highlight Path","Minty Spire (QoL Compilation)","Permanent Neow","Quick Restart","Random Character Button","SuperFastMode"],"gold_per_floor":[217,72,72,72,85,123,123,123,196,221,240,415,415,433,433,564,564,577,577,577,601,287,287,306,322,346,445,459,459,60,81,81,207,207,223,223,246,121,121,121,121,121,121,34,34,58,71,89,89,89],"floor_reached":51,"playtime":998,"items_purged":["Doubt","Strike_R","Strike_R"],"score":697,"play_id":"3e6b9c76-d9c8-4c20-a6c2-f32ffd835a13","local_time":"20201217210255","is_ascension_mode":false,"campfire_choices":[{"floor":7,"key":"REST"},{"data":"Whirlwind","floor":13,"key":"SMITH"},{"data":"Intimidate","floor":15,"key":"SMITH"},{"floor":23,"key":"REST"},{"floor":29,"key":"REST"},{"floor":32,"key":"REST"},{"floor":40,"key":"REST"},{"floor":42,"key":"REST"},{"floor":45,"key":"REST"},{"floor":49,"key":"REST"}],"circlet_count":0,"master_deck":["Strike_R","Strike_R","Defend_R","Defend_R","Defend_R","Whirlwind+1","Intimidate","Intimidate+1","Iron Wave","Thunderclap","Feed+1","Shrug It Off","Flex","Brutality","Flex","Flex","Corruption","Trip","Finesse","Flash of Steel","Thunderclap+1","Deep Breath"],"relics":["Burning Blood","Chemical X","Golden Idol","Strawberry","Pantograph","Fusion Hammer","MutagenicStrength","Meat on the Bone","Nunchaku","Bag of Marbles","Brimstone","Empty Cage","Pen Nib"],"acts_visited":["Exordium","TheCity","TheBeyond"],"potions_floor_usage":[16,16,25,37,50,50],"damage_taken":[{"damage":5,"enemies":"2 Louse","floor":1,"turns":2},{"damage":6,"enemies":"Cultist","floor":5,"turns":3},{"damage":26,"enemies":"3 Sentries","floor":6,"turns":4},{"damage":8,"enemies":"Small Slimes","floor":10,"turns":3},{"damage":14,"enemies":"Exordium Wildlife","floor":11,"turns":4},{"damage":13,"enemies":"Red Slaver","floor":14,"turns":2},{"damage":50,"enemies":"Hexaghost","floor":16,"turns":9},{"damage":12,"enemies":"Shell Parasite","floor":18,"turns":4},{"damage":37,"enemies":"Spheric Guardian","floor":21,"turns":6},{"damage":12,"enemies":"Snake Plant","floor":24,"turns":3},{"damage":12,"enemies":"Snecko","floor":25,"turns":4},{"damage":16,"enemies":"Chosen and Byrds","floor":28,"turns":6},{"damage":0,"enemies":"Snake Plant","floor":31,"turns":1},{"damage":44,"enemies":"Automaton","floor":33,"turns":6},{"damage":29,"enemies":"3 Shapes","floor":35,"turns":2},{"damage":27,"enemies":"3 Darklings","floor":37,"turns":3},{"damage":28,"enemies":"Writhing Mass","floor":46,"turns":3},{"damage":10,"enemies":"4 Shapes","floor":47,"turns":1},{"damage":13,"enemies":"Transient","floor":48,"turns":5},{"damage":86,"enemies":"Donu and Deca","floor":50,"turns":6}],"seed_played":"-6609407569014525209","potions_obtained":[{"floor":1,"key":"LiquidBronze"},{"floor":5,"key":"BloodPotion"},{"floor":8,"key":"SneckoOil"},{"floor":8,"key":"SteroidPotion"},{"floor":16,"key":"AttackPotion"},{"floor":18,"key":"AttackPotion"},{"floor":25,"key":"ColorlessPotion"},{"floor":37,"key":"LiquidBronze"}],"is_trial":false,"path_per_floor":["M","$","?","$","M","E","R","?","T","M","M","?","R","M","R","B",null,"M","?","?","M","$","R","M","M","T","?","M","R","$","M","R","B",null,"M","?","M","$","?","R","$","R","T","$","R","M","M","M","R","B",null],"character_chosen":"IRONCLAD","items_purchased":["Chemical X","Meat on the Bone","Bag of Marbles","Brimstone","Deep Breath"],"campfire_rested":8,"item_purchase_floors":[2,22,30,30,44],"current_hp_per_floor":[80,80,60,60,60,47,73,73,73,71,63,63,63,56,56,37,87,81,81,81,54,54,81,75,87,87,87,81,95,95,95,95,57,95,72,62,53,53,53,81,81,95,95,95,95,73,73,66,95,35],"gold":89,"neow_bonus":"HUNDRED_GOLD","is_daily":false,"chose_seed":false,"campfire_upgraded":2,"win_rate":0.0,"timestamp":1608260575,"path_taken":["M","$","?","$","M","E","R","?","T","M","?","?","R","M","R","BOSS","M","?","?","M","$","R","M","?","T","?","M","R","$","M","R","BOSS","M","?","M","$","?","R","?","R","T","$","R","M","?","M","R","BOSS"],"items_purchased_type":["Relic","Relic","Relic","Relic","Card"],"build_version":"2020-12-13","purchased_purges":3,"victory":true,"max_hp_per_floor":[80,80,80,80,80,87,87,87,87,87,87,87,87,87,87,87,87,87,87,87,91,91,91,91,91,91,91,95,95,95,95,95,95,95,95,95,95,95,95,95,95,95,95,95,95,95,99,99,99,103],"card_choices":[{"not_picked":["Evolve","Flame Barrier"],"picked":"Whirlwind","floor":1},{"not_picked":["Fire Breathing","Anger"],"picked":"Intimidate","floor":5},{"not_picked":["Disarm","Bloodletting"],"picked":"Intimidate","floor":6},{"not_picked":["Dark Embrace","Power Through"],"picked":"Iron Wave","floor":10},{"not_picked":["Clash","Rage","Heavy Blade"],"picked":"SKIP","floor":11},{"not_picked":["Anger","Body Slam"],"picked":"Thunderclap","floor":14},{"not_picked":["Impervious","Reaper"],"picked":"Feed","floor":16},{"not_picked":["Havoc","Clothesline"],"picked":"Shrug It Off","floor":21},{"not_picked":["Armaments","Havoc"],"picked":"Flex","floor":24},{"not_picked":["Pommel Strike","Perfected Strike"],"picked":"Brutality","floor":25},{"not_picked":["Sever Soul","Pommel Strike"],"picked":"Flex","floor":28},{"not_picked":["Body Slam","Power Through"],"picked":"Flex","floor":31},{"not_picked":["Exhume","Barricade"],"picked":"Corruption","floor":33},{"not_picked":["Heavy Blade+1","Armaments","Iron Wave"],"picked":"SKIP","floor":35},{"not_picked":["Blind","Dramatic Entrance"],"picked":"Trip","floor":36},{"not_picked":["Thinking Ahead","Forethought"],"picked":"Finesse","floor":36},{"not_picked":["HandOfGreed","Jack Of All Trades"],"picked":"Flash of Steel","floor":36},{"not_picked":["Anger+1","Flex"],"picked":"Thunderclap+1","floor":37},{"not_picked":["Twin Strike","Heavy Blade+1","Fire Breathing"],"picked":"SKIP","floor":46},{"not_picked":["Thunderclap+1","Bludgeon","Flame Barrier+1"],"picked":"SKIP","floor":47},{"not_picked":["Sever Soul","Twin Strike+1","Armaments"],"picked":"SKIP","floor":48}],"player_experience":772689,"relics_obtained":[{"floor":6,"key":"Strawberry"},{"floor":9,"key":"Pantograph"},{"floor":26,"key":"Nunchaku"},{"floor":43,"key":"Pen Nib"}],"event_choices":[{"damage_healed":0,"gold_gain":0,"player_choice":"Take Damage","damage_taken":20,"relics_obtained":["Golden Idol"],"max_hp_gain":0,"max_hp_loss":0,"event_name":"Golden Idol","floor":3,"gold_loss":0},{"damage_healed":0,"gold_gain":0,"player_choice":"Got Potions","damage_taken":0,"max_hp_gain":0,"max_hp_loss":0,"event_name":"Lab","floor":8,"gold_loss":0},{"damage_healed":0,"gold_gain":175,"player_choice":"AGREE","damage_taken":0,"max_hp_gain":0,"max_hp_loss":0,"event_name":"Liars Game","floor":12,"gold_loss":0,"cards_obtained":["Doubt"]},{"damage_healed":0,"gold_gain":0,"player_choice":"Inject Mutagens","damage_taken":0,"relics_obtained":["MutagenicStrength"],"max_hp_gain":0,"max_hp_loss":0,"event_name":"Drug Dealer","floor":19,"gold_loss":0},{"damage_healed":0,"gold_gain":0,"player_choice":"Forge","damage_taken":0,"max_hp_gain":0,"max_hp_loss":0,"event_name":"Accursed Blacksmith","floor":20,"gold_loss":0,"cards_upgraded":["Feed"]},{"damage_healed":0,"gold_gain":99,"player_choice":"Stole From Cult","damage_taken":0,"max_hp_gain":0,"max_hp_loss":0,"event_name":"Nest","floor":27,"gold_loss":0},{"damage_healed":0,"gold_gain":0,"player_choice":"Memory 3","damage_taken":10,"max_hp_gain":0,"max_hp_loss":0,"event_name":"SensoryStone","floor":36,"gold_loss":0},{"cards_removed":["Bash"],"damage_healed":0,"gold_gain":0,"player_choice":"Removed Attack","damage_taken":0,"max_hp_gain":0,"max_hp_loss":0,"event_name":"Falling","floor":39,"gold_loss":0}],"is_beta":false,"boss_relics":[{"not_picked":["Philosopher\u0027s Stone","SacredBark"],"picked":"Fusion Hammer"},{"not_picked":["Calling Bell","Astrolabe"],"picked":"Empty Cage"}],"items_purged_floors":[22,30,38],"is_endless":false,"potions_floor_spawned":[1,5,10,14,16,18,25,35,37],"ascension_level":0}}