{"host":"6ko66ogg91i6g7xq","time":1608269333,"event":{"mods":["AchievementEnabler","Act Like it!","BaseMod","Colored Map","Colored Powertips","Downfall","Hermit","Minty Spire (QoL Compilation)","Quick Restart","Relic Stats","StSLib","The Jungle","everything is the same but u backflip on backflip"],"gold_per_floor":[116,116,76,95,270,304,315,349,349,349,299,330,244,88,88,88,88],"floor_reached":16,"playtime":430,"items_purged":[],"score":148,"play_id":"8519ebd8-5397-45a5-97df-4bb7a2a7a0a5","local_time":"20201218002853","is_ascension_mode":true,"campfire_choices":[{"floor":10,"key":"RECALL"},{"data":"Bandage Up","floor":15,"key":"SMITH"}],"circlet_count":0,"master_deck":["Strike_G","Strike_G","Strike_G","Strike_G","Strike_G","Defend_G","Defend_G","Defend_G","Defend_G","Defend_G","Survivor","Neutralize","Deadly Poison+1","Deflect","Crippling Poison","Sucker Punch","Bandage Up+1"],"relics":["Ring of the Snake","NeowsBlessing","Omamori","Sundial","Blue Candle","TwistedFunnel"],"acts_visited":["Exordium"],"potions_floor_usage":[8,8,12],"damage_taken":[{"damage":0,"enemies":"Small Slimes","floor":1,"turns":1},{"damage":0,"enemies":"Cultist","floor":4,"turns":1},{"damage":0,"enemies":"Lagavulin","floor":6,"turns":1},{"damage":0,"enemies":"2 Louse","floor":7,"turns":3},{"damage":13,"enemies":"3 Sentries","floor":8,"turns":11},{"damage":12,"enemies":"Lagavulin","floor":12,"turns":7},{"damage":5,"enemies":"Hexaghost","floor":16,"turns":6}],"seed_played":"-2045031073152888345","potions_obtained":[{"floor":1,"key":"AttackPotion"},{"floor":3,"key":"Guardian:BlockOnCardUsePotion"},{"floor":3,"key":"Strength Potion"},{"floor":7,"key":"Swift Potion"}],"is_trial":false,"path_per_floor":["M","?","?","M","?","E","M","E","T","R","?","E","$","$","R","B"],"character_chosen":"THE_SILENT","items_purchased":["Bandage Up","TwistedFunnel"],"campfire_rested":0,"item_purchase_floors":[13,14],"current_hp_per_floor":[70,70,70,70,70,70,70,57,57,57,57,45,45,45,45,46,46],"gold":88,"neow_bonus":"THREE_ENEMY_KILL","is_daily":false,"chose_seed":false,"campfire_upgraded":1,"win_rate":0.0,"timestamp":1608269333,"path_taken":["M","?","?","?","?","E","M","E","T","R","?","E","?","$","R","BOSS"],"items_purchased_type":["Card","Relic"],"build_version":"2020-12-13","purchased_purges":0,"victory":false,"max_hp_per_floor":[70,70,70,70,70,70,70,70,70,70,70,70,70,70,70,70,70],"relic_stats":{"counters":[7,30],"Sundial":[2],"Blue Candle":[0],"obtain_stats":[{"TwistedFunnel":14,"NeowsBlessing":0,"Sundial":8,"Blue Candle":12,"Omamori":6,"Ring of the Snake":0},{"TwistedFunnel":6,"NeowsBlessing":0,"Sundial":5,"Blue Candle":6,"Omamori":3,"Ring of the Snake":0},{"TwistedFunnel":24,"NeowsBlessing":0,"Sundial":17,"Blue Candle":24,"Omamori":3,"Ring of the Snake":0}],"Ring of the Snake":[14]},"card_choices":[{"not_picked":["Deflect","Slice"],"picked":"Deadly Poison","floor":1},{"not_picked":["Heel Hook","Sucker Punch"],"picked":"Deflect","floor":4},{"not_picked":["Expertise","Deflect"],"picked":"Crippling Poison","floor":6},{"not_picked":["Finisher","Flying Knee","Reflex"],"picked":"SKIP","floor":7},{"not_picked":["Finisher","Flying Knee","Reflex"],"picked":"SKIP","floor":7},{"not_picked":["Distraction","Cloak And Dagger"],"picked":"Sucker Punch","floor":8},{"not_picked":["Cloak And Dagger","Prepared","Concentrate"],"picked":"SKIP","floor":12}],"player_experience":283828,"relics_obtained":[{"floor":6,"key":"Omamori"},{"floor":8,"key":"Sundial"},{"floor":12,"key":"Blue Candle"}],"event_choices":[{"damage_healed":0,"gold_gain":0,"player_choice":"Grow","damage_taken":0,"max_hp_gain":0,"max_hp_loss":0,"event_name":"Living Wall","floor":2,"gold_loss":0,"cards_upgraded":["Deadly Poison"]},{"damage_healed":0,"gold_gain":0,"player_choice":"Bought 3 Potions","damage_taken":0,"max_hp_gain":0,"max_hp_loss":0,"event_name":"The Woman in Blue","floor":3,"gold_loss":0},{"damage_healed":0,"gold_gain":175,"player_choice":"AGREE","damage_taken":0,"max_hp_gain":0,"max_hp_loss":0,"event_name":"Liars Game","floor":5,"gold_loss":0,"cards_obtained":["Doubt"]},{"cards_removed":["Doubt"],"damage_healed":0,"gold_gain":0,"player_choice":"Card Removal","damage_taken":0,"max_hp_gain":0,"max_hp_loss":0,"event_name":"The Cleric","floor":11,"gold_loss":50}],"is_beta":false,"boss_relics":[],"items_purged_floors":[],"is_endless":false,"potions_floor_spawned":[1,7],"killed_by":"Hexaghost","ascension_level":1}}