{"host":"szp1d6dso4pv7ddl","time":1608250174,"event":{"mods":["AchievementEnabler","Alarm Clock","BaseMod","Bestiary","Block Reminder","Colored Map","Colored Powertips","Curses Come First","Displayed Cursed Tome","Highlight Path","Minty Spire (QoL Compilation)","Permanent Neow","Quick Restart","Relic Stats","StSLib"],"gold_per_floor":[113,83,94,111,60,85,95,120,120,120,71,71,86,113,113,210,210,221,235,250,175,100,100,100],"floor_reached":23,"playtime":1607,"items_purged":["Defend_R"],"score":377,"play_id":"f3ba43c7-a111-4afb-ad37-a3cde2a93f38","local_time":"20201217160934","is_ascension_mode":true,"campfire_choices":[{"data":"Sword Boomerang","floor":10,"key":"SMITH"},{"data":"Sword Boomerang","floor":15,"key":"SMITH"}],"circlet_count":0,"master_deck":["AscendersBane","Strike_R","Strike_R","Strike_R","Strike_R","Strike_R","Defend_R","Defend_R","Bash","Sword Boomerang+1","Rage","Sword Boomerang+1","Flex","Sword Boomerang","Iron Wave","Cleave","Heavy Blade","Immolate","Flex","Spot Weakness","Double Tap"],"relics":["Burning Blood","Red Skull","Frozen Egg 2","Pear","Regal Pillow","Fusion Hammer"],"acts_visited":["Exordium","TheCity"],"potions_floor_usage":[8,13,16,16],"damage_taken":[{"damage":8.0,"enemies":"Jaw Worm","floor":1.0,"turns":5.0},{"damage":0.0,"enemies":"Cultist","floor":3.0,"turns":4.0},{"damage":3.0,"enemies":"2 Louse","floor":4.0,"turns":2.0},{"damage":40.0,"enemies":"Lagavulin","floor":6.0,"turns":7.0},{"damage":6.0,"enemies":"Looter","floor":7.0,"turns":2.0},{"damage":11,"enemies":"Gremlin Nob","floor":8,"turns":3},{"damage":0,"enemies":"Large Slime","floor":13,"turns":2},{"damage":20,"enemies":"3 Sentries","floor":14,"turns":5},{"damage":42,"enemies":"Hexaghost","floor":16,"turns":5},{"damage":0,"enemies":"Chosen","floor":18,"turns":3},{"damage":16,"enemies":"Spheric Guardian","floor":19,"turns":4},{"damage":41,"enemies":"3 Cultists","floor":20,"turns":5},{"damage":58,"enemies":"Slavers","floor":23,"turns":3}],"seed_played":"5580722045583545975","potions_obtained":[{"floor":1.0,"key":"BloodPotion"},{"floor":2.0,"key":"GamblersBrew"},{"floor":2.0,"key":"FearPotion"},{"floor":8,"key":"Fire Potion"},{"floor":14,"key":"FearPotion"},{"floor":19,"key":"Energy Potion"}],"is_trial":false,"path_per_floor":["M","?","M","M","$","E","M","E","T","R","$","?","M","E","R","B",null,"M","M","M","$","?","E"],"character_chosen":"IRONCLAD","items_purchased":["Flex","Heavy Blade"],"campfire_rested":0,"item_purchase_floors":[5,11],"current_hp_per_floor":[65,65,71,74,74,40,40,35,45,45,45,50,56,42,42,28,90,96,86,51,51,51,0,0],"gold":100,"neow_bonus":"TWENTY_PERCENT_HP_BONUS","is_daily":false,"chose_seed":false,"campfire_upgraded":2,"win_rate":0.0,"timestamp":1608250174,"path_taken":["M","?","?","M","$","E","M","E","T","R","$","?","M","E","R","BOSS","M","M","M","$","?","E"],"items_purchased_type":["Card","Card"],"build_version":"2020-12-13","purchased_purges":1,"victory":false,"max_hp_per_floor":[96,96,96,96,96,96,96,96,106,106,106,111,111,111,111,111,111,111,111,111,111,111,111,111],"relic_stats":{"Regal Pillow":0,"counters":[13,50],"obtain_stats":[{"Regal Pillow":14,"Pear":9,"Fusion Hammer":17,"Frozen Egg 2":8,"Burning Blood":0,"Red Skull":6},{"Regal Pillow":8,"Pear":6,"Fusion Hammer":9,"Frozen Egg 2":6,"Burning Blood":0,"Red Skull":4},{"Regal Pillow":30,"Pear":23,"Fusion Hammer":35,"Frozen Egg 2":23,"Burning Blood":0,"Red Skull":18}],"Burning Blood":72},"card_choices":[{"not_picked":["Burning Pact","True Grit"],"picked":"Sword Boomerang","floor":1.0},{"not_picked":["Infernal Blade","Cleave"],"picked":"Rage","floor":3.0},{"not_picked":["Armaments","Havoc"],"picked":"Sword Boomerang","floor":4.0},{"not_picked":["Evolve","Thunderclap"],"picked":"Sword Boomerang","floor":6.0},{"not_picked":["Infernal Blade","Corruption"],"picked":"Iron Wave","floor":7.0},{"not_picked":["Anger","Warcry"],"picked":"Cleave","floor":8},{"not_picked":["Anger","Power Through","Rage"],"picked":"SKIP","floor":13},{"not_picked":["Sentinel","Anger","Feel No Pain+1"],"picked":"SKIP","floor":14},{"not_picked":["Corruption+1","Barricade+1"],"picked":"Immolate","floor":16},{"not_picked":["Seeing Red","Body Slam"],"picked":"Flex","floor":18},{"not_picked":["Twin Strike","Heavy Blade"],"picked":"Spot Weakness","floor":19},{"not_picked":["Iron Wave+1","Dual Wield"],"picked":"Double Tap","floor":20}],"player_experience":969834,"relics_obtained":[{"floor":6.0,"key":"Red Skull"},{"floor":8,"key":"Frozen Egg 2"},{"floor":9,"key":"Pear"},{"floor":14,"key":"Regal Pillow"}],"event_choices":[{"damage_healed":0.0,"max_hp_gain":0.0,"max_hp_loss":0.0,"gold_gain":0.0,"event_name":"The Woman in Blue","player_choice":"Bought 2 Potions","floor":2.0,"gold_loss":0.0,"damage_taken":0.0},{"damage_healed":0,"gold_gain":0,"player_choice":"Donut","damage_taken":0,"max_hp_gain":5,"max_hp_loss":0,"event_name":"Big Fish","floor":12,"gold_loss":0},{"cards_removed":["Defend_R"],"damage_healed":0,"gold_gain":0,"player_choice":"Gave Gold","damage_taken":0,"max_hp_gain":0,"max_hp_loss":0,"event_name":"Beggar","floor":22,"gold_loss":75}],"is_beta":false,"boss_relics":[{"not_picked":["Runic Cube","Runic Dome"],"picked":"Fusion Hammer"}],"items_purged_floors":[21],"is_endless":false,"potions_floor_spawned":[1,4,8,14,19],"killed_by":"Slavers","ascension_level":11}}