{"host":"e1zuqie93klo2ncl","time":1608310454,"event":{"mods":["AchievementEnabler","BaseMod","Minty Spire (QoL Compilation)","Relic Stats","StSLib"],"gold_per_floor":[110,125,125,136,136,136,164,164,211,211,2,2,2,41,41,41,41],"floor_reached":16,"playtime":7121,"items_purged":[],"score":212,"play_id":"0059a3c9-972b-4fdc-a4f9-8ce511f316a6","local_time":"20201218165414","is_ascension_mode":true,"campfire_choices":[{"data":"Neutralize","floor":6.0,"key":"SMITH"},{"floor":8.0,"key":"REST"},{"data":"Dagger Spray","floor":12.0,"key":"SMITH"},{"floor":15,"key":"REST"}],"circlet_count":0,"master_deck":["AscendersBane","Strike_G","Strike_G","Strike_G","Strike_G","Strike_G","Defend_G","Defend_G","Defend_G","Defend_G","Defend_G","Survivor","Neutralize+1","Slice","Backstab","Acrobatics","Dagger Spray+1","Leg Sweep"],"relics":["Ring of the Snake","Tough Bandages","Strawberry","Ancient Tea Set","Golden Idol","Membership Card","Molten Egg 2"],"acts_visited":["Exordium"],"potions_floor_usage":[],"damage_taken":[{"damage":2.0,"enemies":"Jaw Worm","floor":1.0,"turns":6.0},{"damage":0.0,"enemies":"2 Louse","floor":2.0,"turns":3.0},{"damage":0.0,"enemies":"Small Slimes","floor":4.0,"turns":2.0},{"damage":51.0,"enemies":"3 Sentries","floor":7.0,"turns":13.0},{"damage":31,"enemies":"Lagavulin","floor":14,"turns":8},{"damage":30,"enemies":"The Guardian","floor":16,"turns":14}],"seed_played":"-956127492939908307","potions_obtained":[],"is_trial":false,"path_per_floor":["M","M","?","M","?","R","E","R","T","?","$","R","$","E","R","B"],"character_chosen":"THE_SILENT","items_purchased":["Membership Card","Leg Sweep"],"campfire_rested":2,"item_purchase_floors":[11,11],"current_hp_per_floor":[57,57,57,57,62,62,18,39,39,39,39,39,39,8,27,0,0],"gold":41,"neow_bonus":"ONE_RARE_RELIC","is_daily":false,"chose_seed":false,"campfire_upgraded":2,"win_rate":0.0,"timestamp":1608310454,"path_taken":["M","M","?","M","?","R","E","R","T","?","?","R","?","E","R","BOSS"],"items_purchased_type":["Relic","Card"],"build_version":"2020-12-13","purchased_purges":0,"victory":false,"max_hp_per_floor":[60,60,60,60,65,65,72,72,72,65,65,65,65,65,65,65,65],"relic_stats":{"Tough Bandages":[45],"counters":[6,46],"Golden Idol":8,"obtain_stats":[{"Tough Bandages":0,"Golden Idol":10,"Strawberry":7,"Molten Egg 2":14,"Membership Card":11,"Ancient Tea Set":9,"Ring of the Snake":0},{"Tough Bandages":0,"Golden Idol":4,"Strawberry":4,"Molten Egg 2":5,"Membership Card":4,"Ancient Tea Set":4,"Ring of the Snake":0},{"Tough Bandages":0,"Golden Idol":24,"Strawberry":24,"Molten Egg 2":32,"Membership Card":24,"Ancient Tea Set":24,"Ring of the Snake":0}],"Ring of the Snake":[12]},"card_choices":[{"not_picked":["Prepared","Sucker Punch"],"picked":"Slice","floor":1.0},{"not_picked":["Deflect","Underhanded Strike"],"picked":"Backstab","floor":2.0},{"not_picked":["Prepared","Deflect"],"picked":"Acrobatics","floor":4.0},{"not_picked":["Cloak And Dagger","Slice"],"picked":"Dagger Spray","floor":7.0},{"not_picked":["Slice+1","All Out Attack+1","Flying Knee+1"],"picked":"SKIP","floor":14}],"player_experience":792711,"relics_obtained":[{"floor":7.0,"key":"Strawberry"},{"floor":9.0,"key":"Ancient Tea Set"},{"floor":14,"key":"Molten Egg 2"}],"event_choices":[{"damage_healed":0.0,"max_hp_gain":0.0,"max_hp_loss":0.0,"gold_gain":0.0,"event_name":"Liars Game","player_choice":"Ignored","floor":3.0,"gold_loss":0.0,"damage_taken":0.0},{"damage_healed":0.0,"max_hp_gain":5.0,"max_hp_loss":0.0,"gold_gain":0.0,"event_name":"Big Fish","player_choice":"Donut","floor":5.0,"gold_loss":0.0,"damage_taken":0.0},{"damage_healed":0.0,"max_hp_gain":0.0,"max_hp_loss":7.0,"gold_gain":0.0,"event_name":"Golden Idol","player_choice":"Lose Max HP","floor":10.0,"gold_loss":0.0,"damage_taken":0.0,"relics_obtained":["Golden Idol"]}],"is_beta":false,"boss_relics":[],"items_purged_floors":[],"is_endless":false,"potions_floor_spawned":[],"killed_by":"The Guardian","ascension_level":20}}