{"host":"qwttrqaysb380yri","time":1608324856,"event":{"mods":["BaseMod","Custom Start","Minty Spire (QoL Compilation)","Permanent Neow","Puzzle Mod","Relic Stats","StSLib","The Cursed","The Hierophant"],"gold_per_floor":[109,143,182,182,196,196,189,189,189,229,269,269,300,328,328,408,458,486,513,513,552,40,40,76,64,64],"floor_reached":25,"playtime":947,"items_purged":["hierophant:Strike_Hierophant"],"score":425,"play_id":"ad2fb125-6072-4280-9444-d6d7ccedde16","local_time":"20201218215416","is_ascension_mode":true,"campfire_choices":[{"data":"hierophant:PassingBell","floor":6,"key":"SMITH"},{"data":"hierophant:RustyCrate","floor":8,"key":"SMITH"},{"floor":12,"key":"REST"},{"data":"hierophant:ChurchCoffers","floor":15,"key":"SMITH"},{"floor":23,"key":"REST"}],"circlet_count":0,"master_deck":["AscendersBane","hierophant:Strike_Hierophant","hierophant:Strike_Hierophant","hierophant:Strike_Hierophant","hierophant:Punish","hierophant:Defend_Hierophant","hierophant:Defend_Hierophant","hierophant:Defend_Hierophant","hierophant:Defend_Hierophant","hierophant:ChurchCoffers+1","hierophant:RustyCrate+1","hierophant:Doubloon","hierophant:Doubloon","hierophant:PassingBell+1","hierophant:HolyVerse+1","hierophant:FieryStrike","hierophant:Embezzle","hierophant:Doubloon","hierophant:Remorse+1","hierophant:Zeal+1","hierophant:Shelter","hierophant:Cornucopia","hierophant:Encroach","hierophant:HammerAndAnvil","hierophant:Community","Panacea","hierophant:Doubloon","hierophant:CoinFling+1","hierophant:Remorse+1","hierophant:Doubloon","hierophant:Martyrdom"],"relics":["hierophant:PropheticMaskRelic","Happy Flower","Molten Egg 2","HornCleat","Singing Bowl","Blood Vial","Tiny House","Mango"],"acts_visited":["Exordium","TheCity"],"potions_floor_usage":[11,16,18,24,25,25,25,25,25],"damage_taken":[{"damage":2,"enemies":"Jaw Worm","floor":1,"turns":3},{"damage":16,"enemies":"Cultist","floor":2,"turns":4},{"damage":0,"enemies":"2 Louse","floor":3,"turns":2},{"damage":7,"enemies":"Looter","floor":5,"turns":3},{"damage":30,"enemies":"Lagavulin","floor":7,"turns":6},{"damage":10,"enemies":"3 Louse","floor":10,"turns":2},{"damage":0,"enemies":"3 Sentries","floor":11,"turns":5},{"damage":6,"enemies":"Gremlin Nob","floor":13,"turns":3},{"damage":0,"enemies":"Large Slime","floor":14,"turns":3},{"damage":34,"enemies":"Slime Boss","floor":16,"turns":9},{"damage":25,"enemies":"Chosen","floor":18,"turns":5},{"damage":17,"enemies":"2 Thieves","floor":19,"turns":4},{"damage":4,"enemies":"Centurion and Healer","floor":21,"turns":7},{"damage":38,"enemies":"Cultist and Chosen","floor":24,"turns":7},{"damage":4,"enemies":"Gremlin Leader","floor":25,"turns":6}],"seed_played":"-2091229994079304243","potions_obtained":[{"floor":3,"key":"Ancient Potion"},{"floor":5,"key":"SmokeBomb"},{"floor":7,"key":"Regen Potion"},{"floor":14,"key":"LiquidBronze"},{"floor":17,"key":"SpeedPotion"},{"floor":18,"key":"SteroidPotion"},{"floor":19,"key":"EntropicBrew"}],"is_trial":false,"path_per_floor":["M","M","M","?","M","R","E","R","T","M","E","R","E","M","R","B",null,"M","M","?","M","$","R","M","E"],"character_chosen":"HIEROPHANT","items_purchased":["hierophant:Remorse+1","Mango","hierophant:Martyrdom"],"campfire_rested":2,"item_purchase_floors":[22,22,22],"current_hp_per_floor":[66,50,50,75,68,68,38,38,38,28,45,68,62,64,64,32,71,48,33,21,19,33,61,27,25,25],"gold":64,"neow_bonus":"RANDOM_COMMON_RELIC","is_daily":false,"chose_seed":false,"campfire_upgraded":3,"win_rate":0.0,"timestamp":1608324856,"path_taken":["M","M","M","?","M","R","E","R","T","M","E","R","E","M","R","BOSS","M","M","?","M","$","R","M","E"],"items_purchased_type":["Card","Relic","Card"],"build_version":"2020-12-13","purchased_purges":1,"victory":false,"max_hp_per_floor":[75,75,75,75,75,75,75,75,75,75,77,77,77,77,77,77,82,82,82,82,82,96,96,98,98,98],"relic_stats":{"Blood Vial":14,"Happy Flower":[23],"Singing Bowl":4,"counters":[15,69],"obtain_stats":[{"Blood Vial":13,"HornCleat":9,"Tiny House":17,"Happy Flower":0,"Singing Bowl":11,"hierophant:PropheticMaskRelic":0,"Molten Egg 2":7,"Mango":22},{"Blood Vial":8,"HornCleat":5,"Tiny House":10,"Happy Flower":0,"Singing Bowl":7,"hierophant:PropheticMaskRelic":0,"Molten Egg 2":5,"Mango":13},{"Blood Vial":28,"HornCleat":18,"Tiny House":40,"Happy Flower":0,"Singing Bowl":25,"hierophant:PropheticMaskRelic":0,"Molten Egg 2":18,"Mango":56}]},"card_choices":[{"not_picked":["hierophant:Patience","hierophant:Encroach"],"picked":"hierophant:RustyCrate","floor":1},{"not_picked":["hierophant:OrnateBuckler","hierophant:AuricBeam"],"picked":"hierophant:PassingBell","floor":2},{"not_picked":["hierophant:Upheaval","hierophant:MorningPrayer"],"picked":"hierophant:HolyVerse","floor":3},{"not_picked":["hierophant:PassingBell","hierophant:OrnateJavelin"],"picked":"hierophant:FieryStrike","floor":5},{"not_picked":["hierophant:Alms","hierophant:Shelter"],"picked":"hierophant:Embezzle","floor":7},{"not_picked":["hierophant:Alms","hierophant:Encroach"],"picked":"hierophant:Remorse+1","floor":10},{"not_picked":["hierophant:TollTheBells","hierophant:Determination","hierophant:HolyVerse"],"picked":"Singing Bowl","floor":11},{"not_picked":["hierophant:OrnateJavelin+1","hierophant:OrnateBuckler"],"picked":"hierophant:Zeal+1","floor":13},{"not_picked":["hierophant:Chorus","hierophant:Patience"],"picked":"hierophant:Shelter","floor":14},{"not_picked":["hierophant:BulkyChest","hierophant:LocustPlague+1"],"picked":"hierophant:Cornucopia","floor":16},{"not_picked":["hierophant:RecallFunds","hierophant:Zeal+1"],"picked":"hierophant:Encroach","floor":17},{"not_picked":["hierophant:Sermon","hierophant:AuricBeam+1"],"picked":"hierophant:HammerAndAnvil","floor":18},{"not_picked":["hierophant:Flagellation+1","hierophant:DeathKnell"],"picked":"hierophant:Community","floor":19},{"not_picked":["hierophant:FlamingChariot+1","hierophant:MorningPrayer"],"picked":"hierophant:CoinFling+1","floor":21},{"not_picked":["hierophant:Alms+1","hierophant:HammerAndAnvil","hierophant:HolyVerse"],"picked":"Singing Bowl","floor":24}],"player_experience":1880919,"relics_obtained":[{"floor":7,"key":"Molten Egg 2"},{"floor":9,"key":"HornCleat"},{"floor":11,"key":"Singing Bowl"},{"floor":13,"key":"Blood Vial"}],"event_choices":[{"damage_healed":25,"gold_gain":0,"player_choice":"Full Heal","damage_taken":0,"max_hp_gain":0,"max_hp_loss":0,"event_name":"Wheel of Change","floor":4,"gold_loss":0},{"damage_healed":0,"gold_gain":0,"player_choice":"CARD ","damage_taken":12,"max_hp_gain":0,"max_hp_loss":0,"event_name":"Knowing Skull","floor":20,"potions_obtained":[],"gold_loss":0,"cards_obtained":["Panacea"]}],"is_beta":false,"boss_relics":[{"not_picked":["Runic Pyramid","Runic Dome"],"picked":"Tiny House"}],"items_purged_floors":[22],"is_endless":false,"potions_floor_spawned":[3,5,7,10,14,18,19],"killed_by":"Gremlin Leader","ascension_level":15}}