{"host":"gpvfax9ls8tf4xze","time":1608304464,"event":{"mods":["Aspiration","BaseMod","BetterRewards","Colored Powertips","Downfall","GifTheSpireLib","Minty Spire (QoL Compilation)","Replay The Spire","StSLib","Stuff the Spire","The Hierophant"],"gold_per_floor":[99,99,99,127,127,147,147,147,176,26,45,30,44,124,134,239,239,164,164,179,179,190,219,219,219,252,252,252,230,288,263,275,370,370,370,95,154,210,210,220,244,244,294,323,333,383,393,393,413,413,413,441,5,5,5],"floor_reached":56,"playtime":6274,"items_purged":["hexamod:Haunted"],"score":1325,"play_id":"64f31e57-3fe1-4695-873d-f77d27859ad2","local_time":"20201219001424","is_ascension_mode":false,"campfire_choices":[{"floor":1.0,"key":"RECALL"},{"data":"Guardian:PrismaticBeam","floor":10.0,"key":"SMITH"},{"data":"Guardian:FastForward","floor":18.0,"key":"SMITH"},{"data":"Bouncing Flask","floor":25.0,"key":"SMITH"},{"data":"Guardian:GatlingBeam","floor":27.0,"key":"SMITH"},{"data":"Guardian:BronzeOrb","floor":35.0,"key":"SMITH"},{"data":"Guardian:SpikerProtocol","floor":39.0,"key":"SMITH"},{"data":"Guardian:FierceBash","floor":42.0,"key":"SMITH"},{"data":"Guardian:TimeSifter","floor":54,"key":"SMITH"}],"circlet_count":0,"master_deck":["Guardian:Strike_Guardian","Guardian:Defend_Guardian","Guardian:Defend_Guardian","Guardian:Defend_Guardian","Guardian:CurlUp","Guardian:TwinSlam","Riddle With Holes","Bouncing Flask+1","Flying Knee","Guardian:RollAttack","Guardian:BronzeOrb+1","Guardian:PrimingBeam","Guardian:PrismaticBeam+1","Guardian:CrystalBeam","Guardian:Planning","Guardian:ChargeUp","Guardian:FastForward+1","Guardian:TemporalShield+1","Guardian:GatlingBeam+1","Guardian:ShieldCharger+1","Guardian:TimeCapacitor","Guardian:TimeBomb+1","Guardian:Incinerate","Guardian:FierceBash+1","Guardian:PrismaticBeam+1","Guardian:SpikerProtocol+1","Guardian:Incinerate+1","Guardian:TimeCapacitor+1","Guardian:CrystalBeam","Guardian:TimeBomb+1","Guardian:Recover+1","Guardian:ArmoredProtocol","Guardian:PiercingHide+1","Guardian:Gem_Red","Guardian:DecasProtection+1","Guardian:Emergency+1","ReplayTheSpireMod:IOU","Guardian:TimeSifter+1"],"relics":["Guardian:ModeShifter","downfall:HeartsMalice","aspiration:Lifesprig","aspiration:SeaSaltIceCream","aspiration:Nostalgia","Sizzling Blood","downfall:HeartBlessingRed","downfall:HeartBlessingGreen","Iron Hammer","Coffee Dripper","downfall:HeartBlessingBlue","Toxic Egg 2","Replay:WaspNest","Orichalcum","downfall:KnowingSkull","Ginger","Cursed Key","DollysMirror","aspiration:ChemicalBlood","Prayer Wheel","PreservedInsect","CaptainsWheel","Replay:Wax Seal","Lee\u0027s Waffle"],"acts_visited":["Exordium","TheCity","TheBeyond","TheEnding"],"potions_floor_usage":[55,55,55,55],"damage_taken":[{"damage":0.0,"enemies":"Small Slimes","floor":3.0,"turns":1.0},{"damage":0.0,"enemies":"3 Sentries","floor":4.0,"turns":1.0},{"damage":0.0,"enemies":"2 Louse","floor":5.0,"turns":1.0},{"damage":0.0,"enemies":"Cultist","floor":6.0,"turns":3.0},{"damage":19.0,"enemies":"Lagavulin","floor":9.0,"turns":5.0},{"damage":4.0,"enemies":"Exordium Thugs","floor":11.0,"turns":4.0},{"damage":6.0,"enemies":"downfall:FleeingMerchant","floor":12.0,"turns":4.0},{"damage":0.0,"enemies":"Large Slime","floor":13.0,"turns":4.0},{"damage":0.0,"enemies":"3 Louse","floor":15.0,"turns":2.0},{"damage":6.0,"enemies":"downfall:Silent","floor":16.0,"turns":6.0},{"damage":0.0,"enemies":"Spheric Guardian","floor":20.0,"turns":3.0},{"damage":1.0,"enemies":"Snake Plant","floor":22.0,"turns":3.0},{"damage":0.0,"enemies":"Replay:Snechameleon","floor":23.0,"turns":2.0},{"damage":0.0,"enemies":"Gremlin Leader","floor":26.0,"turns":5.0},{"damage":3.0,"enemies":"downfall:FleeingMerchant","floor":29.0,"turns":4.0},{"damage":3.0,"enemies":"3 Cultists","floor":30.0,"turns":3.0},{"damage":3.0,"enemies":"downfall:FleeingMerchant","floor":31.0,"turns":1.0},{"damage":11.0,"enemies":"Shelled Parasite and Fungi","floor":32.0,"turns":3.0},{"damage":24.0,"enemies":"downfall:Watcher","floor":33.0,"turns":5.0},{"damage":3.0,"enemies":"Orb Walker","floor":37.0,"turns":2.0},{"damage":3.0,"enemies":"3 Darklings","floor":38.0,"turns":3.0},{"damage":4.0,"enemies":"Jaw Worm Horde","floor":40.0,"turns":2.0},{"damage":10.0,"enemies":"Mind Bloom Boss Battle","floor":43.0,"turns":4.0},{"damage":27.0,"enemies":"Reptomancer","floor":44.0,"turns":3.0},{"damage":1.0,"enemies":"Writhing Mass","floor":45.0,"turns":4.0},{"damage":21.0,"enemies":"3 Darklings","floor":46.0,"turns":3.0},{"damage":5.0,"enemies":"Sphere and 2 Shapes","floor":47.0,"turns":3.0},{"damage":9.0,"enemies":"4 Shapes","floor":49.0,"turns":4.0},{"damage":11.0,"enemies":"downfall:Defect","floor":50.0,"turns":6.0},{"damage":75.0,"enemies":"downfall:CharBossMerchant","floor":52.0,"turns":8.0},{"damage":79,"enemies":"downfall:NeowBoss","floor":55,"turns":22}],"seed_played":"2278667095239918801","potions_obtained":[{"floor":4.0,"key":"CultistPotion"},{"floor":9.0,"key":"Milkshake"},{"floor":11.0,"key":"Languid Potion"},{"floor":13.0,"key":"champ:CounterPotion"},{"floor":16.0,"key":"PowerPotion"},{"floor":23.0,"key":"Block Potion"},{"floor":26.0,"key":"Swift Potion"},{"floor":32.0,"key":"Death Potion"},{"floor":40.0,"key":"LiquidMemories"},{"floor":46.0,"key":"Block Potion"},{"floor":49.0,"key":"PowerPotion"},{"floor":52.0,"key":"Block Potion"},{"floor":55,"key":"Adrenaline Potion"}],"is_trial":false,"path_per_floor":["R","?","M","E","M","M","T","?","E","R","M","$","M","T","M","B",null,"R","?","M","?","M","E","T","R","E","R","?","$","M","$","M","B",null,"R","?","M","M","R","M","T","R","?","E","M","M","M","?","M","B",null,"E","$","R","B",null],"character_chosen":"GUARDIAN","items_purchased":["Guardian:Gem_Lightblue","Ginger","Guardian:Gem_Purple","DollysMirror","Reflective Coating","Swift Potion","Replay:Wax Seal","Lee\u0027s Waffle","Guardian:TimeSifter","FairyPotion"],"campfire_rested":0,"item_purchase_floors":[29,31,31,36,36,36,53,53,53,53],"current_hp_per_floor":[80,80,80,80,80,80,80,80,65,65,65,63,67,67,71,69,84,94,94,94,94,94,94,94,94,94,94,86,87,88,89,82,62,94,94,94,94,94,94,94,94,94,88,65,68,51,50,50,45,38,94,23,101,101,26],"gold":5,"neow_bonus":"THREE_ENEMY_KILL","is_daily":false,"chose_seed":false,"campfire_upgraded":8,"win_rate":0.0,"timestamp":1608304464,"path_taken":["R","?","M","E","M","M","T","?","E","R","M","$","?","?","M","BOSS","R","?","M","?","M","E","T","R","E","R","?","$","M","$","M","BOSS","R","?","M","M","R","M","T","R","?","E","M","M","M","?","M","BOSS","E","$","R","BOSS"],"items_purchased_type":["Card","Relic","Card","Relic","Potion","Potion","Relic","Relic","Card","Potion"],"build_version":"2020-12-13","purchased_purges":1,"victory":true,"max_hp_per_floor":[80,80,80,80,80,80,80,80,84,84,84,84,84,84,84,84,84,94,94,94,94,94,94,94,94,94,94,94,94,94,94,94,94,94,94,94,94,94,94,94,94,94,94,94,94,94,94,94,94,94,94,94,101,101,101],"card_choices":[{"not_picked":["Guardian:VentSteam","Guardian:Suspension"],"picked":"Guardian:RollAttack","floor":3.0},{"not_picked":["Guardian:MultiBeam","Guardian:WalkerClaw"],"picked":"Guardian:BronzeOrb","floor":4.0},{"not_picked":["Guardian:Gem_Fragmented","Guardian:Harden"],"picked":"Guardian:Gem_Synthetic","floor":5.0},{"not_picked":["Guardian:Reroute","Guardian:PiercingHide"],"picked":"Guardian:PrimingBeam","floor":6.0},{"not_picked":["Guardian:FloatingOrbs","Guardian:RollAttack"],"picked":"Guardian:PrismaticBeam","floor":9.0},{"not_picked":["Guardian:Gem_Blue","Guardian:Gem_Cyan"],"picked":"Guardian:CrystalBeam","floor":11.0},{"not_picked":["Guardian:TimeCapacitor","Guardian:VentSteam"],"picked":"Guardian:Gem_Cyan","floor":12.0},{"not_picked":["Guardian:Suspension","Guardian:PrismaticBeam"],"picked":"Guardian:Planning","floor":13.0},{"not_picked":["Guardian:MultiBeam","Guardian:TimeCapacitor"],"picked":"Guardian:ChargeUp","floor":15.0},{"not_picked":["Guardian:StasisField","Guardian:ExploitGems"],"picked":"Guardian:FastForward","floor":16.0},{"not_picked":["Guardian:ChargeCore","Guardian:PolyBeam"],"picked":"Guardian:TemporalShield+1","floor":20.0},{"not_picked":["Guardian:Suspension","Guardian:Emergency","Guardian:TemporalShield"],"picked":"SKIP","floor":22.0},{"not_picked":["Guardian:Gem_White","Guardian:Gem_Cyan"],"picked":"Guardian:Gem_Red","floor":23.0},{"not_picked":["Guardian:TemporalShield+1","Guardian:Gem_Crimson"],"picked":"Guardian:GatlingBeam","floor":26.0},{"not_picked":["Guardian:PrimingBeam","Guardian:EvasiveProtocol+1"],"picked":"Guardian:ShieldCharger+1","floor":29.0},{"not_picked":["Guardian:TemporalShield+1","Guardian:CrystalBeam"],"picked":"Guardian:TimeCapacitor","floor":30.0},{"not_picked":["Guardian:PrimingBeam+1","Guardian:Gem_White"],"picked":"Guardian:TimeBomb+1","floor":31.0},{"not_picked":["Guardian:Planning+1","Guardian:WalkerClaw"],"picked":"Guardian:Incinerate","floor":32.0},{"not_picked":["Guardian:HyperBeam_Guardian","Guardian:ConstructionForm"],"picked":"Guardian:FierceBash","floor":33.0},{"not_picked":["Guardian:Repulse+1","Guardian:ShieldCharger+1"],"picked":"Guardian:SpikerProtocol","floor":37.0},{"not_picked":["Guardian:Suspension+1","Guardian:Gem_Lightblue"],"picked":"Guardian:Incinerate+1","floor":38.0},{"not_picked":["Guardian:PrismaticBeam+1","Guardian:StasisField+1"],"picked":"Guardian:TimeCapacitor+1","floor":40.0},{"not_picked":["Guardian:Recover+1","Guardian:WalkerClaw+1"],"picked":"Guardian:CrystalBeam","floor":43.0},{"not_picked":["Guardian:Gem_White","Guardian:Gem_Lightblue"],"picked":"Guardian:TimeBomb+1","floor":44.0},{"not_picked":["Guardian:Reroute+1","Guardian:Gem_Crimson"],"picked":"Guardian:Recover+1","floor":45.0},{"not_picked":["Guardian:ShieldCharger+1","Guardian:TimeCapacitor","Guardian:PrimingBeam"],"picked":"SKIP","floor":45.0},{"not_picked":["Guardian:ChargeUp+1","Guardian:DonusPower+1"],"picked":"Guardian:Gem_Purple","floor":46.0},{"not_picked":["Guardian:Gem_Cyan","Guardian:RollAttack+1"],"picked":"Guardian:Gem_White","floor":46.0},{"not_picked":["Guardian:GatlingBeam","Guardian:Reroute+1"],"picked":"Guardian:ArmoredProtocol","floor":47.0},{"not_picked":["Guardian:PrimingBeam+1","Guardian:Gem_Green"],"picked":"Guardian:PiercingHide+1","floor":47.0},{"not_picked":["Guardian:Suspension+1","Guardian:ChargeUp+1"],"picked":"Guardian:Gem_Red","floor":49.0},{"not_picked":["Guardian:Planning+1","Guardian:TimeBomb+1"],"picked":"Guardian:DecasProtection+1","floor":49.0},{"not_picked":["Guardian:WalkerClaw+1","Guardian:Gem_Fragmented"],"picked":"Guardian:Emergency+1","floor":52.0}],"player_experience":687360,"relics_obtained":[{"floor":4.0,"key":"aspiration:Lifesprig"},{"floor":9.0,"key":"aspiration:SeaSaltIceCream"},{"floor":14.0,"key":"Iron Hammer"},{"floor":23.0,"key":"Toxic Egg 2"},{"floor":24.0,"key":"Replay:WaspNest"},{"floor":26.0,"key":"Orichalcum"},{"floor":41.0,"key":"aspiration:ChemicalBlood"},{"floor":43.0,"key":"Prayer Wheel"},{"floor":44.0,"key":"PreservedInsect"},{"floor":52.0,"key":"CaptainsWheel"}],"event_choices":[],"is_beta":false,"boss_relics":[{"not_picked":["Ring of Chaos","Philosopher\u0027s Stone"],"picked":"Coffee Dripper"},{"not_picked":["Kintsugi","StuffTheSpire:RunicConfusion"],"picked":"Cursed Key"}],"items_purged_floors":[53],"is_endless":false,"potions_floor_spawned":[4,9,11,13,16,23,26,32,37,40,43,46,49,52],"ascension_level":0}}