{"host":"izkte3iaxw6lzeie","time":1608261359,"event":{"mods":["BaseMod","Bestiary","Curses Come First","Minty Spire (QoL Compilation)","StSLib","egg"],"gold_per_floor":[119,133,133,208,208,233,252,266,266,266,292,322,339,309,309,386,386,397,412,412,337,3,3,38,54,104,104,114,114,114],"floor_reached":29,"playtime":1176,"items_purged":["Perseverance"],"score":514,"play_id":"8d11964a-cd3e-4068-bb19-a84a305a5821","local_time":"20201217221559","is_ascension_mode":true,"campfire_choices":[{"floor":10.0,"key":"REST"},{"data":"FlurryOfBlows","floor":15.0,"key":"SMITH"},{"floor":23.0,"key":"REST"}],"circlet_count":0,"master_deck":["AscendersBane","Strike_P","Strike_P","Strike_P","Defend_P+1","Defend_P+1","Defend_P","Defend_P+1","Eruption","Vigilance","Evaluate","FlurryOfBlows+1","Brilliance","EmptyBody","FearNoEvil","DevaForm","Consecrate","Judgement+1","EmptyMind+1","Fasting2+1","Prostrate","CrushJoints","Pain"],"relics":["PureWater","NeowsBlessing","Kunai","Du-Vu Doll","Thread and Needle","Frozen Egg 2","Snecko Eye","Nilry\u0027s Codex","Membership Card","War Paint","TungstenRod","Pen Nib","WarpedTongs"],"acts_visited":["Exordium","TheCity"],"potions_floor_usage":[29],"damage_taken":[{"damage":0.0,"enemies":"Cultist","floor":1.0,"turns":1.0},{"damage":0.0,"enemies":"Small Slimes","floor":2.0,"turns":2.0},{"damage":0.0,"enemies":"Lagavulin","floor":6.0,"turns":1.0},{"damage":0.0,"enemies":"2 Louse","floor":7.0,"turns":2.0},{"damage":9.0,"enemies":"Exordium Wildlife","floor":8.0,"turns":4.0},{"damage":12.0,"enemies":"3 Sentries","floor":11.0,"turns":6.0},{"damage":1.0,"enemies":"Looter","floor":13.0,"turns":3.0},{"damage":15.0,"enemies":"The Guardian","floor":16.0,"turns":10.0},{"damage":2.0,"enemies":"3 Byrds","floor":18.0,"turns":4.0},{"damage":5.0,"enemies":"Chosen","floor":19.0,"turns":7.0},{"damage":17.0,"enemies":"Gremlin Leader","floor":24.0,"turns":5.0},{"damage":11.0,"enemies":"Snake Plant","floor":25.0,"turns":3.0},{"damage":8,"enemies":"Chosen and Byrds","floor":28,"turns":5},{"damage":19,"enemies":"Slavers","floor":29,"turns":1}],"seed_played":"-8489927638219527229","potions_obtained":[{"floor":2.0,"key":"ColorlessPotion"},{"floor":14.0,"key":"Energy Potion"},{"floor":14.0,"key":"LiquidBronze"},{"floor":16.0,"key":"PowerPotion"},{"floor":18.0,"key":"CultistPotion"}],"is_trial":false,"path_per_floor":["M","M","?","?","?","E","M","M","T","R","E","?","M","?","R","B",null,"M","M","?","$","$","R","E","M","T","?","M","E"],"character_chosen":"WATCHER","items_purchased":["Membership Card","Fasting2+1","Prostrate","War Paint"],"campfire_rested":2,"item_purchase_floors":[22,22,22,22],"current_hp_per_floor":[61,61,54,43,23,23,23,14,14,34,22,22,21,21,21,6,53,51,46,25,25,25,45,28,17,17,17,9,0,0],"gold":114,"neow_bonus":"THREE_ENEMY_KILL","is_daily":false,"chose_seed":false,"campfire_upgraded":1,"win_rate":0.0,"timestamp":1608261359,"path_taken":["M","M","?","?","?","E","?","M","T","R","E","?","M","?","R","BOSS","M","?","?","?","$","R","E","M","T","?","?","E"],"items_purchased_type":["Relic","Card","Card","Relic"],"build_version":"2020-12-13","purchased_purges":1,"victory":false,"max_hp_per_floor":[68,68,68,68,68,68,68,68,68,68,68,68,68,68,68,68,68,68,68,68,68,68,68,68,68,68,68,68,68,68],"card_choices":[{"not_picked":["Perseverance","ThirdEye"],"picked":"Evaluate","floor":1.0},{"not_picked":["CutThroughFate","BowlingBash"],"picked":"FlurryOfBlows","floor":2.0},{"not_picked":["Omniscience","SandsOfTime"],"picked":"Brilliance","floor":6.0},{"not_picked":["CrushJoints","Protect"],"picked":"EmptyBody","floor":7.0},{"not_picked":["Tantrum","Evaluate"],"picked":"FearNoEvil","floor":8.0},{"not_picked":["Study","ThirdEye"],"picked":"DevaForm","floor":11.0},{"not_picked":["EmptyBody","ReachHeaven"],"picked":"Consecrate","floor":13.0},{"not_picked":["Establishment+1","DeusExMachina"],"picked":"Judgement","floor":16.0},{"not_picked":["CarveReality","Nirvana+1"],"picked":"Perseverance","floor":18.0},{"not_picked":["Halt","Indignation"],"picked":"EmptyMind+1","floor":19.0},{"not_picked":["MentalFortress+1","BowlingBash"],"picked":"CrushJoints","floor":24.0},{"not_picked":["PathToVictory","EmptyFist","SashWhip"],"picked":"SKIP","floor":25.0},{"not_picked":["Evaluate","FollowUp","EmptyFist"],"picked":"SKIP","floor":28}],"player_experience":1663061,"relics_obtained":[{"floor":6.0,"key":"Kunai"},{"floor":9.0,"key":"Du-Vu Doll"},{"floor":11.0,"key":"Thread and Needle"},{"floor":20.0,"key":"Nilry\u0027s Codex"},{"floor":24.0,"key":"TungstenRod"},{"floor":26.0,"key":"Pen Nib"}],"event_choices":[{"cards_removed":["Strike_P"],"damage_healed":0.0,"max_hp_gain":0.0,"max_hp_loss":0.0,"gold_gain":0.0,"event_name":"Golden Wing","player_choice":"Card Removal","floor":3.0,"gold_loss":0.0,"damage_taken":7.0},{"damage_healed":0.0,"max_hp_gain":0.0,"max_hp_loss":0.0,"gold_gain":75.0,"event_name":"World of Goop","player_choice":"Gather Gold","floor":4.0,"gold_loss":0.0,"damage_taken":11.0},{"damage_healed":0.0,"max_hp_gain":0.0,"max_hp_loss":0.0,"gold_gain":0.0,"event_name":"Shining Light","player_choice":"Entered Light","floor":5.0,"gold_loss":0.0,"damage_taken":20.0,"cards_upgraded":["Defend_P","Defend_P"]},{"damage_healed":0.0,"max_hp_gain":0.0,"max_hp_loss":0.0,"gold_gain":30.0,"event_name":"Dead Adventurer","player_choice":"Searched \u00272\u0027 times","floor":12.0,"gold_loss":0.0,"damage_taken":0.0,"relics_obtained":["Frozen Egg 2"]},{"damage_healed":0.0,"max_hp_gain":0.0,"max_hp_loss":0.0,"gold_gain":0.0,"event_name":"The Woman in Blue","player_choice":"Bought 2 Potions","floor":14.0,"gold_loss":0.0,"damage_taken":0.0},{"damage_healed":0.0,"max_hp_gain":0.0,"max_hp_loss":0.0,"gold_gain":0.0,"event_name":"Cursed Tome","player_choice":"Obtained Book","floor":20.0,"gold_loss":0.0,"damage_taken":21.0},{"damage_healed":0.0,"max_hp_gain":0.0,"max_hp_loss":0.0,"gold_gain":0.0,"event_name":"Accursed Blacksmith","player_choice":"Rummage","floor":27.0,"gold_loss":0.0,"damage_taken":0.0,"relics_obtained":["WarpedTongs"],"cards_obtained":["Pain"]}],"is_beta":false,"boss_relics":[{"not_picked":["Runic Pyramid","Velvet Choker"],"picked":"Snecko Eye"}],"items_purged_floors":[21],"is_endless":false,"potions_floor_spawned":[2,16,18,19],"killed_by":"Slavers","ascension_level":17}}