{"host":"bbcqjedmotowk2e9","time":1608328623,"event":{"mods":["A Magickal Journey","AchievementEnabler","Aspiration","BaseMod","BetterRewards","Colored Powertips","Conspire","Energized Spire","GifTheSpireLib","Halation","Hubris","Hyrulean Relics","Minty Spire (QoL Compilation)","Permanent Neow","Quick Restart","Relic Stats","Replay The Spire","Spires And Sneckos","StSLib","Stuff the Spire","Synergy Search","The Disciple","vexMod"],"gold_per_floor":[361,75,90,90,90,90,135,135],"floor_reached":7,"playtime":200,"items_purged":[],"score":51,"play_id":"d6511991-8343-4af7-b61a-6ccd45f4ccee","local_time":"20201219005703","is_ascension_mode":true,"campfire_choices":[{"floor":6,"key":"REST"}],"circlet_count":0,"master_deck":["Strike_G","Strike_G","Strike_G","Strike_G","Strike_G","Defend_G","Defend_G","Defend_G","Defend_G","Defend_G","Survivor","Neutralize","StuffTheSpire:ClusterCrunch","Accuracy+1","StuffTheSpire:DoubleShiv","StuffTheSpire:Incantation","hubris:Wrath"],"relics":["Ring of the Snake","Sling","Ring of Hypnosis","ReplayTheSpireMod:Ring of Challenge","halation:EternalFortune"],"acts_visited":["Exordium"],"potions_floor_usage":[],"damage_taken":[{"damage":3,"enemies":"conspire:RoseBush","floor":1,"turns":4},{"damage":8,"enemies":"Jaw Worm","floor":3,"turns":4},{"damage":21,"enemies":"Lagavulin","floor":7,"turns":3}],"seed_played":"-8109153558861456741","potions_obtained":[{"floor":1,"key":"Energy Potion"}],"is_trial":false,"path_per_floor":["M","$","M","?","?","R","E"],"character_chosen":"THE_SILENT","items_purchased":["Sling","Accuracy+1","StuffTheSpire:DoubleShiv"],"campfire_rested":1,"item_purchase_floors":[2,2,2],"current_hp_per_floor":[42,42,34,34,37,58,37,37],"gold":135,"neow_bonus":"TWO_FIFTY_GOLD","is_daily":false,"chose_seed":false,"campfire_upgraded":0,"win_rate":0.0,"timestamp":1608328623,"path_taken":["M","$","M","?","?","R","E"],"items_purchased_type":["Relic","Card","Card"],"build_version":"2020-12-13","purchased_purges":0,"victory":false,"max_hp_per_floor":[70,70,70,70,73,73,73,73],"relic_stats":{"counters":[3,10],"obtain_stats":[{"Ring of Hypnosis":4,"halation:EternalFortune":5,"ReplayTheSpireMod:Ring of Challenge":4,"Sling":2,"Ring of the Snake":0},{"Ring of Hypnosis":2,"halation:EternalFortune":2,"ReplayTheSpireMod:Ring of Challenge":2,"Sling":1,"Ring of the Snake":0},{"Ring of Hypnosis":8,"halation:EternalFortune":8,"ReplayTheSpireMod:Ring of Challenge":8,"Sling":4,"Ring of the Snake":0}],"Ring of the Snake":[6]},"card_choices":[{"not_picked":["ReplayTheSpireMod:Exploit Weakness","Dagger Throw"],"picked":"StuffTheSpire:ClusterCrunch","floor":1},{"not_picked":["Flying Knee","Draining Mist"],"picked":"StuffTheSpire:Incantation","floor":3}],"player_experience":530666,"relics_obtained":[{"floor":4,"key":"Ring of Hypnosis"},{"floor":4,"key":"ReplayTheSpireMod:Ring of Challenge"}],"event_choices":[],"is_beta":false,"boss_relics":[],"items_purged_floors":[],"is_endless":false,"potions_floor_spawned":[1],"killed_by":"Lagavulin","ascension_level":6}}