{"host":"csp9nt53rootlkah","time":1608305683,"event":{"mods":["Act Like it!","BaseMod","Colored Powertips","Friendly Minions","Gensokyo","Highlight Path","Minty Spire (QoL Compilation)","Prisma Mod","Quick Restart","Replay The Spire","StSLib","TestMod","The Factory","The Jungle","UnlockEverythingMod"],"gold_per_floor":[114,264,133,133,33,66,66,66,89,121,143,185,185,199,199,382,382,397,397,398,398],"floor_reached":20,"playtime":1042,"items_purged":["Doubt","Strike_G"],"score":576,"play_id":"2b1fe0c0-c57d-4331-87a5-48afe9b97a9d","local_time":"20201218233443","is_ascension_mode":true,"campfire_choices":[{"data":"Infinite Blades","floor":7,"key":"SMITH"},{"data":"Accuracy","floor":13,"key":"SMITH"},{"data":"Infinite Blades","floor":15,"key":"SMITH"}],"circlet_count":0,"master_deck":["AscendersBane","Strike_G","Strike_G","Defend_G","Defend_G","Defend_G","Defend_G","Survivor","Neutralize","Accuracy+1","Infinite Blades+1","Infinite Blades+1","Infinite Blades+1","Cloak And Dagger","Hidden Blade","Replay:Bag of Tricks+1"],"relics":["Ring of the Snake","testmod-TestBox","testmod-TheFather","NeowsBlessing","Gremlin Food","Lantern","ReplayFunnel","HornCleat","Replay:Drink Me"],"acts_visited":["Exordium","Exordium"],"potions_floor_usage":[],"damage_taken":[{"damage":0,"enemies":"Jaw Worm","floor":1,"turns":1},{"damage":0,"enemies":"Gremlin Nob","floor":6,"turns":1},{"damage":0,"enemies":"Lagavulin","floor":10,"turns":1},{"damage":0,"enemies":"Cultist","floor":11,"turns":3},{"damage":22,"enemies":"3 Sentries","floor":12,"turns":5},{"damage":1,"enemies":"2 Louse","floor":14,"turns":2},{"damage":0,"enemies":"Fading Forest","floor":16,"turns":13},{"damage":36,"enemies":"theJungle:Flameango_and_Byrd","floor":18,"turns":4},{"damage":10,"enemies":"Shell Parasite","floor":20,"turns":4}],"seed_played":"7576002415307941786","potions_obtained":[{"floor":1,"key":"Weak Potion"},{"floor":10,"key":"Fire Potion"},{"floor":12,"key":"SteroidPotion"}],"is_trial":false,"path_per_floor":["M","?","$","?","$","E","R","$","T","E","M","E","R","M","R","B",null,"M","?","M"],"character_chosen":"THE_SILENT","items_purchased":["Infinite Blades"],"campfire_rested":0,"item_purchase_floors":[3],"current_hp_per_floor":[59,59,59,59,59,59,59,59,59,59,59,37,37,36,36,44,49,13,13,3,3],"gold":398,"neow_bonus":"THREE_ENEMY_KILL","is_daily":false,"chose_seed":false,"campfire_upgraded":3,"win_rate":0.0,"timestamp":1608305683,"path_taken":["M","?","$","?","$","E","R","$","T","E","M","E","R","?","R","BOSS","M","?","?"],"items_purchased_type":["Card"],"build_version":"2020-12-13","purchased_purges":2,"victory":false,"max_hp_per_floor":[66,66,66,66,66,66,66,66,66,66,66,66,66,66,66,66,50,50,50,50,50],"card_choices":[{"not_picked":["Backstab","Bane"],"picked":"Accuracy","floor":1},{"not_picked":["Tactician","ReplayTheSpireMod:Speed Training","Deadly Poison"],"picked":"SKIP","floor":6},{"not_picked":["Terror","Dagger Spray"],"picked":"Infinite Blades","floor":10},{"not_picked":["ReplayTheSpireMod:Tripwire","Dash"],"picked":"Cloak And Dagger","floor":11},{"not_picked":["Deflect","Toxin Wave","All Out Attack"],"picked":"SKIP","floor":12},{"not_picked":["Heel Hook","PiercingWail"],"picked":"Hidden Blade","floor":14},{"not_picked":["Wraith Form v2","Tools of the Trade"],"picked":"Replay:Bag of Tricks","floor":16},{"not_picked":["All Out Attack","Acrobatics","Dodge and Roll"],"picked":"SKIP","floor":18}],"player_experience":112897,"relics_obtained":[{"floor":6,"key":"Gremlin Food"},{"floor":9,"key":"Lantern"},{"floor":10,"key":"ReplayFunnel"},{"floor":12,"key":"HornCleat"}],"event_choices":[{"damage_healed":0,"gold_gain":150,"player_choice":"AGREE","damage_taken":0,"max_hp_gain":0,"max_hp_loss":0,"event_name":"Liars Game","floor":2,"gold_loss":0,"cards_obtained":["Doubt"]},{"damage_healed":0,"gold_gain":0,"player_choice":"Forge","damage_taken":0,"max_hp_gain":0,"max_hp_loss":0,"event_name":"Accursed Blacksmith","floor":4,"gold_loss":0,"cards_upgraded":["Infinite Blades"]},{"damage_healed":0,"gold_gain":0,"player_choice":"Upgraded","damage_taken":0,"max_hp_gain":0,"max_hp_loss":0,"event_name":"Upgrade Shrine","floor":19,"gold_loss":0,"cards_upgraded":["Replay:Bag of Tricks"]}],"is_beta":false,"boss_relics":[{"not_picked":["testmod-Fanaticism","Abe\u0027s Treasure"],"picked":"Replay:Drink Me"}],"items_purged_floors":[3,5],"is_endless":false,"potions_floor_spawned":[1,10,12],"killed_by":"Shell Parasite","ascension_level":20}}