{"host":"suz71vtxgenuxsxs","time":1608280628,"event":{"mods":["2.2 Compatiblity","AchievementEnabler","BaseMod","Colored Map","Minty Spire (QoL Compilation)","Rare Cards Sparkle","StSLib","SuperFastMode","everything is the same but u backflip on backflip"],"gold_per_floor":[115,290,290,290,310,343,361,361,414,452,470,395,395,470,470,594,594,617,337,362,362,385,385,385,385],"floor_reached":24,"playtime":1133,"items_purged":["Strike_B","Strike_B"],"score":274,"play_id":"1dfb01fe-779f-4342-a485-9e6885cb9095","local_time":"20201218173708","is_ascension_mode":true,"campfire_choices":[{"data":"Zap","floor":8,"key":"SMITH"},{"data":"Seek","floor":13,"key":"SMITH"},{"data":"Steam Power","floor":15,"key":"SMITH"},{"floor":23,"key":"REST"}],"circlet_count":0,"master_deck":["Strike_B","Strike_B","Defend_B","Defend_B","Defend_B","Defend_B","Zap+1","Dualcast","Rebound","Doom and Gloom","Seek+1","Steam Power+1","Cold Snap","Conserve Battery","Echo Form","CurseOfTheBell","Coolheaded","Apotheosis","Rebound+1","Auto Shields"],"relics":["Cracked Core","NeowsBlessing","Golden Idol","Spirit Poop","Bag of Marbles","DataDisk","Question Card","Calling Bell","Peace Pipe","Darkstone Periapt","Strawberry"],"acts_visited":["Exordium","TheCity"],"potions_floor_usage":[16,24,24,24],"damage_taken":[{"damage":0,"enemies":"Small Slimes","floor":1,"turns":1},{"damage":0,"enemies":"Jaw Worm","floor":5,"turns":1},{"damage":0,"enemies":"Lagavulin","floor":6,"turns":1},{"damage":0,"enemies":"Cultist","floor":7,"turns":3},{"damage":10,"enemies":"Gremlin Nob","floor":10,"turns":3},{"damage":6,"enemies":"2 Fungi Beasts","floor":11,"turns":2},{"damage":15,"enemies":"The Guardian","floor":16,"turns":10},{"damage":42,"enemies":"3 Byrds","floor":18,"turns":4},{"damage":2,"enemies":"Shell Parasite","floor":20,"turns":6},{"damage":15,"enemies":"Sentry and Sphere","floor":22,"turns":6},{"damage":52,"enemies":"Book of Stabbing","floor":24,"turns":7}],"seed_played":"6496258657222244068","potions_obtained":[{"floor":5,"key":"Dexterity Potion"},{"floor":7,"key":"LiquidMemories"},{"floor":11,"key":"PowerPotion"},{"floor":18,"key":"EssenceOfDarkness"}],"is_trial":false,"path_per_floor":["M","?","?","?","M","E","M","R","T","E","M","$","R","?","R","B",null,"M","$","M","?","M","R","E"],"character_chosen":"DEFECT","items_purchased":["Apotheosis"],"campfire_rested":1,"item_purchase_floors":[19],"current_hp_per_floor":[75,75,57,57,57,57,57,57,57,47,41,41,41,34,34,19,82,40,40,38,38,23,47,0,0],"gold":385,"neow_bonus":"THREE_ENEMY_KILL","is_daily":false,"chose_seed":false,"campfire_upgraded":3,"win_rate":0.0,"timestamp":1608280628,"path_taken":["M","?","?","?","M","E","?","R","T","E","M","$","R","?","R","BOSS","M","$","M","?","M","R","E"],"items_purchased_type":["Card"],"build_version":"2020-12-13","purchased_purges":2,"victory":false,"max_hp_per_floor":[75,75,75,75,75,75,75,75,75,75,75,75,75,75,75,75,82,82,82,82,82,82,82,82,82],"card_choices":[{"not_picked":["Gash","Rip and Tear"],"picked":"Rebound","floor":1},{"not_picked":["Turbo","Fusion"],"picked":"Doom and Gloom","floor":5},{"not_picked":["Compile Driver","Chill"],"picked":"Seek","floor":6},{"not_picked":["Fusion","Sweeping Beam"],"picked":"Steam Power","floor":7},{"not_picked":["Compile Driver","Ball Lightning"],"picked":"Cold Snap","floor":10},{"not_picked":["Go for the Eyes","Compile Driver","Ball Lightning"],"picked":"Conserve Battery","floor":11},{"not_picked":["Rainbow","Hyperbeam","Machine Learning"],"picked":"Echo Form","floor":16},{"not_picked":["Barrage","Sunder+1","Conserve Battery"],"picked":"Coolheaded","floor":18},{"not_picked":["Steam","Hologram","Scrape"],"picked":"Rebound+1","floor":20},{"not_picked":["Compile Driver","Rebound","Beam Cell"],"picked":"Auto Shields","floor":22}],"player_experience":340496,"relics_obtained":[{"floor":6,"key":"Bag of Marbles"},{"floor":9,"key":"DataDisk"},{"floor":10,"key":"Question Card"},{"floor":17,"key":"Peace Pipe"},{"floor":17,"key":"Darkstone Periapt"},{"floor":17,"key":"Strawberry"}],"event_choices":[{"damage_healed":0,"gold_gain":175,"player_choice":"AGREE","damage_taken":0,"max_hp_gain":0,"max_hp_loss":0,"event_name":"Liars Game","floor":2,"gold_loss":0,"cards_obtained":["Doubt"]},{"damage_healed":0,"gold_gain":0,"player_choice":"Take Damage","damage_taken":18,"relics_obtained":["Golden Idol"],"max_hp_gain":0,"max_hp_loss":0,"event_name":"Golden Idol","floor":3,"gold_loss":0},{"cards_removed":["Doubt"],"damage_healed":0,"gold_gain":0,"player_choice":"Offered Curse","damage_taken":0,"relics_obtained":["Spirit Poop"],"max_hp_gain":0,"max_hp_loss":0,"event_name":"Bonfire Elementals","floor":4,"gold_loss":0},{"damage_healed":0,"gold_gain":75,"player_choice":"Touch","damage_taken":7,"max_hp_gain":0,"max_hp_loss":0,"event_name":"FaceTrader","floor":14,"gold_loss":0},{"damage_healed":0,"gold_gain":0,"player_choice":"Ignored","damage_taken":0,"max_hp_gain":0,"max_hp_loss":0,"event_name":"Vampires","floor":21,"gold_loss":0}],"is_beta":false,"boss_relics":[{"not_picked":["Snecko Eye","Fusion Hammer"],"picked":"Calling Bell"}],"items_purged_floors":[12,19],"is_endless":false,"potions_floor_spawned":[5,7,11,18],"killed_by":"Book of Stabbing","ascension_level":4}}