{"host":"wvaiab5ya9pyia0u","time":1608321880,"event":{"mods":["2.2 Compatiblity","Aspiration","Bard","BaseMod","Bestiary","BetterRewards","Challenge The Spire","Colored Powertips","Conspire","Custom Start","DeckTracker","Hermit","Highlight Path","Hubris","Humility","Infinite Spire","Mimic Mod","Minty Spire (QoL Compilation)","Practice Mode","Quick Restart","Rare Cards Sparkle","Replay The Spire","Reworked Bosses","SacredBarkPlus","Shop Mod","Spicy Shops","StSLib","The Blue Laboratory","The Construct","The Cursed","The Disciple","The Factory","The Hierophant","The Jungle","The Mystic","The Runesmith","The Servant 0.9.4","TheBandit","Thieving Mod","Wandering Minibosses","everything is the same but u backflip on backflip","slay the spire mod where everything is the same but ironclad has a cowboy hat"],"gold_per_floor":[115,130,147,159,182,210,210,226,261,261,261,293,309,376,376,475,475,488,488,4,57,73,104,104,130,204,204,41,41,41,41,41,59,59,164,164,186,186,206,206,206,231,231,262,288,306,306,306,323,333,333,333,333,333,333,359,359,359],"floor_reached":57,"playtime":3536,"items_purged":[],"score":837,"play_id":"7dd734d3-3138-430e-a0ba-657ce47ce422","local_time":"20201218210440","is_ascension_mode":false,"campfire_choices":[{"floor":15.0,"key":"REST"},{"floor":27.0,"key":"REST"},{"data":"hermit:FromBeyond","floor":30.0,"key":"SMITH"},{"floor":43.0,"key":"REST"},{"floor":47.0,"key":"RECALL"},{"floor":54.0,"key":"REST"}],"circlet_count":0,"master_deck":["hermit:Headshot","hermit:Strike_Hermit","hermit:Strike_Hermit","hermit:Strike_Hermit","hermit:Strike_Hermit","hermit:Defend_Hermit+1","hermit:Defend_Hermit","hermit:Defend_Hermit","hermit:Defend_Hermit","hermit:Snapshot","hermit:Covet","hermit:HighCaliber","hermit:BodyArmor+1","hermit:FlashPowder+1","hermit:BlackWind","hermit:Maintenance","hermit:Deadeye","Looming Evil","Overencumbered","infinitespire:Gouge","hermit:HeroicBravado+1","hermit:ShadowCloak","hermit:FromBeyond+1","Normality","hermit:Malice","hermit:Reprieve","hermit:Manifest","hermit:Midnight+1","hermit:Showdown","hermit:EternalForm+1","hermit:Cheat","hermit:FromBeyond","hermit:Shortfuse+1","hermit:Manifest+1","hermit:FinalCanter","hermit:FullyLoaded+1","hermit:ShadowCloak","hermit:BodyArmor+1"],"relics":["hermit:Momento","Replay:Ringing Soul","aspiration:BabyByrd","Regal Pillow","hermit:RedScarf","aspiration:MobileForge","Ice Cream","hubris:EmptyBottle","Bronze Scales","Velvet Choker","Juzu Bracelet","Ornamental Fan","theJungle:WildPear","hermit:DentedPlate","ReplayTheSpireMod:Ring of Exchange","War Paint","infinitespire:EmpoweringShard","hermit:RyeStalk"],"acts_visited":["Exordium","Exordium","TheBeyond","TheEnding"],"potions_floor_usage":[56,57,57,57],"damage_taken":[{"damage":0.0,"enemies":"2 Louse","floor":1.0,"turns":2.0},{"damage":2.0,"enemies":"Small Slimes","floor":2.0,"turns":3.0},{"damage":6.0,"enemies":"Cultist","floor":3.0,"turns":3.0},{"damage":0.0,"enemies":"2 Fungi Beasts","floor":4.0,"turns":2.0},{"damage":7.0,"enemies":"3 Louse","floor":5.0,"turns":3.0},{"damage":53.0,"enemies":"3 Sentries","floor":6.0,"turns":14.0},{"damage":0.0,"enemies":"Large Slime","floor":8.0,"turns":1.0},{"damage":0.0,"enemies":"Exordium Wildlife","floor":9.0,"turns":3.0},{"damage":5.0,"enemies":"Gremlin Nob","floor":12.0,"turns":3.0},{"damage":0.0,"enemies":"Exordium Wildlife","floor":13.0,"turns":3.0},{"damage":10.0,"enemies":"The Guardian","floor":16.0,"turns":11.0},{"damage":8.0,"enemies":"theJungle:GiantWrat","floor":18.0,"turns":5.0},{"damage":14.0,"enemies":"Shell Parasite","floor":21.0,"turns":9.0},{"damage":9.0,"enemies":"theJungle:2_Snecko_Cultists","floor":22.0,"turns":4.0},{"damage":5.0,"enemies":"theJungle:2_Phrogs","floor":23.0,"turns":9.0},{"damage":37.0,"enemies":"theJungle:MamaSnecko","floor":25.0,"turns":8.0},{"damage":26.0,"enemies":"Snake Plant","floor":33.0,"turns":4.0},{"damage":6.0,"enemies":"theJungle:QueenSpyder","floor":35.0,"turns":11.0},{"damage":16.0,"enemies":"3 Shapes","floor":37.0,"turns":5.0},{"damage":62.0,"enemies":"3 Darklings","floor":39.0,"turns":6.0},{"damage":51.0,"enemies":"Reptomancer","floor":42.0,"turns":4.0},{"damage":53.0,"enemies":"R_Hoarder","floor":44.0,"turns":12.0},{"damage":2.0,"enemies":"Writhing Mass","floor":46.0,"turns":3.0},{"damage":10.0,"enemies":"4 Shapes","floor":49.0,"turns":5.0},{"damage":63.0,"enemies":"Sphere and 2 Shapes","floor":50.0,"turns":7.0},{"damage":131.0,"enemies":"infinitespire:MassOfShapes","floor":52.0,"turns":14.0},{"damage":40,"enemies":"Shield and Spear","floor":56,"turns":5},{"damage":50,"enemies":"The Heart","floor":57,"turns":5}],"seed_played":"-6884080463605481608","potions_obtained":[{"floor":4.0,"key":"construct:ShiftPotion"},{"floor":5.0,"key":"Ancient Potion"},{"floor":13.0,"key":"blueLaboratory:LouseDecoction"},{"floor":35.0,"key":"Elixir"},{"floor":39.0,"key":"blueLaboratory:HorrorPotion"},{"floor":49.0,"key":"blueLaboratory:FrostheartPotion"},{"floor":50.0,"key":"AttackPotion"}],"is_trial":false,"path_per_floor":["M","M","M","M","M","E","?","M","MIM","?","?","E","M","?","R","B",null,"M","?","$","M","M","E","AVR","E","T","R","$","?","R","PTL","PTL","M","R","B",null,"M","?","M","?","?","E","R","E","T","M","R","?","M","M","R","B",null,"R","$","E","B"],"character_chosen":"HERMIT","items_purchased":["Ice Cream","hermit:Manifest","hubris:EmptyBottle","hermit:EternalForm"],"campfire_rested":4,"item_purchase_floors":[20,20,20,28],"current_hp_per_floor":[82,80,74,74,67,17,17,20,23,23,26,24,27,27,72,65,103,95,98,101,91,90,88,88,54,54,103,106,116,116,116,116,93,131,128,160,148,148,89,106,106,58,124,78,78,79,79,156,146,86,148,17,17,79,79,42,0,0],"gold":359,"neow_bonus":"TEN_PERCENT_HP_BONUS","is_daily":false,"chose_seed":false,"campfire_upgraded":1,"win_rate":0.0,"timestamp":1608321880,"path_taken":["M","M","M","M","M","E","?","M","MIM","?","?","E","M","?","R","BOSS","M","?","$","M","?","E","AVR","E","T","R","$","?","R","PTL","PTL","M","R","BOSS","M","?","M","?","?","E","R","E","T","M","R","?","M","M","R","BOSS","R","$","E","BOSS"],"items_purchased_type":["Relic","Card","Relic","Card"],"build_version":"2020-12-13","purchased_purges":0,"victory":false,"max_hp_per_floor":[82,82,82,82,82,85,85,88,91,91,94,97,100,100,100,103,103,103,106,109,109,109,112,112,115,115,115,118,128,128,128,128,131,131,134,166,166,166,169,169,169,172,172,175,175,178,178,156,156,159,159,159,159,159,159,162,162,162],"card_choices":[{"not_picked":["hermit:Roulette","hermit:SprayPray"],"picked":"hermit:HighCaliber","floor":1.0},{"not_picked":["hermit:Dive","hermit:LowProfile"],"picked":"hermit:BodyArmor","floor":2.0},{"not_picked":["hermit:DeadMansHand","hermit:Misfire","hermit:Vantage"],"picked":"SKIP","floor":3.0},{"not_picked":["hermit:Manifest","hermit:Reprieve"],"picked":"hermit:FlashPowder","floor":4.0},{"not_picked":["hermit:GoldenBullet","hermit:LowProfile","hermit:ItchyTrigger"],"picked":"SKIP","floor":5.0},{"not_picked":["hermit:Manifest","hermit:Deadeye"],"picked":"hermit:BlackWind","floor":6.0},{"not_picked":["hermit:ItchyTrigger","hermit:Gestalt"],"picked":"hermit:Maintenance","floor":8.0},{"not_picked":["hermit:ItchyTrigger","hermit:LowProfile"],"picked":"hermit:Deadeye","floor":9.0},{"not_picked":["infinitespire:Menacing","infinitespire:NeuralNetwork"],"picked":"infinitespire:Gouge","floor":11.0},{"not_picked":["hermit:CalledShot","hermit:GoldenBullet"],"picked":"hermit:HeroicBravado","floor":12.0},{"not_picked":["hermit:ItchyTrigger","hermit:LuckOfTheDraw"],"picked":"hermit:ShadowCloak","floor":13.0},{"not_picked":["hermit:Magnum","hermit:RoundhouseKick"],"picked":"hermit:FromBeyond","floor":16.0},{"not_picked":["hermit:TrackingShot+1","hermit:Roulette","hermit:Combo"],"picked":"SKIP","floor":18.0},{"not_picked":["hermit:Determination","hermit:Vantage+1","hermit:Quickdraw"],"picked":"SKIP","floor":21.0},{"not_picked":["hermit:Roulette","hermit:Coalescence","hermit:WideOpen"],"picked":"SKIP","floor":22.0},{"not_picked":["hermit:BigShot+1","hermit:Snipe"],"picked":"hermit:Midnight+1","floor":23.0},{"not_picked":["hermit:Ricochet","hermit:Virtue"],"picked":"hermit:Showdown","floor":25.0},{"not_picked":["hermit:Roulette","hermit:HoleUp"],"picked":"hermit:Cheat","floor":33.0},{"not_picked":["hermit:Magnum","hermit:OverwhelmingPower"],"picked":"hermit:FromBeyond","floor":35.0},{"not_picked":["hermit:Headshot+1","hermit:Roulette+1","hermit:Midnight+1"],"picked":"SKIP","floor":37.0},{"not_picked":["hermit:Dive","hermit:WideOpen"],"picked":"hermit:Shortfuse+1","floor":39.0},{"not_picked":["hermit:Coalescence","hermit:GhostlyPresence"],"picked":"hermit:Manifest+1","floor":42.0},{"not_picked":["hermit:WideOpen+1","hermit:Quickdraw"],"picked":"hermit:FinalCanter","floor":44.0},{"not_picked":["hermit:BigShot+1","hermit:Manifest"],"picked":"hermit:FullyLoaded+1","floor":46.0},{"not_picked":["hermit:SprayPray","hermit:CalledShot","hermit:Coalescence"],"picked":"SKIP","floor":49.0},{"not_picked":["hermit:Scavenge","hermit:Roulette+1"],"picked":"hermit:ShadowCloak","floor":50.0},{"not_picked":["hermit:Quickdraw","hermit:Determination"],"picked":"hermit:BodyArmor+1","floor":56}],"player_experience":185131,"relics_obtained":[{"floor":6.0,"key":"Replay:Ringing Soul"},{"floor":9.0,"key":"Regal Pillow"},{"floor":12.0,"key":"hermit:RedScarf"},{"floor":23.0,"key":"Bronze Scales"},{"floor":25.0,"key":"Juzu Bracelet"},{"floor":26.0,"key":"Ornamental Fan"},{"floor":41.0,"key":"ReplayTheSpireMod:Ring of Exchange"},{"floor":42.0,"key":"War Paint"},{"floor":44.0,"key":"infinitespire:EmpoweringShard"},{"floor":56,"key":"hermit:RyeStalk"}],"event_choices":[{"damage_healed":0.0,"max_hp_gain":0.0,"max_hp_loss":0.0,"gold_gain":0.0,"event_name":"Shining Light","player_choice":"Ignored","floor":10.0,"gold_loss":0.0,"damage_taken":0.0},{"damage_healed":0.0,"max_hp_gain":0.0,"max_hp_loss":0.0,"gold_gain":67.0,"event_name":"Golden Wing","player_choice":"Gained Gold","floor":14.0,"gold_loss":0.0,"damage_taken":0.0},{"damage_healed":0.0,"max_hp_gain":0.0,"max_hp_loss":0.0,"gold_gain":0.0,"event_name":"Match and Keep!","player_choice":"3 cards matched","floor":19.0,"gold_loss":0.0,"damage_taken":0.0,"cards_obtained":["Normality","hermit:Malice","hermit:Reprieve"]},{"damage_healed":0.0,"max_hp_gain":0.0,"max_hp_loss":0.0,"gold_gain":0.0,"event_name":"Match and Keep!","player_choice":"3 cards matched","floor":19.0,"gold_loss":0.0,"damage_taken":0.0,"cards_obtained":["Normality","hermit:Malice","hermit:Reprieve"]},{"damage_healed":156.0,"max_hp_gain":0.0,"max_hp_loss":22.0,"gold_gain":0.0,"event_name":"The Moai Head","player_choice":"Heal","floor":48.0,"gold_loss":0.0,"damage_taken":0.0}],"is_beta":false,"boss_relics":[{"not_picked":["Replay:Fungal Core","aspiration:ServantSkillbook"],"picked":"aspiration:MobileForge"},{"not_picked":["Runic Pyramid","ChewingGum"],"picked":"hermit:DentedPlate"}],"items_purged_floors":[],"is_endless":false,"potions_floor_spawned":[4,5,13,16,21,35,39,49,50],"killed_by":"The Heart","ascension_level":0}}