{"host":"4lebci84u2l5u89t","time":1608306927,"event":{"mods":["AchievementEnabler","Aspiration","Bard","BaseMod","Beaked The Cultist","Better Altar","Better Match","Better Note","Better Sensory Stone","Better Skull","Better Third Choice","BetterRewards","CCEM","Colored Map","Conspire","Downfall","GifTheSpireLib","Googly Eyes","Halation","Hermit","Highlight Path","Hubris","Hunter ??","Jedi Mod","Jorbs\u0027s Wanderer Trilogy","Lobotomy","Mad Scientist","Marisa????????","Mimic Mod","Minty Spire (QoL Compilation)","Permanent Neow","Replay The Spire","Shade Mod","Spicy Shops","StSLib","Stuff the Spire","Unceasing Turn Reminder"],"gold_per_floor":[99,130,17,17,29,48,72,82,82,109,109,119,129,23,38,38,38],"floor_reached":16,"playtime":1112,"items_purged":[],"score":112,"play_id":"4695b6f8-b88b-478e-aa94-62e1a8959370","local_time":"20201218165527","is_ascension_mode":false,"campfire_choices":[{"data":"MadScienceMod:HideBehindJunk","floor":1,"key":"SMITH"},{"data":"MadScienceMod:Weaponize","floor":9,"key":"SMITH"}],"circlet_count":0,"master_deck":["MadScienceMod:Strike_MadScience","MadScienceMod:Strike_MadScience","MadScienceMod:Strike_MadScience","MadScienceMod:Defend_MadScience","MadScienceMod:Defend_MadScience","MadScienceMod:Defend_MadScience","MadScienceMod:PoweredStrike","MadScienceMod:HideBehindJunk+1","MadScienceMod:Refuel","MadScienceMod:Bayonet","conspire:Banana","MadScienceMod:Weaponize+1","MadScienceMod:Lightbulb","MadScienceMod:TimeDilationField","MadScienceMod:RecyclingStation","MadScienceMod:AutoStrike","Madness","MadScienceMod:AssemblyLine"],"relics":["MadScienceMod:FuelTank","aspiration:AnachronicSnailShell","Replay:Rubber Ducky","Centennial Puzzle"],"acts_visited":["Exordium"],"potions_floor_usage":[5,10,10,13,16],"damage_taken":[{"damage":38,"enemies":"3 Sentries","floor":2,"turns":15},{"damage":1,"enemies":"downfall:FleeingMerchant","floor":3,"turns":4},{"damage":0,"enemies":"Small Slimes","floor":5,"turns":4},{"damage":3,"enemies":"Cultist","floor":6,"turns":3},{"damage":0,"enemies":"2 Louse","floor":8,"turns":3},{"damage":4,"enemies":"Gremlin Nob","floor":10,"turns":3},{"damage":5,"enemies":"Exordium Thugs","floor":12,"turns":3},{"damage":12,"enemies":"Exordium Wildlife","floor":13,"turns":4},{"damage":8,"enemies":"downfall:FleeingMerchant","floor":14,"turns":4},{"damage":4,"enemies":"Blue Slaver","floor":15,"turns":2},{"damage":13,"enemies":"downfall:Ironclad","floor":16,"turns":3}],"seed_played":"-8278439532950459987","potions_obtained":[{"floor":0,"key":"Adrenaline Potion"},{"floor":0,"key":"Toxic Potion"},{"floor":0,"key":"Milkshake"},{"floor":5,"key":"ColorlessPotion"},{"floor":12,"key":"Reflective Coating"},{"floor":15,"key":"Death Potion"}],"is_trial":false,"path_per_floor":["R","E","$","?","M","M","T","M","R","E","?","M","M","$","M","B"],"character_chosen":"MAD_SCIENTIST","items_purchased":["conspire:Banana","Madness"],"campfire_rested":0,"item_purchase_floors":[3,14],"current_hp_per_floor":[75,37,36,36,37,35,35,36,36,33,33,29,18,11,7,0,0],"gold":38,"neow_bonus":"THREE_SMALL_POTIONS","is_daily":false,"chose_seed":false,"campfire_upgraded":2,"win_rate":0.0,"timestamp":1608306927,"path_taken":["R","E","$","?","?","M","T","?","R","E","?","?","M","?","M","BOSS"],"items_purchased_type":["Card","Card"],"build_version":"2020-12-13","purchased_purges":0,"victory":false,"max_hp_per_floor":[75,75,75,75,76,77,77,78,78,79,79,80,81,82,82,83,83],"card_choices":[{"not_picked":["MadScienceMod:Sprocket","MadScienceMod:Detonate"],"picked":"MadScienceMod:Refuel","floor":2},{"not_picked":["MadScienceMod:JunkLaser","MadScienceMod:NowOrNever"],"picked":"MadScienceMod:Bayonet","floor":3},{"not_picked":["MadScienceMod:Retarget","MadScienceMod:Sprocket"],"picked":"MadScienceMod:Lightbulb","floor":5},{"not_picked":["MadScienceMod:NowOrNever","MadScienceMod:JunkLaser"],"picked":"MadScienceMod:TimeDilationField","floor":6},{"not_picked":["MadScienceMod:RadioactiveSword","MadScienceMod:Poke"],"picked":"MadScienceMod:RecyclingStation","floor":8},{"not_picked":["MadScienceMod:MindControlBeam","MadScienceMod:GoldenGun","MadScienceMod:RadioactiveSword"],"picked":"SKIP","floor":10},{"not_picked":["MadScienceMod:Refuel","MadScienceMod:Inflate","MadScienceMod:OilDrum"],"picked":"SKIP","floor":12},{"not_picked":["MadScienceMod:FlexibleSpear","MadScienceMod:Bayonet","MadScienceMod:OilDrum"],"picked":"SKIP","floor":13},{"not_picked":["MadScienceMod:LabAccident","MadScienceMod:Sprocket"],"picked":"MadScienceMod:AutoStrike","floor":14},{"not_picked":["MadScienceMod:FragmentationGrenade","MadScienceMod:MakeOrBreak"],"picked":"MadScienceMod:AssemblyLine","floor":15}],"player_experience":253521,"relics_obtained":[{"floor":2,"key":"aspiration:AnachronicSnailShell"},{"floor":7,"key":"Replay:Rubber Ducky"},{"floor":10,"key":"Centennial Puzzle"}],"event_choices":[{"damage_healed":0,"gold_gain":0,"cards_transformed":["MadScienceMod:Strike_MadScience"],"player_choice":"Transformed","damage_taken":0,"max_hp_gain":0,"max_hp_loss":0,"event_name":"Transmorgrifier","floor":4,"gold_loss":0,"cards_obtained":["MadScienceMod:Weaponize"]},{"cards_removed":["MadScienceMod:Defend_MadScience"],"damage_healed":0,"gold_gain":0,"player_choice":"Purged","damage_taken":0,"max_hp_gain":0,"max_hp_loss":0,"event_name":"Purifier","floor":11,"gold_loss":0}],"is_beta":false,"boss_relics":[],"items_purged_floors":[],"is_endless":false,"potions_floor_spawned":[5,6,12,15],"killed_by":"downfall:Ironclad","ascension_level":0}}