{"host":"svwqvw2il1zfkkg0","time":1608274677,"event":{"mods":["AchievementEnabler","BaseMod","BetterRewards","Colored Map","Colored Powertips","Custom Start","Downfall","GifTheSpireLib","Highlight Path","Hubris","Infinite Spire","Minty Spire (QoL Compilation)","Quick Restart","Replay The Spire","Shop Mod","StSLib","SuperFastMode"],"gold_per_floor":[18,18,30,30,46,81,99,99,99,99,119,119,133,149,149,251,251,265,364,376,390,390,424,434,463,544,544,544,544,342,357,357,357,357],"floor_reached":33,"playtime":1149,"items_purged":[],"score":289,"play_id":"184efa06-7a93-46e5-9cf1-de4a7f7e27af","local_time":"20201217225757","is_ascension_mode":false,"campfire_choices":[{"floor":8,"key":"REST"},{"data":"Burst","floor":10,"key":"SMITH"},{"floor":15,"key":"REST"},{"floor":28,"key":"REST"},{"floor":32,"key":"REST"}],"circlet_count":0,"master_deck":["Strike_G","Strike_G","Strike_G","Strike_G","Strike_G","Defend_G","Defend_G","Defend_G","Defend_G","Defend_G","Neutralize","Quick Slash","Caltrops","m_Survivalism","Burst+1","Accuracy","Blade Dance","Dagger Spray","Prepared","Phantasmal Killer","Underhanded Strike+1","All Out Attack","Choke+1","Dash","Infinite Blades"],"relics":["Ring of the Snake","Ginger","Ninja Scroll","WristBlade","Paper Crane","Tiny Chest","infinitespire:WardingShard","Quantum Egg"],"acts_visited":["Exordium","TheCity"],"potions_floor_usage":[7,16,16,16,21,25,31,31,33],"damage_taken":[{"damage":0,"enemies":"Small Slimes","floor":1,"turns":3},{"damage":0,"enemies":"Jaw Worm","floor":3,"turns":4},{"damage":0,"enemies":"2 Louse","floor":5,"turns":4},{"damage":23,"enemies":"Replay:BlueRogue","floor":6,"turns":8},{"damage":26,"enemies":"Large Slime","floor":7,"turns":9},{"damage":12,"enemies":"Exordium Thugs","floor":11,"turns":3},{"damage":0,"enemies":"Exordium Wildlife","floor":13,"turns":2},{"damage":0,"enemies":"2 Fungi Beasts","floor":14,"turns":2},{"damage":56,"enemies":"Slime Boss","floor":16,"turns":8},{"damage":0,"enemies":"Spheric Guardian","floor":18,"turns":1},{"damage":15,"enemies":"Chosen","floor":20,"turns":4},{"damage":4,"enemies":"Shelled Parasite and Fungi","floor":21,"turns":3},{"damage":15,"enemies":"Replay:Snechameleon","floor":23,"turns":3},{"damage":19,"enemies":"Centurion and Healer","floor":24,"turns":5},{"damage":26,"enemies":"Slavers","floor":25,"turns":5},{"damage":4,"enemies":"3 Cultists","floor":31,"turns":5},{"damage":82,"enemies":"hubris:MusketHawk","floor":33,"turns":6}],"seed_played":"-2331562711447043882","potions_obtained":[{"floor":1,"key":"Languid Potion"},{"floor":11,"key":"Dexterity Potion"},{"floor":13,"key":"Regen Potion"},{"floor":14,"key":"Poison Potion"},{"floor":18,"key":"Energy Potion"},{"floor":24,"key":"Swift Potion"}],"is_trial":false,"path_per_floor":["M","?","M","?","M","E","M","R","T","R","M","?","M","M","R","B",null,"M","?","M","M","?","E","M","E","T","AVR","R","?","$","M","R","B"],"character_chosen":"THE_SILENT","items_purchased":["CultistPotion","ColorlessPotion","PowerPotion"],"campfire_rested":4,"item_purchase_floors":[30,30,30],"current_hp_per_floor":[84,84,84,84,84,61,35,60,60,60,48,48,48,48,73,31,84,84,84,69,65,65,50,31,5,5,5,30,30,30,26,51,0,0],"gold":357,"neow_bonus":"TWENTY_PERCENT_HP_BONUS","is_daily":false,"chose_seed":false,"campfire_upgraded":1,"win_rate":0.0,"timestamp":1608274677,"path_taken":["M","?","M","?","M","E","M","R","T","R","M","?","M","M","R","BOSS","M","?","M","M","?","E","M","E","T","AVR","R","?","$","M","R","BOSS"],"items_purchased_type":["Potion","Potion","Potion"],"build_version":"2020-12-13","purchased_purges":0,"victory":false,"max_hp_per_floor":[84,84,84,84,84,84,84,84,84,84,84,84,84,84,84,84,84,84,84,84,84,84,84,84,84,84,84,84,84,84,84,84,84,84],"card_choices":[{"not_picked":["Prepared","Escape Plan"],"picked":"Quick Slash","floor":1},{"not_picked":["Setup","Dodge and Roll"],"picked":"Caltrops","floor":3},{"not_picked":["Hidden Blade","Outmaneuver"],"picked":"Burst","floor":5},{"not_picked":["Backflip","Deflect"],"picked":"Accuracy","floor":6},{"not_picked":["Outmaneuver","Bane"],"picked":"Blade Dance","floor":7},{"not_picked":["Hidden Blade","Deflect"],"picked":"Dagger Spray","floor":11},{"not_picked":["Dagger Throw","Poisoned Stab"],"picked":"Prepared","floor":13},{"not_picked":["Bouncing Flask","Bane"],"picked":"Phantasmal Killer","floor":14},{"not_picked":["Prepared","Underhanded Strike+1","Dodge and Roll+1"],"picked":"SKIP","floor":18},{"not_picked":["Blade Dance","Phantasmal Killer"],"picked":"Underhanded Strike+1","floor":20},{"not_picked":["Sucker Punch","Crippling Poison+1","ReplayTheSpireMod:Shiv Toss"],"picked":"SKIP","floor":21},{"not_picked":["Dagger Throw+1","Caltrops"],"picked":"All Out Attack","floor":23},{"not_picked":["Escape Plan+1","Flying Knee"],"picked":"Choke+1","floor":24},{"not_picked":["Bouncing Flask","Escape Plan"],"picked":"Dash","floor":25},{"not_picked":["Predator","PiercingWail+1"],"picked":"Infinite Blades","floor":31}],"player_experience":392489,"relics_obtained":[{"floor":6,"key":"Ginger"},{"floor":9,"key":"Ninja Scroll"},{"floor":23,"key":"Paper Crane"},{"floor":25,"key":"Tiny Chest"},{"floor":26,"key":"infinitespire:WardingShard"}],"event_choices":[{"damage_healed":0,"gold_gain":0,"player_choice":"Ignored","damage_taken":0,"max_hp_gain":0,"max_hp_loss":0,"event_name":"Golden Wing","floor":2,"gold_loss":0},{"damage_healed":0,"gold_gain":99,"player_choice":"Stole From Cult","damage_taken":0,"max_hp_gain":0,"max_hp_loss":0,"event_name":"Nest","floor":19,"gold_loss":0},{"damage_healed":0,"gold_gain":0,"player_choice":"Ignored","damage_taken":0,"max_hp_gain":0,"max_hp_loss":0,"event_name":"Vampires","floor":29,"gold_loss":0}],"is_beta":false,"boss_relics":[{"not_picked":["Replay:Bronze Core","hubris:Stopwatch"],"picked":"WristBlade"}],"items_purged_floors":[],"is_endless":false,"potions_floor_spawned":[1,11,13,14,18,24],"killed_by":"hubris:MusketHawk","ascension_level":0}}