{"host":"i41n6wh529970c2c","time":1608332482,"event":{"mods":["Act Like it!","BaseMod","BetterRewards","Friendly Minions","Gold Saver","Hermit","Minty Spire (QoL Compilation)","Replay The Spire","Shop Mod","StSLib"],"gold_per_floor":[904,915,928,224,286,147,180,180,180,180,209,223,254,268,268,369,369,383,394,408,408,547,577,577,590,590,530,556,574,601,611,611,714,714,726,771,304,304,2,34,34,47,47,72,88,101,115,145,145,145],"floor_reached":51,"playtime":2840,"items_purged":["Defend_B","Defend_B","Zap"],"score":1292,"play_id":"bb55b9cb-2c7b-4164-b7e1-859a7a2eefd0","local_time":"20201218180122","is_ascension_mode":true,"campfire_choices":[{"data":"Sunder","floor":8.0,"key":"SMITH"},{"floor":10.0,"key":"REST"},{"data":"Beam Cell","floor":15.0,"key":"SMITH"},{"data":"1","floor":24.0,"key":"LIFT"},{"data":"2","floor":32.0,"key":"LIFT"},{"data":"3","floor":41.0,"key":"LIFT"}],"circlet_count":1,"master_deck":["Strike_B","Strike_B","Strike_B","Defend_B","Defend_B","Melter+1","Beam Cell+1","Sunder+1","Conserve Battery","Leap+1","Rebound","Go for the Eyes+1","Hyperbeam+1","Hologram+1","Reprogram+1","Reinforced Body","Steam","Creative AI+1","Double Energy+1","ReplaySort+1","Meteor Strike+1","Hologram+1","Core Surge+1","Seek+1"],"relics":["Garlic","Turnip","InkBottle","Golden Egg","Ice Cream","ReplayTheSpireMod:Lightbulb","Replay:WaspNest","Gambling Chip","Bottled Lightning","ReplayTheSpireMod:DimensionalGlitch","Pet Ghost","Girya","Akabeko","Replay:Bottled Snecko","Calipers","Circlet","Replay:Arrowhead","Ornamental Fan","Replay:Wax Seal","MerchantsRug","Frozen Eye","Smiling Mask","Juzu Bracelet","Du-Vu Doll","Mummified Hand"],"acts_visited":["Exordium","TheCity","TheBeyond"],"potions_floor_usage":[50,50],"damage_taken":[{"damage":0.0,"enemies":"Small Slimes","floor":1.0,"turns":2.0},{"damage":0.0,"enemies":"2 Louse","floor":2.0,"turns":2.0},{"damage":0.0,"enemies":"Cultist","floor":3.0,"turns":2.0},{"damage":14.0,"enemies":"3 Sentries","floor":7.0,"turns":6.0},{"damage":0.0,"enemies":"Lagavulin","floor":11.0,"turns":3.0},{"damage":0.0,"enemies":"Gremlin Gang","floor":12.0,"turns":2.0},{"damage":8.0,"enemies":"3 Sentries","floor":13.0,"turns":3.0},{"damage":0.0,"enemies":"2 Fungi Beasts","floor":14.0,"turns":2.0},{"damage":22.0,"enemies":"Slime Boss","floor":16.0,"turns":9.0},{"damage":0.0,"enemies":"3 Byrds","floor":18.0,"turns":3.0},{"damage":0.0,"enemies":"Chosen","floor":19.0,"turns":3.0},{"damage":0.0,"enemies":"3 Cultists","floor":20.0,"turns":2.0},{"damage":6.0,"enemies":"Book of Stabbing","floor":23.0,"turns":4.0},{"damage":0.0,"enemies":"Snake Plant","floor":25.0,"turns":2.0},{"damage":0.0,"enemies":"Gremlin Leader","floor":28.0,"turns":4.0},{"damage":0.0,"enemies":"Chosen and Byrds","floor":29.0,"turns":2.0},{"damage":2.0,"enemies":"Book of Stabbing","floor":30.0,"turns":5.0},{"damage":0.0,"enemies":"Centurion and Healer","floor":31.0,"turns":2.0},{"damage":23.0,"enemies":"Champ","floor":33.0,"turns":10.0},{"damage":3.0,"enemies":"Orb Walker","floor":35.0,"turns":4.0},{"damage":9.0,"enemies":"2 Orb Walkers","floor":36.0,"turns":2.0},{"damage":0.0,"enemies":"R_Hoarder","floor":40.0,"turns":6.0},{"damage":0.0,"enemies":"3 Darklings","floor":42.0,"turns":3.0},{"damage":0.0,"enemies":"Giant Head","floor":44.0,"turns":2.0},{"damage":0.0,"enemies":"4 Shapes","floor":45.0,"turns":2.0},{"damage":0.0,"enemies":"Writhing Mass","floor":46.0,"turns":2.0},{"damage":0.0,"enemies":"Transient","floor":47.0,"turns":5.0},{"damage":0.0,"enemies":"Nemesis","floor":48.0,"turns":3.0},{"damage":19,"enemies":"Replay:Hell Engine","floor":50,"turns":5}],"seed_played":"8273383047458289308","potions_obtained":[{"floor":7.0,"key":"Fire Potion"},{"floor":11.0,"key":"Energy Potion"},{"floor":13.0,"key":"SteroidPotion"},{"floor":18.0,"key":"Block Potion"},{"floor":31.0,"key":"Weak Potion"},{"floor":33.0,"key":"Death Potion"},{"floor":36.0,"key":"Adrenaline Potion"},{"floor":40.0,"key":"LiquidBronze"},{"floor":47.0,"key":"BlessingOfTheForge"}],"is_trial":false,"path_per_floor":["M","M","M","$","?","?","E","R","T","R","E","M","E","M","R","B",null,"M","M","M","?","?","E","R","M","T","?","E","M","E","M","R","B",null,"M","?","$","?","$","E","R","M","T","E","M","M","M","E","R","B",null],"character_chosen":"DEFECT","items_purchased":["Melter+1","InkBottle","Golden Egg","Ice Cream","Leap","Ornamental Fan","Replay:Wax Seal","Meteor Strike","MerchantsRug","Frozen Eye","Hologram"],"campfire_rested":1,"item_purchase_floors":[0,0,4,4,4,37,37,39,39,39,39],"current_hp_per_floor":[34,34,34,34,34,34,20,20,20,41,41,41,33,33,33,11,55,55,55,55,55,55,49,49,49,49,49,49,49,47,47,47,33,61,58,49,49,49,49,49,49,49,49,49,49,49,49,49,70,51],"gold":145,"neow_bonus":"","is_daily":false,"chose_seed":false,"campfire_upgraded":2,"win_rate":0.0,"timestamp":1608332482,"path_taken":["M","M","M","$","?","?","E","R","T","R","E","M","E","?","R","BOSS","M","M","?","?","?","E","R","M","T","?","E","?","E","M","R","BOSS","M","?","$","?","$","E","R","M","T","E","M","M","M","E","R","BOSS"],"items_purchased_type":["Card","Relic","Relic","Relic","Card","Relic","Relic","Card","Relic","Relic","Card"],"build_version":"2020-12-13","purchased_purges":3,"victory":true,"max_hp_per_floor":[70,70,70,70,70,70,70,70,70,70,70,70,70,70,70,70,70,70,70,70,70,70,70,70,70,70,70,70,70,70,70,70,70,70,70,70,70,70,70,70,70,70,70,70,70,70,70,70,70,70],"card_choices":[{"not_picked":["Turbo","Cold Snap"],"picked":"Beam Cell","floor":1.0},{"not_picked":["Static Discharge","Go for the Eyes"],"picked":"Sunder","floor":2.0},{"not_picked":["Panic Button","Beam Cell"],"picked":"Conserve Battery","floor":3.0},{"not_picked":["Panic Button","Chaos"],"picked":"Rebound","floor":7.0},{"not_picked":["BootSequence","Beam Cell"],"picked":"Go for the Eyes","floor":11.0},{"not_picked":["ReplayTheSpireMod:Repulse","Defragment","Streamline"],"picked":"SKIP","floor":12.0},{"not_picked":["Turbo","Lockon","Biased Cognition"],"picked":"SKIP","floor":13.0},{"not_picked":["Leap","Panic Button","Beam Cell"],"picked":"SKIP","floor":14.0},{"not_picked":["Seek","Multi-Cast"],"picked":"Hyperbeam","floor":16.0},{"not_picked":["Rebound","Leap","BasicCrystalCard"],"picked":"SKIP","floor":18.0},{"not_picked":["Redo","Rebound"],"picked":"Hologram+1","floor":19.0},{"not_picked":["BasicCrystalCard","Beam Cell","Rip and Tear+1"],"picked":"SKIP","floor":20.0},{"not_picked":["ReplayTheSpireMod:Repulse","Aggregate+1"],"picked":"Reprogram+1","floor":22.0},{"not_picked":["ReplaySolidLightProjector","Barrage"],"picked":"Reinforced Body","floor":22.0},{"not_picked":["Loop+1","Rip and Tear"],"picked":"Steam","floor":23.0},{"not_picked":["Sweeping Beam","Go for the Eyes+1"],"picked":"Creative AI","floor":25.0},{"not_picked":["Redo","Stack","Time Bomb"],"picked":"SKIP","floor":28.0},{"not_picked":["Rip and Tear","Amplify","Stack"],"picked":"SKIP","floor":29.0},{"not_picked":["Conserve Battery","Coolheaded"],"picked":"Double Energy+1","floor":30.0},{"not_picked":["Sweeping Beam","Lockon"],"picked":"ReplaySort+1","floor":31.0},{"not_picked":["Sweeping Beam","Streamline","Steam"],"picked":"SKIP","floor":35.0},{"not_picked":["Ball Lightning+1","Reinforced Body","Barrage"],"picked":"SKIP","floor":40.0},{"not_picked":["Reprogram+1","White Noise+1"],"picked":"Core Surge","floor":42.0},{"not_picked":["Coolheaded","Gash"],"picked":"Seek","floor":44.0},{"not_picked":["Ball Lightning","Recycle+1","Lockon+1"],"picked":"SKIP","floor":45.0},{"not_picked":["Ball Lightning","Double Energy","ReplayTheSpireMod:GoodbyeWorld+1"],"picked":"SKIP","floor":46.0},{"not_picked":["Ball Lightning","Melter","Gash+1"],"picked":"SKIP","floor":47.0},{"not_picked":["BootSequence","Ball Lightning","ReplayGash"],"picked":"SKIP","floor":48.0}],"player_experience":860735,"relics_obtained":[{"floor":7.0,"key":"Replay:WaspNest"},{"floor":9.0,"key":"Matryoshka"},{"floor":11.0,"key":"Gambling Chip"},{"floor":13.0,"key":"Bottled Lightning"},{"floor":22.0,"key":"Pet Ghost"},{"floor":23.0,"key":"Girya"},{"floor":26.0,"key":"Akabeko"},{"floor":26.0,"key":"Replay:Bottled Snecko"},{"floor":28.0,"key":"Calipers"},{"floor":30.0,"key":"Dead Branch"},{"floor":36.0,"key":"Replay:Arrowhead"},{"floor":40.0,"key":"Smiling Mask"},{"floor":43.0,"key":"Juzu Bracelet"},{"floor":44.0,"key":"Du-Vu Doll"},{"floor":48.0,"key":"Mummified Hand"}],"event_choices":[{"damage_healed":0.0,"max_hp_gain":0.0,"max_hp_loss":0.0,"gold_gain":62.0,"event_name":"Golden Wing","player_choice":"Gained Gold","floor":5.0,"gold_loss":0.0,"damage_taken":0.0},{"damage_healed":0.0,"max_hp_gain":0.0,"max_hp_loss":0.0,"gold_gain":0.0,"event_name":"WeMeetAgain","player_choice":"Paid Gold","floor":6.0,"gold_loss":139.0,"damage_taken":0.0,"relics_obtained":["ReplayTheSpireMod:Lightbulb"]},{"damage_healed":0.0,"max_hp_gain":0.0,"max_hp_loss":0.0,"gold_gain":0.0,"event_name":"Vampires","player_choice":"Ignored","floor":21.0,"gold_loss":0.0,"damage_taken":0.0},{"damage_healed":0.0,"max_hp_gain":0.0,"max_hp_loss":0.0,"gold_gain":0.0,"event_name":"Mysterious Sphere","player_choice":"Fight","floor":36.0,"gold_loss":0.0,"damage_taken":0.0},{"cards_removed":["Dualcast"],"damage_healed":0.0,"max_hp_gain":0.0,"max_hp_loss":0.0,"gold_gain":0.0,"event_name":"Purifier","player_choice":"Purged","floor":38.0,"gold_loss":0.0,"damage_taken":0.0}],"is_beta":false,"boss_relics":[{"not_picked":["Replay:Ancient Bell","Sozu"],"picked":"ReplayTheSpireMod:DimensionalGlitch"},{"not_picked":["Busted Crown","Fusion Hammer"],"picked":"FrozenCore"}],"items_purged_floors":[0,4,37],"is_endless":false,"potions_floor_spawned":[7,11,13,18,29,31,33,36,40,42,47],"ascension_level":6}}