{"host":"6he3f0ic6yesrium","time":1608249665,"event":{"mods":["BaseMod","Better Altar","Better Match","Better Note","Better Sensory Stone","Better Skull","Better Third Choice","Colored Map","Conspire","Hermit","Hubris","Marisa????????","Mimic Mod","Minty Spire (QoL Compilation)","Replay The Spire","Shade Mod","StSLib","The Alterego","The Runesmith"],"gold_per_floor":[114,114,133,133,150,175,175,189,226,226,30,43,54,64,64,64,64],"floor_reached":16,"playtime":879,"items_purged":[],"score":109,"play_id":"3e8bb0ad-3b1b-46ce-aca9-b0cbe5567556","local_time":"20201217190105","is_ascension_mode":true,"campfire_choices":[{"data":"alterego_mod:Impale","floor":10,"key":"SMITH"},{"floor":15,"key":"REST"}],"circlet_count":0,"master_deck":["alterego_mod:Strike+1","alterego_mod:Strike","alterego_mod:Strike","alterego_mod:Strike","alterego_mod:Defend","alterego_mod:Defend","alterego_mod:Defend","alterego_mod:Defend","alterego_mod:Impale+1","alterego_mod:BigMeatyClaws","alterego_mod:BrynhildrsRune","alterego_mod:Collar","alterego_mod:Bounce","alterego_mod:TrickOrTreatment","Parasite","alterego_mod:TrashNCrash","alterego_mod:BiFurious","alterego_mod:Skirt","alterego_mod:BreastValley","alterego_mod:Clones","alterego_mod:DeftHands"],"relics":["alterego_mod:MasochisticConstitution","Regal Pillow","Incense Burner","Toy Ornithopter"],"acts_visited":["Exordium"],"potions_floor_usage":[5,5,14,14,16,16],"damage_taken":[{"damage":3,"enemies":"Jaw Worm","floor":1,"turns":3},{"damage":0,"enemies":"Small Slimes","floor":3,"turns":3},{"damage":13,"enemies":"conspire:RoseBush","floor":5,"turns":3},{"damage":32,"enemies":"Lagavulin","floor":6,"turns":7},{"damage":19,"enemies":"3 Louse","floor":8,"turns":5},{"damage":4,"enemies":"Red Slaver","floor":9,"turns":6},{"damage":10,"enemies":"Red Slaver","floor":12,"turns":5},{"damage":10,"enemies":"Looter","floor":13,"turns":4},{"damage":9,"enemies":"Blue Slaver","floor":14,"turns":4},{"damage":70,"enemies":"The Guardian","floor":16,"turns":9}],"seed_played":"-8287333032854750325","potions_obtained":[{"floor":1,"key":"DistilledChaos"},{"floor":3,"key":"AttackPotion"},{"floor":14,"key":"Weak Potion"}],"is_trial":false,"path_per_floor":["M","?","M","$","M","E","?","M","MIM","R","$","M","M","M","R","B"],"character_chosen":"The_Alterego","items_purchased":["SteroidPotion","Energy Potion","ColorlessPotion","alterego_mod:Skirt"],"campfire_rested":1,"item_purchase_floors":[11,11,11,11],"current_hp_per_floor":[68,65,65,65,60,29,47,29,26,26,26,21,12,18,56,0,0],"gold":64,"neow_bonus":"RANDOM_EVENT","is_daily":false,"chose_seed":false,"campfire_upgraded":1,"win_rate":0.0,"timestamp":1608249665,"path_taken":["M","?","M","$","M","E","?","M","MIM","R","$","M","M","M","R","BOSS"],"items_purchased_type":["Potion","Potion","Potion","Card"],"build_version":"2020-12-13","purchased_purges":0,"victory":false,"max_hp_per_floor":[71,71,71,71,72,73,73,74,75,75,75,76,77,78,78,78,78],"card_choices":[{"not_picked":["alterego_mod:BeGentle","alterego_mod:PerceptionDisorder","alterego_mod:RidiculouslyBig"],"picked":"SKIP","floor":1},{"not_picked":["alterego_mod:GoddessCore","alterego_mod:Undulate"],"picked":"alterego_mod:Collar","floor":3},{"not_picked":["alterego_mod:Crossover","alterego_mod:RocketPunch"],"picked":"alterego_mod:Bounce","floor":5},{"not_picked":["alterego_mod:InsideBaseball","alterego_mod:Birthday"],"picked":"alterego_mod:TrickOrTreatment","floor":6},{"not_picked":["alterego_mod:Cooking","alterego_mod:Mirror"],"picked":"alterego_mod:TrashNCrash","floor":8},{"not_picked":["alterego_mod:MaintainEyeContact","alterego_mod:Stockings"],"picked":"alterego_mod:BiFurious","floor":9},{"not_picked":["alterego_mod:Jiggle","alterego_mod:PurpleHair"],"picked":"alterego_mod:BreastValley","floor":12},{"not_picked":["alterego_mod:Mirror","alterego_mod:Undulate"],"picked":"alterego_mod:Clones","floor":13},{"not_picked":["alterego_mod:MagicResistance","alterego_mod:Maid"],"picked":"alterego_mod:DeftHands","floor":14}],"player_experience":295088,"relics_obtained":[{"floor":6,"key":"Incense Burner"},{"floor":9,"key":"Toy Ornithopter"}],"event_choices":[{"damage_healed":0,"gold_gain":0,"player_choice":"Relic ","damage_taken":3,"max_hp_gain":0,"max_hp_loss":0,"event_name":"betterThird:BetterScrap","floor":2,"gold_loss":0,"cards_obtained":["All For One"]},{"damage_healed":18,"gold_gain":0,"player_choice":"Healed and dodged fight","damage_taken":0,"max_hp_gain":0,"max_hp_loss":0,"event_name":"Mushrooms","floor":7,"gold_loss":0,"cards_obtained":["Parasite"]}],"is_beta":false,"boss_relics":[],"items_purged_floors":[],"is_endless":false,"potions_floor_spawned":[1,3,12,14],"killed_by":"The Guardian","ascension_level":1}}