{"host":"5bdt6s51dmpd4l3v","time":1608297270,"event":{"mods":["AchievementEnabler","BaseMod","Colored Map","Colored Powertips","Highlight Path","Minty Spire (QoL Compilation)","Rare Cards Sparkle","StSLib"],"gold_per_floor":[115,133,133,144,162,195,195,222,222,235,247,247,277,45,45,146,146,159,13,13,23,37,37,69,88,88,123,38,38,56,72,72,170,170,184,201,201,201,54,67,67,84,84,96,129,179,52,99,99,99],"floor_reached":51,"playtime":1728,"items_purged":["Defend_R"],"score":1182,"play_id":"93b87031-53f1-4ccf-89c9-2b1ae7c86c1b","local_time":"20201218211430","is_ascension_mode":true,"campfire_choices":[{"data":"Rage","floor":7,"key":"SMITH"},{"data":"Battle Trance","floor":12,"key":"SMITH"},{"floor":15,"key":"REST"},{"data":"Reaper","floor":23,"key":"SMITH"},{"floor":29,"key":"REST"},{"data":"Heavy Blade","floor":32,"key":"SMITH"},{"floor":41,"key":"REST"},{"floor":49,"key":"REST"}],"circlet_count":0,"master_deck":["AscendersBane","Strike_R","Strike_R","Strike_R","Strike_R","Strike_R","Defend_R","Defend_R","Defend_R","Bash","Clash","Inflame+1","Hemokinesis","Rage+1","Battle Trance+1","Infernal Blade+1","Warcry+1","Flex+1","Flex+1","Armaments+1","Reaper+1","Offering+1","Heavy Blade+1","Inflame+1","Feed","Cleave+1","Bloodletting+1","Offering+1","Burning Pact+1","Headbutt+1","Flash of Steel","Whirlwind+1","Headbutt+1","Whirlwind+1","Flex+1","Twin Strike+1"],"relics":["Burning Blood","NeowsBlessing","Omamori","Darkstone Periapt","Toxic Egg 2","Potion Belt","Regal Pillow","Sozu","Necronomicon","MealTicket","Mummified Hand","Ancient Tea Set","Nunchaku","Fusion Hammer","PreservedInsect","Red Skull","Unceasing Top","Ice Cream","Turnip"],"acts_visited":["Exordium","TheCity","TheBeyond"],"potions_floor_usage":[5,6,8,11,13,16],"damage_taken":[{"damage":0,"enemies":"Cultist","floor":1,"turns":1},{"damage":0,"enemies":"Small Slimes","floor":2,"turns":1},{"damage":0,"enemies":"2 Louse","floor":4,"turns":1},{"damage":2,"enemies":"2 Fungi Beasts","floor":5,"turns":2},{"damage":37,"enemies":"Lagavulin","floor":6,"turns":4},{"damage":7,"enemies":"Gremlin Nob","floor":8,"turns":3},{"damage":12,"enemies":"Looter","floor":10,"turns":3},{"damage":0,"enemies":"3 Louse","floor":11,"turns":1},{"damage":14,"enemies":"Lagavulin","floor":13,"turns":3},{"damage":30,"enemies":"The Guardian","floor":16,"turns":7},{"damage":19,"enemies":"Shell Parasite","floor":18,"turns":4},{"damage":25,"enemies":"2 Thieves","floor":21,"turns":3},{"damage":15,"enemies":"Centurion and Healer","floor":22,"turns":3},{"damage":21,"enemies":"Book of Stabbing","floor":24,"turns":4},{"damage":8,"enemies":"3 Cultists","floor":25,"turns":4},{"damage":47,"enemies":"Gremlin Leader","floor":27,"turns":3},{"damage":8,"enemies":"Snake Plant","floor":30,"turns":1},{"damage":20,"enemies":"Centurion and Healer","floor":31,"turns":3},{"damage":17,"enemies":"Champ","floor":33,"turns":5},{"damage":15,"enemies":"3 Shapes","floor":35,"turns":2},{"damage":17,"enemies":"3 Darklings","floor":36,"turns":2},{"damage":51,"enemies":"Jaw Worm Horde","floor":40,"turns":4},{"damage":18,"enemies":"4 Shapes","floor":42,"turns":2},{"damage":20,"enemies":"Transient","floor":44,"turns":5},{"damage":0,"enemies":"Reptomancer","floor":45,"turns":2},{"damage":9,"enemies":"Mind Bloom Boss Battle","floor":46,"turns":3},{"damage":17,"enemies":"2 Orb Walkers","floor":48,"turns":2},{"damage":42,"enemies":"Time Eater","floor":50,"turns":3}],"seed_played":"2798259677847406699","potions_obtained":[{"floor":2,"key":"Regen Potion"},{"floor":4,"key":"AttackPotion"},{"floor":6,"key":"SteroidPotion"},{"floor":10,"key":"Fire Potion"},{"floor":11,"key":"DistilledChaos"},{"floor":13,"key":"Explosive Potion"}],"is_trial":false,"path_per_floor":["M","M","?","M","M","E","R","E","T","M","M","R","E","$","R","B",null,"M","$","?","M","M","R","E","M","T","E","?","R","M","M","R","B",null,"M","M","?","?","$","M","R","M","T","M","E","?","$","?","R","B",null],"character_chosen":"IRONCLAD","items_purchased":["Flex+1","Armaments+1","Regal Pillow","Offering+1","PreservedInsect","Flex+1"],"campfire_rested":4,"item_purchase_floors":[14,14,14,19,39,47],"current_hp_per_floor":[78,80,80,80,80,54,54,53,53,47,53,53,45,45,80,56,74,67,67,51,67,80,80,80,80,80,39,39,78,76,68,68,57,74,65,78,76,76,76,34,72,82,82,74,85,82,85,74,85,49],"gold":99,"neow_bonus":"THREE_ENEMY_KILL","is_daily":false,"chose_seed":false,"campfire_upgraded":4,"win_rate":0.0,"timestamp":1608297270,"path_taken":["M","?","?","?","M","E","R","E","T","M","M","R","E","$","R","BOSS","M","$","?","M","M","R","E","M","T","E","?","R","M","M","R","BOSS","M","M","?","?","$","M","R","M","T","M","E","?","$","?","R","BOSS"],"items_purchased_type":["Card","Card","Relic","Card","Relic","Card"],"build_version":"2020-12-13","purchased_purges":1,"victory":true,"max_hp_per_floor":[80,80,80,80,80,80,80,80,80,80,80,80,80,80,80,80,80,80,80,80,80,80,80,80,80,80,80,80,80,80,80,80,80,80,80,80,76,76,76,79,79,82,82,82,85,85,85,85,85,85],"card_choices":[{"not_picked":["Anger","Searing Blow"],"picked":"Clash","floor":1},{"not_picked":["Pommel Strike","Seeing Red"],"picked":"Inflame","floor":2},{"not_picked":["Intimidate","Thunderclap"],"picked":"Hemokinesis","floor":4},{"not_picked":["Burning Pact","Clothesline","Entrench"],"picked":"SKIP","floor":5},{"not_picked":["Rampage","Uppercut"],"picked":"Rage","floor":6},{"not_picked":["Sword Boomerang","Searing Blow"],"picked":"Battle Trance","floor":8},{"not_picked":["True Grit+1","Heavy Blade"],"picked":"Infernal Blade+1","floor":10},{"not_picked":["Evolve","Pommel Strike"],"picked":"Warcry+1","floor":11},{"not_picked":["Cleave","Offering+1"],"picked":"Flex+1","floor":13},{"not_picked":["Juggernaut","Demon Form"],"picked":"Reaper","floor":16},{"not_picked":["Rampage","Heavy Blade","Thunderclap"],"picked":"SKIP","floor":18},{"not_picked":["Searing Blow","Armaments+1","Pommel Strike"],"picked":"SKIP","floor":21},{"not_picked":["Fire Breathing","Anger","Pommel Strike"],"picked":"SKIP","floor":22},{"not_picked":["Clothesline","Barricade"],"picked":"Heavy Blade","floor":24},{"not_picked":["Armaments+1","Evolve+1"],"picked":"Inflame+1","floor":25},{"not_picked":["Sword Boomerang","Dropkick+1"],"picked":"Feed","floor":27},{"not_picked":["Dropkick","Inflame"],"picked":"Cleave+1","floor":30},{"not_picked":["Fire Breathing","Warcry+1"],"picked":"Bloodletting+1","floor":31},{"not_picked":["Barricade","Juggernaut"],"picked":"Offering+1","floor":33},{"not_picked":["Twin Strike","Thunderclap+1"],"picked":"Burning Pact+1","floor":35},{"not_picked":["Armaments+1","Dual Wield+1"],"picked":"Headbutt+1","floor":36},{"not_picked":["Swift Strike","Metamorphosis+1"],"picked":"Flash of Steel","floor":38},{"not_picked":["Body Slam+1","Thunderclap","Clash"],"picked":"SKIP","floor":40},{"not_picked":["True Grit+1","Sword Boomerang+1"],"picked":"Whirlwind+1","floor":42},{"not_picked":["Thunderclap","Twin Strike"],"picked":"Headbutt+1","floor":44},{"not_picked":["Cleave","Feel No Pain","Searing Blow+1"],"picked":"SKIP","floor":45},{"not_picked":["Uppercut+1","Warcry+1"],"picked":"Whirlwind+1","floor":46},{"not_picked":["Ghostly Armor+1","Bloodletting+1"],"picked":"Twin Strike+1","floor":48}],"player_experience":135478,"relics_obtained":[{"floor":6,"key":"Omamori"},{"floor":8,"key":"Darkstone Periapt"},{"floor":9,"key":"Toxic Egg 2"},{"floor":13,"key":"Potion Belt"},{"floor":20,"key":"Necronomicon"},{"floor":24,"key":"MealTicket"},{"floor":26,"key":"Mummified Hand"},{"floor":27,"key":"Ancient Tea Set"},{"floor":43,"key":"Red Skull"},{"floor":45,"key":"Unceasing Top"},{"floor":46,"key":"Ice Cream"},{"floor":48,"key":"Turnip"}],"event_choices":[{"damage_healed":0,"gold_gain":0,"player_choice":"Upgraded","damage_taken":0,"max_hp_gain":0,"max_hp_loss":0,"event_name":"Upgrade Shrine","floor":3,"gold_loss":0,"cards_upgraded":["Inflame"]},{"damage_healed":0,"gold_gain":0,"player_choice":"Obtained Book","damage_taken":16,"max_hp_gain":0,"max_hp_loss":0,"event_name":"Cursed Tome","floor":20,"gold_loss":0},{"damage_healed":0,"gold_gain":0,"player_choice":"Obtained Relic","damage_taken":0,"relics_obtained":["Nunchaku"],"max_hp_gain":0,"max_hp_loss":0,"event_name":"Addict","floor":28,"gold_loss":85},{"damage_healed":0,"gold_gain":0,"player_choice":"Max HP","damage_taken":0,"max_hp_gain":0,"max_hp_loss":4,"event_name":"Winding Halls","floor":37,"gold_loss":0},{"damage_healed":0,"gold_gain":0,"player_choice":"Memory 1","damage_taken":0,"max_hp_gain":0,"max_hp_loss":0,"event_name":"SensoryStone","floor":38,"gold_loss":0},{"damage_healed":0,"gold_gain":0,"player_choice":"Fight","damage_taken":0,"max_hp_gain":0,"max_hp_loss":0,"event_name":"MindBloom","floor":46,"gold_loss":0},{"damage_healed":0,"gold_gain":0,"player_choice":"Fight","damage_taken":0,"max_hp_gain":0,"max_hp_loss":0,"event_name":"Mysterious Sphere","floor":48,"gold_loss":0}],"is_beta":false,"boss_relics":[{"not_picked":["Astrolabe","Busted Crown"],"picked":"Sozu"},{"not_picked":["Velvet Choker","Runic Pyramid"],"picked":"Fusion Hammer"}],"items_purged_floors":[47],"is_endless":false,"potions_floor_spawned":[2,4,6,10,11,13,21,22,24,30,33,35,42,44,48],"ascension_level":11}}