{"host":"y0wkltgt9g64tmdy","time":1608270347,"event":{"mods":["BaseMod","Marisa£®ÏF”Í°°ƒß¿Ì…≥£©","Minty Spire (QoL Compilation)","Reimu£®≤©¿ˆ¡È√Œ£©","Remilia£®¿Ÿ√◊¿Ú—«£©","Replay The Spire","Shop Mod","StSLib","The Bug Knight","The Gatherer","Waifu the Spire","Youmu£®ªÍ∆«—˝√Œ£©","[µÿæ´ ◊¡Ï≈¿À˛]The Maniac"],"gold_per_floor":[113,36,36,55,71,71,71,90,90,106,106,281,294,308,308,405,405,420,420,433,433,172,172,188,215,215,215,242,257,257,1,1,98,98,112,126,126,126,126],"floor_reached":38,"playtime":1654,"items_purged":["HumanKnowledgeSword"],"score":386,"play_id":"9b91a194-41df-4d22-a0a4-4faf13cf803d","local_time":"20201218134547","is_ascension_mode":false,"campfire_choices":[{"data":"LotusPostureSlash","floor":6.0,"key":"SMITH"},{"floor":15.0,"key":"REST"},{"floor":23,"key":"REST"},{"floor":30,"key":"REST"},{"floor":32,"key":"REST"}],"circlet_count":0,"master_deck":["Strike_YM","Strike_YM","Strike_YM","Strike_YM","Defend_YM","Defend_YM","Defend_YM","Defend_YM","SlashOfPresentWorld","WheelOfPainOfLivingAndDead","HiganSword","LotusPostureSlash+1","SlashOfMeditation","SwordExtraction","SwordExtraction","Doubt","FlashingScatteredFlowers","CherryBlossomFlashing","VoidnessSword","SanzenSekai","SuddenPhantomFormationSlashOfKarmicWind+1","DispleasureOfTheSevenHakus","SlashOfAscensionToBuddhahood","HumanRealmSword","CherryBlossomSword","DispleasureOfTheSevenHakus+1","FlashingScatteredFlowers+1"],"relics":["HalfPhantom","FencingExperience","RedLine:ReiMu","Ring of Fury","ReplayTheSpireMod:Ring of Exchange","Nloth\u0027s Gift","Boot","Pantograph","Simple Rune","Replay:Bottled Eggs","Membership Card"],"acts_visited":["Exordium","TheCity","TheBeyond"],"potions_floor_usage":[16,20,20,28,29,29,33],"damage_taken":[{"damage":0.0,"enemies":"Cultist","floor":1.0,"turns":3.0},{"damage":7.0,"enemies":"Jaw Worm","floor":4.0,"turns":4.0},{"damage":6.0,"enemies":"2 Louse","floor":5.0,"turns":3.0},{"damage":4.0,"enemies":"Exordium Thugs","floor":8.0,"turns":3.0},{"damage":11.0,"enemies":"Large Slime","floor":10.0,"turns":4.0},{"damage":9.0,"enemies":"Exordium Wildlife","floor":13.0,"turns":5.0},{"damage":6.0,"enemies":"3 Louse","floor":14.0,"turns":2.0},{"damage":50,"enemies":"Slime Boss","floor":16,"turns":9},{"damage":21,"enemies":"3 Byrds","floor":18,"turns":4},{"damage":35,"enemies":"Snake Plant","floor":20,"turns":4},{"damage":31,"enemies":"Centurion and Healer","floor":24,"turns":5},{"damage":10,"enemies":"Gremlin Leader","floor":28,"turns":5},{"damage":8,"enemies":"Shelled Parasite and Fungi","floor":29,"turns":4},{"damage":15,"enemies":"Automaton","floor":33,"turns":7},{"damage":36,"enemies":"3 Shapes","floor":35,"turns":3},{"damage":15,"enemies":"Orb Walker","floor":36,"turns":4},{"damage":36,"enemies":"Jaw Worm Horde","floor":38,"turns":2}],"seed_played":"-874521717594725666","potions_obtained":[{"floor":1.0,"key":"PowerPotion"},{"floor":4.0,"key":"Dexterity Potion"},{"floor":13.0,"key":"Adrenaline Potion"},{"floor":27,"key":"Regen Potion"},{"floor":28,"key":"Toxic Potion"},{"floor":33,"key":"FearPotion"},{"floor":35,"key":"FearPotion"}],"is_trial":false,"path_per_floor":["M","$","?","M","M","R","?","M","T","M","$","?","M","M","R","B",null,"M","?","M","?","$","R","M","T","T","?","E","M","R","$","R","B",null,"M","M","?","M"],"character_chosen":"YOUMU","items_purchased":["HiganSword","SuddenPhantomFormationSlashOfKarmicWind+1","Adrenaline Potion","DuplicationPotion","Replay:Bottled Eggs"],"campfire_rested":4,"item_purchase_floors":[2,22,22,22,31],"current_hp_per_floor":[82,82,87,80,74,74,74,70,70,59,59,59,50,44,70,20,87,66,66,31,31,31,57,26,26,26,26,16,17,43,43,69,72,87,51,36,36,0,0],"gold":126,"neow_bonus":"TEN_PERCENT_HP_BONUS","is_daily":false,"chose_seed":false,"campfire_upgraded":1,"win_rate":0.0,"timestamp":1608270347,"path_taken":["M","?","?","M","M","R","?","?","T","M","$","?","M","M","R","BOSS","M","?","M","?","$","R","?","?","T","?","E","?","R","$","R","BOSS","M","?","?","?"],"items_purchased_type":["Card","Card","Potion","Potion","Relic"],"build_version":"2020-12-13","purchased_purges":1,"victory":false,"max_hp_per_floor":[82,82,87,87,87,87,87,87,87,87,87,87,87,87,87,87,87,87,87,87,87,87,87,87,87,87,87,87,87,87,87,87,87,87,87,87,87,87,87],"card_choices":[{"not_picked":["FlashingScatteredFlowers","SwordExtraction"],"picked":"HumanKnowledgeSword","floor":1.0},{"not_picked":["ConstancyOfTheConventionalTruth","FiveSignsOfTheDyingDeva"],"picked":"LotusPostureSlash","floor":4.0},{"not_picked":["SwordExtraction","FlashingScatteredFlowers"],"picked":"SlashOfMeditation","floor":5.0},{"not_picked":["SlashOfMeditation","FlashingScatteredFlowers"],"picked":"SwordExtraction","floor":8.0},{"not_picked":["FlashingScatteredFlowers","SpiritCuttingSword"],"picked":"SwordExtraction","floor":10.0},{"not_picked":["SpiritCuttingSword","EchoesOfTheInclemencyOfAllBeings"],"picked":"FlashingScatteredFlowers","floor":13.0},{"not_picked":["SpiritCuttingSword","HeartExcerptSlash"],"picked":"CherryBlossomFlashing","floor":14.0},{"not_picked":["CelestialStarSword","FastingOfTheYoungPreta"],"picked":"VoidnessSword","floor":16},{"not_picked":["LowerRealmReflectionSlash","HumanKnowledgeSword"],"picked":"SanzenSekai","floor":18},{"not_picked":["LifeCuttingSword","HumanKnowledgeSword+1","TwoHundredYojanaInOneSlash"],"picked":"SKIP","floor":20},{"not_picked":["RapidSlash","HumanKnowledgeSword+1"],"picked":"DispleasureOfTheSevenHakus","floor":24},{"not_picked":["SpiritMediumsBind","TransmigrationSlash"],"picked":"SlashOfAscensionToBuddhahood","floor":28},{"not_picked":["ConstancyOfTheConventionalTruth","LifeCuttingSword+1"],"picked":"HumanRealmSword","floor":29},{"not_picked":["HellRealmSword","CelestialStarSword"],"picked":"CherryBlossomSword","floor":33},{"not_picked":["SwordOfBindingDesires","PhosphoricSlash+1"],"picked":"DispleasureOfTheSevenHakus+1","floor":35},{"not_picked":["HumanKnowledgeSword","TwoHundredYojanaInOneSlash"],"picked":"FlashingScatteredFlowers+1","floor":36}],"player_experience":78961,"relics_obtained":[{"floor":9.0,"key":"FencingExperience"},{"floor":19,"key":"Ring of Fury"},{"floor":19,"key":"ReplayTheSpireMod:Ring of Exchange"},{"floor":25,"key":"Boot"},{"floor":26,"key":"Pantograph"},{"floor":28,"key":"Simple Rune"}],"event_choices":[{"damage_healed":0.0,"max_hp_gain":5.0,"max_hp_loss":0.0,"gold_gain":0.0,"event_name":"Big Fish","player_choice":"Donut","floor":3.0,"gold_loss":0.0,"damage_taken":0.0},{"damage_healed":0.0,"max_hp_gain":0.0,"max_hp_loss":0.0,"gold_gain":0.0,"event_name":"Accursed Blacksmith","player_choice":"Rummage","floor":7.0,"gold_loss":0.0,"damage_taken":0.0,"relics_obtained":["WarpedTongs"],"cards_obtained":["Pain"]},{"damage_healed":0.0,"max_hp_gain":0.0,"max_hp_loss":0.0,"gold_gain":175.0,"event_name":"Liars Game","player_choice":"AGREE","floor":12.0,"gold_loss":0.0,"damage_taken":0.0,"cards_obtained":["Doubt"]},{"damage_healed":0,"gold_gain":0,"player_choice":"Traded Relic","damage_taken":0,"relics_obtained":["Nloth\u0027s Gift"],"max_hp_gain":0,"max_hp_loss":0,"event_name":"N\u0027loth","floor":21,"relics_lost":["WarpedTongs"],"gold_loss":0},{"damage_healed":0,"gold_gain":0,"player_choice":"Got Potions","damage_taken":0,"max_hp_gain":0,"max_hp_loss":0,"event_name":"Lab","floor":27,"gold_loss":0},{"cards_removed":["Pain"],"damage_healed":0,"gold_gain":0,"player_choice":"Purged","damage_taken":0,"max_hp_gain":0,"max_hp_loss":0,"event_name":"Purifier","floor":37,"gold_loss":0}],"is_beta":false,"boss_relics":[{"not_picked":["Runic Dome","Fusion Hammer"],"picked":"RedLine:ReiMu"},{"not_picked":["Lee\u0027s Waffle","ReplayTheSpireMod:ShopPack"],"picked":"Membership Card"}],"items_purged_floors":[22],"is_endless":false,"potions_floor_spawned":[1,4,13,28,33,35],"killed_by":"Jaw Worm Horde","ascension_level":0}}