{"host":"agela5aetnmltfvm","time":1608305966,"event":{"mods":["BaseMod","Colored Map","Jorbs\u0027s Wanderer Trilogy","Lobotomy","Minty Spire (QoL Compilation)","Replay The Spire","StSLib","The Hierophant","The Jungle","The Runesmith"],"gold_per_floor":[116,116,126,142,114,114,132,132,158,206,206,217,63,38,38,139,139,199,399,33,90,0,0,0,0],"floor_reached":24,"playtime":1060,"items_purged":["Regret"],"score":211,"play_id":"d3fcd238-3abf-4c93-8631-c014dab77a8f","local_time":"20201218233926","is_ascension_mode":false,"campfire_choices":[{"data":"hierophant:ArchangelShield","floor":6,"key":"SMITH"},{"data":"hierophant:ChurchCoffers","floor":11,"key":"SMITH"},{"data":"hierophant:Upheaval","floor":15,"key":"SMITH"},{"floor":23,"key":"DIG"}],"circlet_count":0,"master_deck":["hierophant:Strike_Hierophant+1","hierophant:Strike_Hierophant+1","hierophant:Strike_Hierophant+1","hierophant:Punish+1","hierophant:Defend_Hierophant+1","hierophant:Defend_Hierophant+1","hierophant:Defend_Hierophant+1","hierophant:Defend_Hierophant+1","hierophant:ChurchCoffers+1","hierophant:ArchangelShield+1","hierophant:HammerAndAnvil","hierophant:FieryStrike","ReplayTheSpireMod:Splinters","hierophant:SealAway","hierophant:Racketeering","hierophant:Upheaval+1","hierophant:HammerAndAnvil","hierophant:BulkyChest","Normality"],"relics":["hierophant:PropheticMaskRelic","NeowsBlessing","ReplayFunnel","Potion Belt","Happy Flower","Black Star","Shovel","theJungle:ParSnip","Juzu Bracelet"],"acts_visited":["Exordium","Exordium"],"potions_floor_usage":[16,18],"damage_taken":[{"damage":0,"enemies":"Small Slimes","floor":1,"turns":1},{"damage":0,"enemies":"Jaw Worm","floor":3,"turns":1},{"damage":0,"enemies":"2 Louse","floor":4,"turns":2},{"damage":5,"enemies":"Looter","floor":5,"turns":4},{"damage":20,"enemies":"Large Slime","floor":7,"turns":11},{"damage":9,"enemies":"2 Fungi Beasts","floor":12,"turns":3},{"damage":5,"enemies":"Fading Forest","floor":16,"turns":11},{"damage":9,"enemies":"theJungle:5_Spyders","floor":18,"turns":13},{"damage":50,"enemies":"theJungle:Flameango_and_Byrd","floor":21,"turns":11},{"damage":21,"enemies":"theJungle:2_Flameangoes","floor":24,"turns":3}],"seed_played":"973781817382978781","potions_obtained":[{"floor":1,"key":"DistilledChaos"},{"floor":7,"key":"PowerPotion"},{"floor":10,"key":"Languid Potion"},{"floor":10,"key":"LiquidMemories"},{"floor":16,"key":"Block Potion"}],"is_trial":false,"path_per_floor":["M","?","M","M","M","R","M","?","T","?","R","M","$","$","R","B",null,"M","?","$","M","?","R","M"],"character_chosen":"HIEROPHANT","items_purchased":["hierophant:Upheaval","hierophant:HammerAndAnvil","Shovel","PowerPotion"],"campfire_rested":0,"item_purchase_floors":[13,14,20,20],"current_hp_per_floor":[75,68,68,68,63,63,43,43,43,43,43,34,34,34,34,29,75,66,66,66,16,16,16,0,0],"gold":0,"neow_bonus":"THREE_ENEMY_KILL","is_daily":false,"chose_seed":false,"campfire_upgraded":3,"win_rate":0.0,"timestamp":1608305966,"path_taken":["M","?","M","M","M","R","M","?","T","?","R","M","?","$","R","BOSS","M","?","$","M","?","R","M"],"items_purchased_type":["Card","Card","Relic","Potion"],"build_version":"2020-12-13","purchased_purges":1,"victory":false,"max_hp_per_floor":[75,75,75,75,75,75,75,75,75,75,75,75,75,75,75,75,75,75,75,75,75,75,75,75,75],"card_choices":[{"not_picked":["hierophant:Chorus","hierophant:SealAway"],"picked":"hierophant:ArchangelShield","floor":1},{"not_picked":["hierophant:SealAway","hierophant:RepressedViolence","hierophant:Endure"],"picked":"SKIP","floor":3},{"not_picked":["hierophant:Refuge","hierophant:Empathy","hierophant:DisplayOfPower"],"picked":"SKIP","floor":4},{"not_picked":["hierophant:OrnateBuckler","hierophant:Sermon"],"picked":"hierophant:HammerAndAnvil","floor":5},{"not_picked":["hierophant:PassingBell","hierophant:DisplayOfPower"],"picked":"hierophant:FieryStrike","floor":7},{"not_picked":["hierophant:RepressedViolence","hierophant:Smite"],"picked":"hierophant:SealAway","floor":10},{"not_picked":["hierophant:Rebuild","hierophant:Martyrdom"],"picked":"hierophant:Racketeering","floor":12},{"not_picked":["hierophant:Cornucopia","hierophant:DivineIntervention"],"picked":"hierophant:BulkyChest","floor":16},{"not_picked":["hierophant:Upheaval","hierophant:Martyrdom","hierophant:RustyCrate"],"picked":"SKIP","floor":18},{"not_picked":["hierophant:Cornucopia","hierophant:Sermon","hierophant:Doubloon+1"],"picked":"SKIP","floor":21}],"player_experience":517044,"relics_obtained":[{"floor":9,"key":"Potion Belt"},{"floor":10,"key":"Happy Flower"},{"floor":23,"key":"Juzu Bracelet"}],"event_choices":[{"cards_removed":["hierophant:Strike_Hierophant"],"damage_healed":0,"gold_gain":0,"player_choice":"Card Removal","damage_taken":7,"max_hp_gain":0,"max_hp_loss":0,"event_name":"Golden Wing","floor":2,"gold_loss":0},{"damage_healed":0,"gold_gain":0,"player_choice":"Box","damage_taken":0,"relics_obtained":["ReplayFunnel"],"max_hp_gain":0,"max_hp_loss":0,"event_name":"Big Fish","floor":8,"gold_loss":0,"cards_obtained":["Regret"]}],"is_beta":false,"boss_relics":[{"not_picked":["Pandora\u0027s Box","Ectoplasm"],"picked":"Black Star"}],"items_purged_floors":[13],"is_endless":false,"potions_floor_spawned":[1,7,16],"killed_by":"theJungle:2_Flameangoes","ascension_level":0}}