{"host":"26je6g5b6jsd0prz","time":1608285726,"event":{"mods":["AchievementEnabler","BaseMod","Colored Map","Minty Spire (QoL Compilation)"],"gold_per_floor":[117,136,311,311,311,311,342,342,417,367,397,397,397,414,414,510,510,530,550,38,55,69,69,69,69,96,96,109,109,124,139,139,139,139],"floor_reached":33,"playtime":8205,"items_purged":["Regret"],"score":305,"play_id":"b43732fb-db6a-4fca-b37f-f23d07f47a67","local_time":"20201218190206","is_ascension_mode":false,"campfire_choices":[{"data":"Wild Strike","floor":6,"key":"SMITH"},{"data":"Flame Barrier","floor":8,"key":"SMITH"},{"data":"Cleave","floor":12,"key":"SMITH"},{"data":"Body Slam","floor":15,"key":"SMITH"},{"data":"Dual Wield","floor":23,"key":"SMITH"},{"data":"Dual Wield","floor":27,"key":"SMITH"},{"data":"Flex","floor":32,"key":"SMITH"}],"circlet_count":0,"master_deck":["Defend_R+1","Defend_R","Defend_R+1","Defend_R","Bash","Flame Barrier+1","Wild Strike+1","Cleave+1","Shrug It Off","Body Slam+1","Exhume","Power Through+1","Dual Wield+1","Secret Weapon","Pommel Strike","Bloodletting+1","Dual Wield+1","Bite","Bite","Bite","Bite","Bite","Writhe","Iron Wave+1","Flex+1","Reckless Charge"],"relics":["Burning Blood","NeowsBlessing","Smiling Mask","StrikeDummy","Mercury Hourglass","Sozu","Shuriken","Vajra","Regal Pillow"],"acts_visited":["Exordium","TheCity"],"potions_floor_usage":[11,16,16,21],"damage_taken":[{"damage":0,"enemies":"2 Louse","floor":1,"turns":1},{"damage":0,"enemies":"Small Slimes","floor":2,"turns":1},{"damage":0,"enemies":"Gremlin Nob","floor":7,"turns":1},{"damage":18,"enemies":"3 Sentries","floor":11,"turns":5},{"damage":0,"enemies":"Cultist","floor":14,"turns":2},{"damage":41,"enemies":"Hexaghost","floor":16,"turns":8},{"damage":7,"enemies":"Shell Parasite","floor":18,"turns":5},{"damage":7,"enemies":"2 Thieves","floor":19,"turns":3},{"damage":0,"enemies":"Chosen and Byrds","floor":21,"turns":3},{"damage":16,"enemies":"Sentry and Sphere","floor":22,"turns":4},{"damage":0,"enemies":"Snake Plant","floor":28,"turns":3},{"damage":24,"enemies":"Chosen and Byrds","floor":30,"turns":7},{"damage":12,"enemies":"Centurion and Healer","floor":31,"turns":4},{"damage":94,"enemies":"Champ","floor":33,"turns":8}],"seed_played":"-8541671445990579477","potions_obtained":[{"floor":1,"key":"Ancient Potion"},{"floor":2,"key":"Weak Potion"},{"floor":14,"key":"SteroidPotion"},{"floor":16,"key":"Block Potion"}],"is_trial":false,"path_per_floor":["M","M","?","?","?","R","E","R","T","?","E","R","?","M","R","B",null,"M","M","$","M","M","R","?","?","T","R","M","$","M","M","R","B"],"character_chosen":"IRONCLAD","items_purchased":["Secret Weapon","Shuriken","Pommel Strike"],"campfire_rested":0,"item_purchase_floors":[20,20,20],"current_hp_per_floor":[80,80,80,80,64,64,70,70,70,70,58,58,58,66,66,33,80,79,79,79,80,70,70,70,70,70,70,80,80,62,64,64,0,0],"gold":139,"neow_bonus":"THREE_ENEMY_KILL","is_daily":false,"chose_seed":false,"campfire_upgraded":7,"win_rate":0.0,"timestamp":1608285726,"path_taken":["M","M","?","?","?","R","E","R","T","?","E","R","?","?","R","BOSS","M","M","$","M","?","R","?","?","T","R","M","?","M","M","R","BOSS"],"items_purchased_type":["Card","Relic","Card"],"build_version":"2020-12-13","purchased_purges":1,"victory":false,"max_hp_per_floor":[80,80,80,80,80,80,80,80,80,80,80,80,80,80,80,80,80,80,80,80,80,80,80,80,80,80,80,80,80,80,80,80,80,80],"card_choices":[{"not_picked":["Disarm","Shockwave"],"picked":"Flame Barrier","floor":1},{"not_picked":["Sword Boomerang","Bloodletting"],"picked":"Wild Strike","floor":2},{"not_picked":["Dark Embrace","Uppercut"],"picked":"Cleave","floor":7},{"not_picked":["Reckless Charge","Spot Weakness"],"picked":"Shrug It Off","floor":11},{"not_picked":["Warcry","Bloodletting"],"picked":"Body Slam","floor":14},{"not_picked":["Corruption","Fiend Fire"],"picked":"Exhume","floor":16},{"not_picked":["Sword Boomerang+1","Perfected Strike"],"picked":"Power Through+1","floor":18},{"not_picked":["Warcry","Heavy Blade"],"picked":"Dual Wield","floor":19},{"not_picked":["Sentinel","Thunderclap"],"picked":"Bloodletting+1","floor":21},{"not_picked":["Sword Boomerang","Clash"],"picked":"Dual Wield","floor":22},{"not_picked":["Twin Strike+1","Shrug It Off"],"picked":"Iron Wave+1","floor":28},{"not_picked":["Pommel Strike","Clothesline"],"picked":"Flex","floor":30},{"not_picked":["Havoc","Limit Break"],"picked":"Reckless Charge","floor":31}],"player_experience":141904,"relics_obtained":[{"floor":7,"key":"Smiling Mask"},{"floor":9,"key":"StrikeDummy"},{"floor":11,"key":"Blood Vial"},{"floor":26,"key":"Regal Pillow"}],"event_choices":[{"damage_healed":0,"gold_gain":175,"player_choice":"AGREE","damage_taken":0,"max_hp_gain":0,"max_hp_loss":0,"event_name":"Liars Game","floor":3,"gold_loss":0,"cards_obtained":["Doubt"]},{"damage_healed":0,"gold_gain":0,"cards_transformed":["Doubt"],"player_choice":"Change","damage_taken":0,"max_hp_gain":0,"max_hp_loss":0,"event_name":"Living Wall","floor":4,"gold_loss":0,"cards_obtained":["Writhe"]},{"damage_healed":0,"gold_gain":0,"player_choice":"Entered Light","damage_taken":16,"max_hp_gain":0,"max_hp_loss":0,"event_name":"Shining Light","floor":5,"gold_loss":0,"cards_upgraded":["Defend_R","Defend_R"]},{"cards_removed":["Writhe"],"damage_healed":0,"gold_gain":0,"player_choice":"Card Removal","damage_taken":0,"max_hp_gain":0,"max_hp_loss":0,"event_name":"The Cleric","floor":10,"gold_loss":50},{"damage_healed":0,"gold_gain":0,"player_choice":"Box","damage_taken":0,"relics_obtained":["Mercury Hourglass"],"max_hp_gain":0,"max_hp_loss":0,"event_name":"Big Fish","floor":13,"gold_loss":0,"cards_obtained":["Regret"]},{"damage_healed":0,"gold_gain":0,"player_choice":"Became a vampire (Vial)","damage_taken":0,"max_hp_gain":0,"max_hp_loss":0,"event_name":"Vampires","floor":24,"relics_lost":["Blood Vial"],"gold_loss":0,"cards_obtained":["Bite","Bite","Bite","Bite","Bite"]},{"damage_healed":0,"gold_gain":0,"player_choice":"Opened","damage_taken":0,"relics_obtained":["Vajra"],"max_hp_gain":0,"max_hp_loss":0,"event_name":"The Mausoleum","floor":25,"gold_loss":0,"cards_obtained":["Writhe"]}],"is_beta":false,"boss_relics":[{"not_picked":["Velvet Choker","Pandora\u0027s Box"],"picked":"Sozu"}],"items_purged_floors":[20],"is_endless":false,"potions_floor_spawned":[1,2,14,16,18,28,30,31],"killed_by":"Champ","ascension_level":0}}