{"host":"31q8uht4v38sth7r","time":1608303291,"event":{"mods":["BaseMod","Colored Map","Downfall","Highlight Path","Minty Spire (QoL Compilation)","Permanent Neow","StSLib"],"gold_per_floor":[99,118,148,163,88,100,100,111,142,67,167,167,2,0,11,112,112,112,112,126,141,174,174,174,207,220,255,266,266,280,280,295,400,400,400,412,441,455,455,505,528,563,488,820,846,926,940,959,976,976,976,1006,751,751,751],"floor_reached":56,"playtime":5107,"items_purged":["champ:Defend","champ:Defend"],"score":1684,"play_id":"9761c4b0-ca40-45a4-a825-ad6e1c9eca11","local_time":"20201218225451","is_ascension_mode":true,"campfire_choices":[{"floor":1,"key":"RECALL"},{"data":"champ:Taunt","floor":5,"key":"SMITH"},{"data":"champ:GutPunch","floor":10,"key":"SMITH"},{"data":"champ:HoldFirm","floor":18,"key":"SMITH"},{"data":"champ:FocusedBerserking","floor":23,"key":"SMITH"},{"data":"champ:CalledShot","floor":35,"key":"SMITH"},{"data":"champ:Shatter","floor":39,"key":"SMITH"},{"data":"champ:DeathBlow","floor":43,"key":"SMITH"},{"data":"champ:EndlessRage","floor":54,"key":"SMITH"}],"circlet_count":0,"master_deck":["champ:Strike","champ:Strike","champ:Strike","champ:Strike","champ:Defend","champ:Defend","champ:Execute","champ:Taunt+1","champ:Encircle","champ:FocusedBerserking","champ:Encircle","champ:GutPunch+1","champ:AdrenalArmor","champ:FocusedBerserking+1","champ:CalledShot+1","champ:Backstep","champ:CrookedStrike","champ:HoldFirm+1","champ:Backstep+1","champ:EndlessRage+1","champ:BringItOn","champ:StanceDance","champ:EnragedBash+1","champ:EnchantSword","champ:RageSigil","champ:Shatter+1","champ:Backstep+1","champ:DeathBlow+1","champ:HeartStrike+1","champ:DeathBlow","champ:RageSigil","champ:RecklessLeap+1"],"relics":["champ:ChampionCrown","Sundial","downfall:HeartBlessingRed","Mercury Hourglass","HornCleat","downfall:HeartBlessingGreen","Membership Card","Black Star","champ:BerserkersGuideToSlaughter","Darkstone Periapt","champ:FightingForDummies","Pen Nib","Strawberry","Juzu Bracelet","Singing Bowl","Tiny Chest","Philosopher\u0027s Stone","Ornamental Fan","Bottled Lightning","Lizard Tail","Art of War","Shuriken","downfall:HeartBlessingBlue","Smiling Mask","Old Coin","PreservedInsect","Pantograph","Eternal Feather","Toy Ornithopter","OrangePellets","Bottled Flame"],"acts_visited":["Exordium","TheCity","TheBeyond","TheEnding"],"potions_floor_usage":[22,27,27,28,28,55,55],"damage_taken":[{"damage":8,"enemies":"Cultist","floor":2,"turns":3},{"damage":50,"enemies":"Lagavulin","floor":3,"turns":5},{"damage":10,"enemies":"2 Louse","floor":4,"turns":2},{"damage":6,"enemies":"Jaw Worm","floor":6,"turns":2},{"damage":22,"enemies":"Exordium Wildlife","floor":8,"turns":2},{"damage":25,"enemies":"Gremlin Nob","floor":9,"turns":3},{"damage":24,"enemies":"downfall:FleeingMerchant","floor":13,"turns":4},{"damage":21,"enemies":"downfall:FleeingMerchant","floor":14,"turns":4},{"damage":4,"enemies":"2 Fungi Beasts","floor":15,"turns":2},{"damage":70,"enemies":"downfall:Defect","floor":16,"turns":8},{"damage":2,"enemies":"3 Byrds","floor":20,"turns":5},{"damage":11,"enemies":"Centurion and Healer","floor":21,"turns":6},{"damage":17,"enemies":"Slavers","floor":22,"turns":6},{"damage":23,"enemies":"Book of Stabbing","floor":25,"turns":6},{"damage":15,"enemies":"Snake Plant","floor":26,"turns":6},{"damage":51,"enemies":"Slavers","floor":27,"turns":6},{"damage":8,"enemies":"Cultist and Chosen","floor":28,"turns":6},{"damage":27,"enemies":"Chosen and Byrds","floor":30,"turns":6},{"damage":14,"enemies":"Snake Plant","floor":32,"turns":4},{"damage":90,"enemies":"downfall:Silent","floor":33,"turns":11},{"damage":3,"enemies":"3 Shapes","floor":36,"turns":6},{"damage":75,"enemies":"Reptomancer","floor":37,"turns":7},{"damage":36,"enemies":"3 Darklings","floor":38,"turns":5},{"damage":49,"enemies":"Mind Bloom Boss Battle","floor":40,"turns":9},{"damage":76,"enemies":"Giant Head","floor":42,"turns":8},{"damage":108,"enemies":"Nemesis","floor":44,"turns":9},{"damage":45,"enemies":"downfall:FleeingMerchant","floor":46,"turns":4},{"damage":45,"enemies":"Transient","floor":47,"turns":5},{"damage":88,"enemies":"Spire Growth","floor":48,"turns":4},{"damage":99,"enemies":"Maw","floor":49,"turns":5},{"damage":175,"enemies":"downfall:Ironclad","floor":50,"turns":12},{"damage":92,"enemies":"downfall:CharBossMerchant","floor":52,"turns":5},{"damage":347,"enemies":"downfall:NeowBoss","floor":55,"turns":23}],"seed_played":"-4905497887311039572","potions_obtained":[{"floor":2,"key":"SkillPotion"},{"floor":8,"key":"Block Potion"},{"floor":15,"key":"sneckomod:MuddlingPotion"},{"floor":16,"key":"DuplicationPotion"},{"floor":22,"key":"DistilledChaos"},{"floor":27,"key":"Explosive Potion"},{"floor":30,"key":"AttackPotion"},{"floor":32,"key":"LiquidMemories"},{"floor":37,"key":"LiquidMemories"},{"floor":52,"key":"DuplicationPotion"}],"is_trial":false,"path_per_floor":["R","M","E","M","R","M","T","M","E","R","?","?","$","$","M","B",null,"R","?","M","M","E","R","T","E","M","E","M","?","M","?","M","B",null,"R","M","E","M","R","?","T","E","R","E","T","$","M","M","M","B",null,"E","$","R","B",null],"character_chosen":"THE_CHAMP","items_purchased":["Membership Card","champ:DeathBlow","champ:RageSigil","Pantograph","OrangePellets","Bottled Flame"],"campfire_rested":0,"item_purchase_floors":[13,46,46,46,53,53],"current_hp_per_floor":[81,80,52,50,50,48,48,34,21,21,21,26,38,38,38,2,72,72,72,82,90,91,91,91,102,102,65,87,87,95,95,96,70,97,97,108,89,87,87,110,110,112,122,94,94,123,124,126,123,121,126,108,108,126,112],"gold":751,"neow_bonus":"THREE_CARDS","is_daily":false,"chose_seed":false,"campfire_upgraded":8,"win_rate":0.0,"timestamp":1608303291,"path_taken":["R","?","E","M","R","M","T","M","E","R","?","?","?","$","M","BOSS","R","?","M","M","E","R","T","E","M","E","M","?","M","?","M","BOSS","R","M","E","M","R","?","T","E","R","E","?","?","M","M","M","BOSS","E","$","R","BOSS"],"items_purchased_type":["Relic","Card","Card","Relic","Relic","Relic"],"build_version":"2020-12-13","purchased_purges":2,"victory":true,"max_hp_per_floor":[90,90,90,90,90,90,90,90,90,90,90,95,95,95,95,95,95,95,95,95,95,95,95,95,102,102,102,102,102,102,102,104,106,106,106,108,108,110,110,110,110,112,122,122,122,124,124,126,128,128,128,130,130,130,130],"card_choices":[{"not_picked":["champ:FlashCut","champ:Control"],"picked":"champ:Encircle","floor":0},{"not_picked":["champ:EnragedBash","champ:SwordSigil"],"picked":"champ:FocusedBerserking","floor":2},{"not_picked":["champ:ShieldSigil","champ:FocusedDefense"],"picked":"champ:Encircle","floor":3},{"not_picked":["champ:Haymaker","champ:FlashCut"],"picked":"champ:GutPunch","floor":4},{"not_picked":["champ:DefensiveStyle","champ:TornadoPunch"],"picked":"champ:AdrenalArmor","floor":6},{"not_picked":["champ:FocusedDefense","champ:BerserkersShout"],"picked":"champ:FocusedBerserking","floor":8},{"not_picked":["champ:FanOfKnives","champ:GladiatorsShout","champ:ViciousMockery"],"picked":"SKIP","floor":9},{"not_picked":["champ:ArenaPreparation","champ:FalseCounter"],"picked":"champ:CalledShot","floor":13},{"not_picked":["champ:EnGarde","champ:AdrenalArmor"],"picked":"champ:Backstep","floor":14},{"not_picked":["champ:DefensiveShout","champ:SteelEdge"],"picked":"champ:CrookedStrike","floor":15},{"not_picked":["champ:EnchantCrown","champ:Devastate"],"picked":"champ:HoldFirm","floor":16},{"not_picked":["champ:SkillfulDodge","champ:TornadoPunch"],"picked":"champ:Backstep+1","floor":20},{"not_picked":["champ:Encircle","champ:Circumvent"],"picked":"champ:EndlessRage","floor":21},{"not_picked":["champ:GladiatorsShout","champ:IgnorePain"],"picked":"champ:BringItOn","floor":22},{"not_picked":["champ:ShieldSigil","champ:PerfectedStrike"],"picked":"champ:StanceDance","floor":25},{"not_picked":["champ:Circumvent","champ:BerserkersShout"],"picked":"champ:EnragedBash+1","floor":26},{"not_picked":["champ:GutPunch","champ:Encircle"],"picked":"champ:EnchantSword","floor":27},{"not_picked":["champ:Circumvent","champ:TornadoPunch"],"picked":"champ:RageSigil","floor":28},{"not_picked":["champ:FlashCut","champ:CrookedStrike"],"picked":"champ:Shatter","floor":30},{"not_picked":["champ:DefensiveStyle","champ:BerserkersShout","champ:FalseCounter"],"picked":"Singing Bowl","floor":32},{"not_picked":["champ:LastStand","champ:HeavySlash","champ:CrownThrow"],"picked":"Singing Bowl","floor":33},{"not_picked":["champ:Balance+1","champ:ShieldSigil+1","champ:Circumvent+1"],"picked":"Singing Bowl","floor":36},{"not_picked":["champ:EnchantShield","champ:FlashCut+1"],"picked":"champ:Backstep+1","floor":37},{"not_picked":["champ:PerfectedStrike+1","champ:Haymaker","champ:ArenaPreparation"],"picked":"Singing Bowl","floor":38},{"not_picked":["champ:FalseCounter","champ:DancingMaster"],"picked":"champ:DeathBlow","floor":40},{"not_picked":["champ:FlashCut","champ:FocusedDefense+1","champ:FightOn"],"picked":"Singing Bowl","floor":42},{"not_picked":["champ:ShieldWall","champ:FlashCut+1"],"picked":"champ:HeartStrike+1","floor":44},{"not_picked":["champ:ViciousMockery","champ:SkillfulDodge","champ:FanOfKnives+1"],"picked":"Singing Bowl","floor":46},{"not_picked":["champ:BringItOn+1","champ:Backstep"],"picked":"champ:RecklessLeap+1","floor":47},{"not_picked":["champ:BerserkersShout","champ:IronFortress+1","champ:TornadoPunch+1"],"picked":"Singing Bowl","floor":48},{"not_picked":["champ:BerserkersShout","champ:EnragedBash+1","champ:DefensiveShout+1"],"picked":"Singing Bowl","floor":49},{"not_picked":["champ:FaceSlap","champ:GladiatorsShout","champ:ArenaPreparation"],"picked":"Singing Bowl","floor":52}],"player_experience":1058737,"relics_obtained":[{"floor":3,"key":"Sundial"},{"floor":7,"key":"Mercury Hourglass"},{"floor":9,"key":"HornCleat"},{"floor":22,"key":"Darkstone Periapt"},{"floor":22,"key":"champ:FightingForDummies"},{"floor":24,"key":"Pen Nib"},{"floor":25,"key":"Strawberry"},{"floor":25,"key":"Juzu Bracelet"},{"floor":27,"key":"Singing Bowl"},{"floor":27,"key":"Tiny Chest"},{"floor":37,"key":"Ornamental Fan"},{"floor":37,"key":"Bottled Lightning"},{"floor":40,"key":"Lizard Tail"},{"floor":42,"key":"Art of War"},{"floor":42,"key":"Shuriken"},{"floor":44,"key":"Smiling Mask"},{"floor":44,"key":"Old Coin"},{"floor":45,"key":"PreservedInsect"},{"floor":52,"key":"Eternal Feather"},{"floor":52,"key":"Toy Ornithopter"}],"event_choices":[{"damage_healed":0,"gold_gain":0,"player_choice":"Donut","damage_taken":0,"max_hp_gain":5,"max_hp_loss":0,"event_name":"Big Fish","floor":12,"gold_loss":0},{"damage_healed":0,"gold_gain":0,"player_choice":"Ignored","damage_taken":0,"max_hp_gain":0,"max_hp_loss":0,"event_name":"Ghosts","floor":29,"gold_loss":0}],"is_beta":false,"boss_relics":[{"not_picked":["Ectoplasm","Empty Cage"],"picked":"Black Star"},{"not_picked":["SacredBark","Runic Dome"],"picked":"Philosopher\u0027s Stone"}],"items_purged_floors":[46,53],"is_endless":false,"potions_floor_spawned":[2,8,15,16,22,25,27,30,32,37,42,44,48,49,52],"ascension_level":6}}