{"host":"uc9rcmnrswh1l0kc","time":1608323630,"event":{"mods":["2.2 Compatiblity","A Magickal Journey","Aspiration","BaseMod","Bestiary","Better Altar","Better Third Choice","BetterRewards","Block Reminder","Colorless Booster Pack","Conspire","Defective Defect","Defuse TimeMaze Blight","Displayed Cursed Tome","Ekko","Energized Spire","GifTheSpireLib","Infinite Spire","Ironclad Rager","Minty Spire (QoL Compilation)","Rare Cards Sparkle","Red Circlet Mod","Relic Stats","Replay The Spire","SacredBarkPlus","Shop Mod","Spicy Shops","StSLib","Stuff the Spire","The Blackbeard","The Bladedancer","The Blue Laboratory","The Death Knight","The Edgeheg","The Necromancer","Uncapped","Watcher Patcher","everything is the same but u backflip on backflip","vexMod"],"gold_per_floor":[118,118,128,41,60,60,60,94,94,94,94,94,105,116,116,215,215,234,234,253,59,77,112,112,162,162,172,172,172],"floor_reached":28,"playtime":960,"items_purged":[],"score":238,"play_id":"dcb9679a-5284-4597-8006-69e34c294c4d","local_time":"20201218153350","is_ascension_mode":false,"campfire_choices":[{"data":"Consume","floor":11,"key":"SMITH"},{"floor":15,"key":"REST"},{"data":"StuffTheSpire:LoadUp","floor":24,"key":"SMITH"}],"circlet_count":0,"master_deck":["Zap","Dualcast+1","Defragment+1","Core Surge","Consume+1","Ball Lightning","Conserve Battery","ReplayRNGCard","StuffTheSpire:LoadUp+1","Electrodynamics","ReplaySolidLightProjector","StuffTheSpire:Rend","Sanctity","Static Discharge","Recycle","StuffTheSpire:NuclearReactor","Lockon","Lockon","Ball Lightning+1","Auto Shields+1","CBP: UltraDivineWater","Redo","Go for the Eyes+1","JustLucky","ReplayTheSpireMod:Dual Polarity","aspiration:Polymerization+1"],"relics":["Cracked Core","Akabeko","ReplayTheSpireMod:Lightbulb","Pandora\u0027s Box","Nloth\u0027s Gift","aspiration:Lifesprig","aspiration:FaultyCoupler","Tiny House","Replay:Antivirus Software"],"acts_visited":["Exordium","TheCity"],"potions_floor_usage":[16],"damage_taken":[{"damage":1,"enemies":"Jaw Worm","floor":1,"turns":2},{"damage":0,"enemies":"Cultist","floor":3,"turns":2},{"damage":0,"enemies":"Small Slimes","floor":5,"turns":3},{"damage":22,"enemies":"3 Sentries","floor":8,"turns":4},{"damage":8,"enemies":"Red Slaver","floor":13,"turns":2},{"damage":11,"enemies":"Large Slime","floor":14,"turns":3},{"damage":53,"enemies":"Fading Forest","floor":16,"turns":11},{"damage":3,"enemies":"Spheric Guardian","floor":18,"turns":3},{"damage":3,"enemies":"Chosen","floor":20,"turns":3},{"damage":0,"enemies":"Snake Plant","floor":22,"turns":2},{"damage":31,"enemies":"Book of Stabbing","floor":23,"turns":5},{"damage":32,"enemies":"Centurion and Healer","floor":27,"turns":2}],"seed_played":"-8238144813336575102","potions_obtained":[{"floor":3,"key":"blueLaboratory:SystemWipe"},{"floor":8,"key":"blueLaboratory:SystemWipe"},{"floor":12,"key":"blueLaboratory:ConsumingVoid"},{"floor":12,"key":"blueLaboratory:FrostheartPotion"},{"floor":12,"key":"PowerPotion"},{"floor":18,"key":"SteroidPotion"}],"is_trial":false,"path_per_floor":["M","?","M","$","M","$","?","E","T","$","R","?","M","M","R","B",null,"M","?","M","$","M","E","R","AVR","T","M","?"],"character_chosen":"DEFECT","items_purchased":["Consume","CBP: UltraDivineWater","Redo"],"campfire_rested":1,"item_purchase_floors":[4,21,21],"current_hp_per_floor":[74,74,74,74,74,74,74,52,52,52,52,52,44,33,55,12,75,72,72,69,69,69,38,38,43,43,11,0,0],"gold":172,"neow_bonus":"RANDOM_COMMON_RELIC","is_daily":false,"chose_seed":false,"campfire_upgraded":2,"win_rate":0.0,"timestamp":1608323630,"path_taken":["M","?","?","$","M","?","?","E","T","$","R","?","M","?","R","BOSS","M","?","?","$","M","E","R","AVR","T","M","?"],"items_purchased_type":["Card","Card","Card"],"build_version":"2020-12-13","purchased_purges":0,"victory":false,"max_hp_per_floor":[75,75,75,75,75,75,75,75,75,75,75,75,75,75,75,75,75,75,75,75,75,75,75,75,80,80,80,80,80],"relic_stats":{"counters":[12,42],"Pandora\u0027s Box":["ReplaySolidLightProjector","StuffTheSpire:Rend","Sanctity","Static Discharge","Recycle","StuffTheSpire:NuclearReactor","Lockon","Lockon"],"Nloth\u0027s Gift":1,"obtain_stats":[{"aspiration:Lifesprig":23,"Tiny House":25,"StuffTheSpire:ForceGauntlet":9,"Pandora\u0027s Box":17,"Nloth\u0027s Gift":19,"Replay:Antivirus Software":26,"Cracked Core":0,"ReplayTheSpireMod:Lightbulb":8,"Akabeko":0,"aspiration:FaultyCoupler":25},{"aspiration:Lifesprig":11,"Tiny House":11,"StuffTheSpire:ForceGauntlet":4,"Pandora\u0027s Box":7,"Nloth\u0027s Gift":8,"Replay:Antivirus Software":11,"Cracked Core":0,"ReplayTheSpireMod:Lightbulb":4,"Akabeko":0,"aspiration:FaultyCoupler":11},{"aspiration:Lifesprig":40,"Tiny House":40,"StuffTheSpire:ForceGauntlet":11,"Pandora\u0027s Box":27,"Nloth\u0027s Gift":30,"Replay:Antivirus Software":40,"Cracked Core":0,"ReplayTheSpireMod:Lightbulb":11,"Akabeko":0,"aspiration:FaultyCoupler":40}]},"card_choices":[{"not_picked":["Beam Cell","Cold Snap"],"picked":"Defragment","floor":1},{"not_picked":["CrushJoints","Gash"],"picked":"Core Surge","floor":3},{"not_picked":["StuffTheSpire:LoadUp","Rebound"],"picked":"Ball Lightning","floor":5},{"not_picked":["Crescendo","JustLucky"],"picked":"Conserve Battery","floor":8},{"not_picked":["ReplayGash","Redo"],"picked":"ReplayRNGCard","floor":13},{"not_picked":["Barrage","Gash"],"picked":"StuffTheSpire:LoadUp","floor":14},{"not_picked":["Rainbow","StuffTheSpire:LaunchingStrike"],"picked":"Electrodynamics","floor":16},{"not_picked":["Barrage","Go for the Eyes"],"picked":"Ball Lightning+1","floor":18},{"not_picked":["StuffTheSpire:Plugnplay","Steam Power"],"picked":"Auto Shields+1","floor":20},{"not_picked":["Gash","Crescendo"],"picked":"Go for the Eyes+1","floor":22},{"not_picked":["Seek","Protect"],"picked":"JustLucky","floor":23},{"not_picked":["Gash","Consume+1"],"picked":"ReplayTheSpireMod:Dual Polarity","floor":25},{"not_picked":["Hologram","Barrage"],"picked":"aspiration:Polymerization+1","floor":27}],"player_experience":432842,"relics_obtained":[{"floor":8,"key":"ReplayTheSpireMod:Lightbulb"},{"floor":9,"key":"StuffTheSpire:ForceGauntlet"},{"floor":23,"key":"aspiration:Lifesprig"},{"floor":26,"key":"Replay:Antivirus Software"}],"event_choices":[{"damage_healed":0,"gold_gain":0,"player_choice":"Forge","damage_taken":0,"max_hp_gain":0,"max_hp_loss":0,"event_name":"Accursed Blacksmith","floor":2,"gold_loss":0,"cards_upgraded":["Defragment"]},{"damage_healed":0,"gold_gain":0,"player_choice":"Leave","damage_taken":0,"max_hp_gain":0,"max_hp_loss":0,"event_name":"The Cleric","floor":7,"gold_loss":0},{"damage_healed":0,"gold_gain":0,"player_choice":"Got Potions","damage_taken":0,"max_hp_gain":0,"max_hp_loss":0,"event_name":"Lab","floor":12,"gold_loss":0},{"damage_healed":0,"gold_gain":0,"player_choice":"Traded Relic","damage_taken":0,"relics_obtained":["Nloth\u0027s Gift"],"max_hp_gain":0,"max_hp_loss":0,"event_name":"N\u0027loth","floor":19,"relics_lost":["StuffTheSpire:ForceGauntlet"],"gold_loss":0}],"is_beta":false,"boss_relics":[{"not_picked":["vexMod:MysteryBossChallenge","ChewingGum"],"picked":"Pandora\u0027s Box"}],"items_purged_floors":[],"is_endless":false,"potions_floor_spawned":[3,8,13,18,20],"ascension_level":0}}