{"host":"z60ck2mpr6goyib8","time":1608315676,"event":{"mods":["BaseMod","Best Route Mod","Bestiary","Better Third Choice","Block Reminder","Colored Map","Colored Powertips","Googly Eyes","Minty Spire (QoL Compilation)","Quick Restart","Relic Stats","Slay-I","StSLib","everything is the same but u backflip on backflip"],"gold_per_floor":[109,120,120,220,232,232,250,250,250,250,276,289,353,80,80,184,184,202,202,12,29,29,29,40,60,60,60,101,121,121,121],"floor_reached":30,"playtime":899,"items_purged":["Strike_R"],"score":450,"play_id":"2ece361f-b77a-4e28-a6dc-100c1d6018f0","local_time":"20201218182116","is_ascension_mode":true,"campfire_choices":[{"data":"Flex","floor":6.0,"key":"SMITH"},{"floor":8.0,"key":"RECALL"},{"data":"Fiend Fire","floor":10.0,"key":"SMITH"},{"floor":15.0,"key":"DIG"},{"floor":23.0,"key":"DIG"},{"floor":27,"key":"DIG"}],"circlet_count":0,"master_deck":["AscendersBane","Strike_R","Strike_R","Strike_R","Strike_R","Defend_R","Defend_R","Defend_R","Defend_R","Bash","Spot Weakness","Tantrum","Flex+1","Fiend Fire+1","Metallicize","Infernal Blade","Double Tap","Shrug It Off+1","Insight","Bloodletting","Armaments","Flame Barrier+1","Barricade"],"relics":["Burning Blood","NeowsBlessing","Turnip","Gambling Chip","Shovel","Frozen Eye","Smiling Mask","SlaversCollar","PreservedInsect","Anchor","CeramicFish","Du-Vu Doll"],"acts_visited":["Exordium","TheCity"],"potions_floor_usage":[28,29,29],"damage_taken":[{"damage":0.0,"enemies":"Cultist","floor":1.0,"turns":1.0},{"damage":0.0,"enemies":"2 Louse","floor":2.0,"turns":1.0},{"damage":0.0,"enemies":"Jaw Worm","floor":5.0,"turns":1.0},{"damage":3.0,"enemies":"Blue Slaver","floor":7.0,"turns":2.0},{"damage":20.0,"enemies":"Gremlin Nob","floor":11.0,"turns":3.0},{"damage":0.0,"enemies":"Exordium Thugs","floor":12.0,"turns":3.0},{"damage":0.0,"enemies":"Slime Boss","floor":16.0,"turns":6.0},{"damage":3.0,"enemies":"Spheric Guardian","floor":18.0,"turns":3.0},{"damage":18.0,"enemies":"3 Byrds","floor":21.0,"turns":5.0},{"damage":5,"enemies":"Cultist and Chosen","floor":24,"turns":4},{"damage":1,"enemies":"Centurion and Healer","floor":25,"turns":3},{"damage":18,"enemies":"Book of Stabbing","floor":28,"turns":2},{"damage":64,"enemies":"Shelled Parasite and Fungi","floor":29,"turns":6},{"damage":37,"enemies":"Snake Plant","floor":30,"turns":4}],"seed_played":"4404628048733496134","potions_obtained":[{"floor":1.0,"key":"SkillPotion"},{"floor":12.0,"key":"Swift Potion"},{"floor":21.0,"key":"BloodPotion"},{"floor":22.0,"key":"PowerPotion"}],"is_trial":false,"path_per_floor":["M","M","?","?","M","R","M","R","T","R","E","M","?","$","R","B",null,"M","?","$","M","?","R","M","M","T","R","E","M","M"],"character_chosen":"IRONCLAD","items_purchased":["Frozen Eye","BloodPotion","PreservedInsect","Bloodletting"],"campfire_rested":0,"item_purchase_floors":[14,14,20,20],"current_hp_per_floor":[78,80,53,53,59,59,62,62,62,62,48,54,54,54,54,60,75,78,78,78,66,66,66,67,72,72,72,60,34,0,0],"gold":121,"neow_bonus":"THREE_ENEMY_KILL","is_daily":false,"chose_seed":false,"campfire_upgraded":2,"win_rate":0.0,"timestamp":1608315676,"path_taken":["M","?","?","?","M","R","M","R","T","R","E","?","?","$","R","BOSS","M","?","$","M","?","R","?","M","T","R","E","M","?"],"items_purchased_type":["Relic","Potion","Relic","Card"],"build_version":"2020-12-13","purchased_purges":1,"victory":false,"max_hp_per_floor":[80,80,80,80,80,80,80,80,80,80,80,80,80,80,80,80,80,80,80,80,80,80,80,80,80,80,80,80,80,80,80],"relic_stats":{"Shovel":3,"counters":[14,44],"Gambling Chip":[18],"CeramicFish":18,"Turnip":[13],"PreservedInsect":43,"Smiling Mask":0,"obtain_stats":[{"Du-Vu Doll":28,"Frozen Eye":14,"SlaversCollar":17,"Anchor":23,"Shovel":11,"NeowsBlessing":0,"Gambling Chip":9,"CeramicFish":27,"Turnip":3,"PreservedInsect":20,"Smiling Mask":15,"Burning Blood":0},{"Du-Vu Doll":12,"Frozen Eye":6,"SlaversCollar":7,"Anchor":9,"Shovel":5,"NeowsBlessing":0,"Gambling Chip":4,"CeramicFish":11,"Turnip":2,"PreservedInsect":8,"Smiling Mask":6,"Burning Blood":0},{"Du-Vu Doll":34,"Frozen Eye":11,"SlaversCollar":17,"Anchor":25,"Shovel":8,"NeowsBlessing":0,"Gambling Chip":5,"CeramicFish":32,"Turnip":2,"PreservedInsect":20,"Smiling Mask":11,"Burning Blood":0}],"Burning Blood":74},"card_choices":[{"not_picked":["Intimidate","Headbutt"],"picked":"Spot Weakness","floor":1.0},{"not_picked":["Searing Blow","Perfected Strike","Wild Strike"],"picked":"SKIP","floor":2.0},{"not_picked":["Ghostly Armor","Wild Strike"],"picked":"Flex","floor":5.0},{"not_picked":["Body Slam","Fire Breathing"],"picked":"Fiend Fire","floor":7.0},{"not_picked":["Thunderclap","Power Through"],"picked":"Metallicize","floor":11.0},{"not_picked":["Uppercut","Iron Wave"],"picked":"Infernal Blade","floor":12.0},{"not_picked":["Impervious","Fiend Fire"],"picked":"Double Tap","floor":16.0},{"not_picked":["Blood for Blood+1","Body Slam+1"],"picked":"Shrug It Off+1","floor":18.0},{"not_picked":["Reckless Charge","Havoc","Twin Strike"],"picked":"SKIP","floor":21.0},{"not_picked":["Warcry","Sentinel","Wild Strike"],"picked":"SKIP","floor":24},{"not_picked":["Thunderclap+1","True Grit"],"picked":"Armaments","floor":25},{"not_picked":["Anger","Shrug It Off"],"picked":"Flame Barrier+1","floor":28},{"not_picked":["Flame Barrier","Headbutt+1"],"picked":"Barricade","floor":29}],"player_experience":503323,"relics_obtained":[{"floor":9.0,"key":"Gambling Chip"},{"floor":11.0,"key":"Shovel"},{"floor":15.0,"key":"Smiling Mask"},{"floor":23.0,"key":"Anchor"},{"floor":27,"key":"CeramicFish"},{"floor":28,"key":"Du-Vu Doll"}],"event_choices":[{"damage_healed":0.0,"max_hp_gain":0.0,"max_hp_loss":0.0,"gold_gain":100.0,"event_name":"Golden Shrine","player_choice":"Pray","floor":4.0,"gold_loss":0.0,"damage_taken":0.0},{"damage_healed":0.0,"max_hp_gain":0.0,"max_hp_loss":0.0,"gold_gain":64.0,"event_name":"Golden Wing","player_choice":"Gained Gold","floor":13.0,"gold_loss":0.0,"damage_taken":0.0},{"damage_healed":0.0,"max_hp_gain":0.0,"max_hp_loss":0.0,"gold_gain":0.0,"event_name":"betterThird:BetterWriting","player_choice":"Insight","floor":19.0,"gold_loss":0.0,"damage_taken":0.0,"cards_obtained":["Insight"]},{"damage_healed":0.0,"max_hp_gain":0.0,"max_hp_loss":0.0,"gold_gain":0.0,"event_name":"Lab","player_choice":"Got Potions","floor":22.0,"gold_loss":0.0,"damage_taken":0.0}],"is_beta":false,"boss_relics":[{"not_picked":["Coffee Dripper","Velvet Choker"],"picked":"SlaversCollar"}],"items_purged_floors":[14],"is_endless":false,"potions_floor_spawned":[1,12,21,24],"killed_by":"Snake Plant","ascension_level":10}}