{"host":"k2x36244ucab5lxq","time":1608334848,"event":{"mods":["2.2 Compatiblity","AchievementEnabler","Act Like it!","Aspiration","BaseMod","Beaked The Cultist","Bestiary","Better Altar","Better Match","Better Note","Better Sensory Stone","Better Skull","Better Third Choice","Better Vampires","BetterRewards","Block Reminder","CatGirl Mod","Clawfect","Clockwork Mod","Colored Map","Conspire","Curses Come First","Downfall","Energized Spire","Gensokyo","GungeonMod","Halation","Hermit","Hubris","Infinite Spire","Jedi Mod","JesterMod","Jorbs\u0027s Wanderer Trilogy","Marisa????????","Marked Mod","Mimic Mod","Minty Spire (QoL Compilation)","Pale of the Ancients","Random Character Button","Rare Cards Sparkle","Relic Sorter","Relic Stats","Replay The Spire","SCP261 Mod","Shop Mod","StSLib","The Administrix","The Alterego","The Blackbeard","The Bladedancer","The Construct","The Cursed","The Disciple","The Judge","The Necromancer","The Problem Sleuth","The Sage","The Servant 0.9.4","The Showman","Transform Curses","Unceasing Turn Reminder","Virulent Crown","egg","everything is the same but u backflip on backflip","slay the spire mod where everything is the same but ironclad has a cowboy hat","thorton"],"gold_per_floor":[99,110,145,145,70,2,2,33,33,68,78,94,4,20,40,143,143,68,68,53,68,83,83,116,149,149,74,93,106,155,166,178,283,283,283,333,366,366,366,422,449,506,506,576,611,652,680,722,763,798,798,883,81,81,179],"floor_reached":56,"playtime":5211,"items_purged":["Regret","champ:Strike","Pot Of Greed"],"score":1848,"play_id":"46a5e234-f2c0-43b3-b0de-b0544ad3bb2e","local_time":"20201218184048","is_ascension_mode":true,"campfire_choices":[{"floor":1,"key":"RECALL"},{"data":"champ:Duel","floor":5,"key":"SMITH"},{"data":"Pot Of Greed","floor":18,"key":"SMITH"},{"data":"champ:BerserkerStyle","floor":23,"key":"SMITH"},{"data":"champ:Duel","floor":27,"key":"SMITH"},{"data":"champ:BladeFlurry","floor":35,"key":"SMITH"},{"data":"champ:FocusedBerserking","floor":39,"key":"SMITH"},{"data":"champ:HeartStrike","floor":43,"key":"SMITH"},{"data":"hubris:EnhanceAbility","floor":54,"key":"SMITH"}],"circlet_count":0,"master_deck":["champ:Strike","champ:Strike","champ:Defend","champ:Defend","champ:Defend","champ:Defend","champ:Execute","champ:Taunt+1","champ:Duel+1","champ:Encircle+1","champ:Shatter","champ:RageSigil","Pot Of Greed+1","Pot Of Greed","champ:FocusedBerserking+1","champ:BerserkerStyle+1","champ:HoldFirm","champ:AdrenalArmor","champ:MurderStrike","champ:EnchantSword","champ:BladeFlurry+1","champ:Duel+1","champ:RapidStrikes+1","champ:EndlessRage","champ:ArenaPreparation","champ:Lariat+1","champ:Duel","champ:RageSigil+1","champ:EnragedBash+1","champ:BerserkersShout+1","champ:HeartStrike+1","champ:AdrenalArmor","champ:Aggression+1","Pot Of Greed","champ:AdrenalArmor","champ:RageSigil+1","champ:Encircle+1","champ:PerfectedStrike","hubris:EnhanceAbility+1"],"relics":["champ:ChampionCrown","hubris:Reverence","MealTicket","downfall:HeartBlessingRed","Shuriken","Grinning Jar","beaked:ShinyBauble","jedi:paperlyon","downfall:HeartBlessingGreen","theSleuth:SaltedMelon","theSleuth:SaltedMelon","jedi:HeartOfTheCards","downfall:HeartBlessingBlue","Orrery","Black Star","Unceasing Top","Question Card","halation:IllGainedPizza","jedi:crownofsimplicity","DemoMod:GlassGuonStoneRelic","DemoMod:BlueGuonStone","infinitespire:WardingShard","Replay:Rubber Ducky","DemoMod:Metronome","Bag of Marbles","DemoMod:MeltedRock","Simple Rune","infinitespire:Eraser","infinitespire:Satchel","hubris:BottledRain"],"acts_visited":["Exordium","TheCity","TheBeyond","TheEnding"],"potions_floor_usage":[10,11,16,22,31,33,36,55,55,55],"damage_taken":[{"damage":1,"enemies":"conspire:RoseBush","floor":2,"turns":3},{"damage":53,"enemies":"3 Sentries","floor":3,"turns":9},{"damage":20,"enemies":"downfall:FleeingMerchant","floor":6,"turns":4},{"damage":26,"enemies":"Replay:BlueRogue","floor":8,"turns":3},{"damage":55,"enemies":"Lagavulin","floor":10,"turns":6},{"damage":14,"enemies":"Jaw Worm","floor":11,"turns":2},{"damage":12,"enemies":"Cultist","floor":12,"turns":2},{"damage":34,"enemies":"downfall:FleeingMerchant","floor":13,"turns":4},{"damage":32,"enemies":"Large Slime","floor":14,"turns":3},{"damage":18,"enemies":"2 Fungi Beasts","floor":15,"turns":3},{"damage":62,"enemies":"downfall:Ironclad","floor":16,"turns":4},{"damage":57,"enemies":"downfall:FleeingMerchant","floor":20,"turns":4},{"damage":37,"enemies":"conspire:FuzzyDice","floor":21,"turns":6},{"damage":47,"enemies":"3 Byrds","floor":22,"turns":5},{"damage":38,"enemies":"conspire:HollyBat","floor":24,"turns":3},{"damage":53,"enemies":"Book of Stabbing","floor":25,"turns":4},{"damage":61,"enemies":"conspire:HollyBat","floor":28,"turns":6},{"damage":57,"enemies":"Centurion and Healer","floor":29,"turns":5},{"damage":51,"enemies":"downfall:FleeingMerchant","floor":30,"turns":3},{"damage":57,"enemies":"3 Cultists","floor":31,"turns":3},{"damage":59,"enemies":"Snecko","floor":32,"turns":3},{"damage":95,"enemies":"downfall:Silent","floor":33,"turns":5},{"damage":86,"enemies":"Mind Bloom Boss Battle","floor":36,"turns":4},{"damage":81,"enemies":"R_Hoarder","floor":37,"turns":5},{"damage":54,"enemies":"Nemesis","floor":40,"turns":5},{"damage":88,"enemies":"Giant Head","floor":42,"turns":5},{"damage":87,"enemies":"Nemesis","floor":44,"turns":5},{"damage":45,"enemies":"Orb Walker","floor":45,"turns":3},{"damage":44,"enemies":"3 Darklings","floor":46,"turns":4},{"damage":44,"enemies":"Jaw Worm Horde","floor":47,"turns":2},{"damage":84,"enemies":"Maw","floor":48,"turns":3},{"damage":60,"enemies":"3 Darklings","floor":49,"turns":3},{"damage":87,"enemies":"downfall:Watcher","floor":50,"turns":4},{"damage":119,"enemies":"downfall:CharBossMerchant","floor":52,"turns":6},{"damage":250,"enemies":"downfall:NeowBoss","floor":55,"turns":13}],"seed_played":"-8460869773462347579","potions_obtained":[{"floor":8,"key":"Fruit Juice"},{"floor":10,"key":"sneckomod:MuddlingPotion"},{"floor":11,"key":"Guardian:BlockOnCardUsePotion"},{"floor":12,"key":"Languid Potion"},{"floor":15,"key":"jedi:StrikingPotion"},{"floor":22,"key":"Swift Potion"},{"floor":25,"key":"Ancient Potion"},{"floor":31,"key":"Adrenaline Potion"},{"floor":33,"key":"sneckomod:MuddlingPotion"},{"floor":45,"key":"SCP261:GirlTearsPotion"},{"floor":48,"key":"Weak Potion"}],"is_trial":false,"path_per_floor":["R","M","E","?","R","$","T","E","?","E","M","M","$","M","M","B",null,"R","?","$","M","M","R","MIM","E","?","R","M","M","$","M","M","B",null,"R","?","E","?","R","E","T","E","R","E","M","M","M","M","M","B",null,"E","$","R","B",null],"character_chosen":"THE_CHAMP","items_purchased":["champ:RageSigil","champ:Duel","Orrery","hubris:EnhanceAbility","infinitespire:Satchel","hubris:BottledRain","SpeedPotion","PowerPotion"],"campfire_rested":0,"item_purchase_floors":[6,30,30,53,53,53,53,53],"current_hp_per_floor":[90,89,51,51,51,66,66,58,58,53,49,49,79,95,95,85,95,95,95,93,93,97,99,99,81,81,93,100,104,103,105,105,108,114,116,107,116,101,103,103,103,118,120,125,125,125,125,125,125,130,130,130,130,132,132],"gold":179,"neow_bonus":"TRANSFORM_CARD","is_daily":false,"chose_seed":false,"campfire_upgraded":8,"win_rate":0.0,"timestamp":1608334848,"path_taken":["R","M","E","?","R","$","T","E","?","E","M","?","?","M","M","BOSS","R","?","$","M","M","R","MIM","E","?","R","?","M","$","M","M","BOSS","R","?","E","?","R","E","T","E","R","E","?","M","?","M","M","BOSS","E","$","R","BOSS"],"items_purchased_type":["Card","Card","Relic","Card","Relic","Relic","Potion","Potion"],"build_version":"2020-12-13","purchased_purges":3,"victory":true,"max_hp_per_floor":[90,90,90,90,90,90,90,90,90,95,95,95,95,95,95,95,95,95,95,100,100,100,102,102,102,102,114,114,114,114,114,114,114,114,116,116,116,116,118,118,118,118,120,125,125,125,125,125,125,130,130,130,130,132,132],"relic_stats":{"counters":[35,152],"Shuriken":[55],"MealTicket":40,"Black Star":5,"Question Card":15,"obtain_stats":[{"beaked:ShinyBauble":10,"DemoMod:BlueGuonStone":40,"champ:ChampionCrown":0,"downfall:HeartBlessingGreen":18,"DemoMod:GlassGuonStoneRelic":3,"Replay:Rubber Ducky":41,"jedi:paperlyon":17,"downfall:HeartBlessingBlue":27,"DemoMod:Metronome":42,"MealTicket":3,"DemoMod:MeltedRock":44,"infinitespire:Eraser":52,"theSleuth:SaltedMelon":19,"jedi:command_common":38,"downfall:HeartBlessingRed":5,"halation:IllGainedPizza":37,"jedi:crownofsimplicity":38,"jedi:HeartOfTheCards":25,"Question Card":37,"infinitespire:WardingShard":40,"Shuriken":7,"Orrery":30,"infinitespire:Satchel":53,"Simple Rune":44,"Black Star":34,"Bag of Marbles":42,"Grinning Jar":8,"Unceasing Top":36,"hubris:Reverence":52,"hubris:BottledRain":53},{"beaked:ShinyBauble":5,"DemoMod:BlueGuonStone":25,"champ:ChampionCrown":0,"downfall:HeartBlessingGreen":11,"DemoMod:GlassGuonStoneRelic":2,"Replay:Rubber Ducky":25,"jedi:paperlyon":11,"downfall:HeartBlessingBlue":16,"DemoMod:Metronome":26,"MealTicket":2,"DemoMod:MeltedRock":27,"infinitespire:Eraser":34,"theSleuth:SaltedMelon":11,"jedi:command_common":24,"downfall:HeartBlessingRed":2,"halation:IllGainedPizza":24,"jedi:crownofsimplicity":24,"jedi:HeartOfTheCards":16,"Question Card":24,"infinitespire:WardingShard":25,"Shuriken":3,"Orrery":19,"infinitespire:Satchel":34,"Simple Rune":27,"Black Star":22,"Bag of Marbles":26,"Grinning Jar":4,"Unceasing Top":23,"hubris:Reverence":34,"hubris:BottledRain":34},{"beaked:ShinyBauble":25,"DemoMod:BlueGuonStone":104,"champ:ChampionCrown":0,"downfall:HeartBlessingGreen":43,"DemoMod:GlassGuonStoneRelic":12,"Replay:Rubber Ducky":104,"jedi:paperlyon":43,"downfall:HeartBlessingBlue":65,"DemoMod:Metronome":109,"MealTicket":12,"DemoMod:MeltedRock":114,"infinitespire:Eraser":139,"theSleuth:SaltedMelon":43,"jedi:command_common":99,"downfall:HeartBlessingRed":12,"halation:IllGainedPizza":99,"jedi:crownofsimplicity":99,"jedi:HeartOfTheCards":65,"Question Card":99,"infinitespire:WardingShard":104,"Shuriken":16,"Orrery":79,"infinitespire:Satchel":139,"Simple Rune":114,"Black Star":90,"Bag of Marbles":109,"Grinning Jar":19,"Unceasing Top":94,"hubris:Reverence":139,"hubris:BottledRain":139}],"Unceasing Top":[15]},"card_choices":[{"not_picked":["champ:SwordSigil","champ:BringItOn"],"picked":"champ:Encircle","floor":2},{"not_picked":["champ:SwordSigil","champ:Circumvent","champ:ShieldSlam"],"picked":"SKIP","floor":3},{"not_picked":["champ:RecklessLeap","champ:BringItOn"],"picked":"champ:Shatter","floor":6},{"not_picked":["champ:Haymaker","champ:FanOfKnives"],"picked":"champ:FocusedBerserking","floor":8},{"not_picked":["champ:BerserkersShout","champ:Circumvent"],"picked":"champ:BerserkerStyle","floor":10},{"not_picked":["champ:ShieldWall","champ:TornadoPunch"],"picked":"champ:HoldFirm","floor":11},{"not_picked":["champ:CalledShot","champ:ArenaPreparation"],"picked":"champ:AdrenalArmor","floor":12},{"not_picked":["champ:IronFortress","champ:Balance"],"picked":"champ:FightOn","floor":13},{"not_picked":["champ:GladiatorsShout","champ:BringItOn","champ:RageSigil"],"picked":"SKIP","floor":14},{"not_picked":["champ:TornadoPunch","champ:Backstep"],"picked":"champ:MurderStrike","floor":15},{"not_picked":["champ:Devastate","champ:SteelEdge"],"picked":"champ:EnchantSword","floor":16},{"not_picked":["champ:EnGarde","champ:ViciousMockery"],"picked":"champ:BladeFlurry","floor":20},{"not_picked":["champ:PerfectedStrike","champ:BerserkerStyle","champ:Backstep"],"picked":"SKIP","floor":21},{"not_picked":["champ:SwordSigil","champ:FocusedDefense+1"],"picked":"champ:Duel","floor":22},{"not_picked":["champ:ShieldSigil+1","champ:GladiatorsShout+1"],"picked":"champ:RapidStrikes","floor":24},{"not_picked":["champ:RageSigil","champ:PerfectedStrike"],"picked":"champ:EndlessRage","floor":25},{"not_picked":["champ:TornadoPunch","champ:CrookedStrike"],"picked":"champ:ArenaPreparation","floor":28},{"not_picked":["champ:ShieldWall","champ:PerfectForm"],"picked":"champ:Lariat+1","floor":29},{"not_picked":["champ:FanOfKnives+1","champ:RisingSlash"],"picked":"champ:FightOn","floor":30},{"not_picked":["champ:FlashCut+1","champ:BringItOn"],"picked":"champ:RageSigil+1","floor":30},{"not_picked":["champ:BladeFlurry","champ:FanOfKnives"],"picked":"champ:EnragedBash+1","floor":30},{"not_picked":["champ:Haymaker+1","champ:FanOfKnives","champ:Backstep"],"picked":"SKIP","floor":31},{"not_picked":["champ:CrookedStrike+1","champ:BringItOn"],"picked":"champ:BerserkersShout+1","floor":32},{"not_picked":["champ:BladeFlurry+1","champ:RageSigil+1"],"picked":"champ:HeartStrike","floor":36},{"not_picked":["champ:PerfectedStrike+1","champ:EndlessRage+1"],"picked":"champ:FightOn","floor":37},{"not_picked":["champ:Control","champ:BringItOn","champ:PerfectForm"],"picked":"champ:AdrenalArmor","floor":40},{"not_picked":["champ:DeathBlow","champ:ShieldWall","champ:PerfectedStrike+1"],"picked":"champ:Aggression+1","floor":42},{"not_picked":["champ:Backstep","champ:FanOfKnives+1","champ:SwordSigil+1","champ:EnGarde"],"picked":"SKIP","floor":44},{"not_picked":["champ:FaceSlap","champ:ArenaPreparation","champ:ShieldSigil","champ:Backstep"],"picked":"SKIP","floor":45},{"not_picked":["champ:Riposte","champ:ShieldSigil+1","champ:DefensiveShout","champ:CrookedStrike+1"],"picked":"SKIP","floor":46},{"not_picked":["champ:BerserkerStyle+1","champ:Shatter+1","champ:ShieldSigil+1"],"picked":"champ:AdrenalArmor","floor":47},{"not_picked":["champ:AdrenalArmor","champ:Encircle","champ:HeartStrike"],"picked":"champ:RageSigil+1","floor":48},{"not_picked":["champ:CalledShot","champ:ShieldWall+1","champ:PerfectedStrike"],"picked":"champ:Encircle+1","floor":49},{"not_picked":["champ:EnGarde+1","champ:CrookedStrike","champ:Control"],"picked":"champ:PerfectedStrike","floor":52}],"player_experience":551685,"relics_obtained":[{"floor":3,"key":"MealTicket"},{"floor":7,"key":"Shuriken"},{"floor":8,"key":"Grinning Jar"},{"floor":10,"key":"beaked:ShinyBauble"},{"floor":25,"key":"jedi:HeartOfTheCards"},{"floor":36,"key":"Unceasing Top"},{"floor":37,"key":"Question Card"},{"floor":37,"key":"halation:IllGainedPizza"},{"floor":40,"key":"DemoMod:BlueGuonStone"},{"floor":40,"key":"infinitespire:WardingShard"},{"floor":41,"key":"Replay:Rubber Ducky"},{"floor":42,"key":"DemoMod:Metronome"},{"floor":42,"key":"Bag of Marbles"},{"floor":44,"key":"DemoMod:MeltedRock"},{"floor":44,"key":"Simple Rune"},{"floor":52,"key":"infinitespire:Eraser"},{"floor":52,"key":"hubris:Reverence"}],"event_choices":[{"damage_healed":0,"gold_gain":0,"player_choice":"Upgraded","damage_taken":0,"max_hp_gain":0,"max_hp_loss":0,"event_name":"Upgrade Shrine","floor":26,"gold_loss":0,"cards_upgraded":["champ:RapidStrikes"]}],"is_beta":false,"boss_relics":[{"not_picked":["halation:Prosthetics","Replay:Wanted Poster"],"picked":"jedi:paperlyon"},{"not_picked":["Tiny House","halation:SmartPhone"],"picked":"Black Star"}],"items_purged_floors":[13,30,53],"is_endless":false,"potions_floor_spawned":[8,10,11,12,15,22,25,31,32,33,45,46,48,52],"ascension_level":4}}