{"host":"i0avyit1s6jb1siw","time":1608315773,"event":{"mods":["BaseMod","DeckTracker","Dota2Spire","Highlight Path","Minty Spire (QoL Compilation)","Quick Restart","Replay The Spire","StSLib","SuperFastMode"],"gold_per_floor":[115,128,128,62,62,100,100,121,121,121,121,152,170,186,186,276,276,300,260,285,309,327,366,366,379,405,436,114,135,135,179,179,275,275,293,293,312,11,30,68,124,155,237,253,253,286,286,319,319,319,319,319,319,91,129,129],"floor_reached":57,"playtime":2386,"items_purged":["Strike_G","Strike_G"],"score":2930,"play_id":"b86470ad-8493-4369-9625-32d79b45fb40","local_time":"20201218192253","is_ascension_mode":true,"campfire_choices":[{"data":"Footwork","floor":7.0,"key":"SMITH"},{"data":"Cloak And Dagger","floor":11.0,"key":"SMITH"},{"data":"Catalyst","floor":15.0,"key":"SMITH"},{"floor":24.0,"key":"REST"},{"floor":30.0,"key":"REST"},{"floor":32.0,"key":"REST"},{"floor":45.0,"key":"RECALL"},{"floor":47.0,"key":"DIG"},{"floor":49.0,"key":"DIG"},{"floor":53.0,"key":"DIG"}],"circlet_count":0,"master_deck":["AscendersBane","Defend_G","Defend_G","Defend_G","Defend_G","Defend_G","Survivor","Neutralize","Crippling Poison+1","Noxious Fumes+1","Backstab+1","Footwork+1","Cloak And Dagger+1","Catalyst+1","Blade Dance","Dash","Wraith Form v2+1","Catalyst+1","Fluid Movement+1","Concentrate+1","Acrobatics+1","Catalyst+1","Apotheosis","Wraith Form v2+1","Backflip+1"],"relics":["Ring of the Snake","NeowsBlessing","Golden Idol","Chameleon Ring","Replay:Rubber Ducky","Matryoshka","InkBottle","Replay:Grab Bag","Busted Crown","Fusion Hammer","Astrolabe","HoveringKite","The Courier","Dota2Spire:DrumOfEndurance","Bag of Preparation","Dead Branch","Blood Vial","Dota2Spire:RefresherOrb","Gremlin Food","Shovel","Mummified Hand","Mercury Hourglass","Dota2Spire:AghanimScepter","Dota2Spire:EchoSabre","Pantograph","Bronze Scales","Anchor","Replay:Bottled Eggs","Quantum Egg","Kunai"],"acts_visited":["Exordium","TheCity","TheBeyond","TheEnding"],"potions_floor_usage":[56],"damage_taken":[{"damage":0.0,"enemies":"Small Slimes","floor":1.0,"turns":1.0},{"damage":0.0,"enemies":"Jaw Worm","floor":2.0,"turns":1.0},{"damage":0.0,"enemies":"3 Sentries","floor":6.0,"turns":1.0},{"damage":0.0,"enemies":"2 Louse","floor":8.0,"turns":3.0},{"damage":10.0,"enemies":"Lagavulin","floor":12.0,"turns":9.0},{"damage":0.0,"enemies":"Gremlin Gang","floor":13.0,"turns":6.0},{"damage":0.0,"enemies":"Exordium Thugs","floor":14.0,"turns":4.0},{"damage":7.0,"enemies":"Fading Forest","floor":16.0,"turns":13.0},{"damage":4.0,"enemies":"Spheric Guardian","floor":18.0,"turns":6.0},{"damage":0.0,"enemies":"Shell Parasite","floor":20.0,"turns":6.0},{"damage":2.0,"enemies":"Chosen and Byrds","floor":21.0,"turns":6.0},{"damage":0.0,"enemies":"Snecko","floor":22.0,"turns":4.0},{"damage":13.0,"enemies":"Slavers","floor":23.0,"turns":5.0},{"damage":7.0,"enemies":"Snake Plant","floor":25.0,"turns":4.0},{"damage":18.0,"enemies":"Gremlin Leader","floor":27.0,"turns":4.0},{"damage":0.0,"enemies":"Cultist and Chosen","floor":29.0,"turns":6.0},{"damage":0.0,"enemies":"Replay:Snechameleon","floor":31.0,"turns":5.0},{"damage":0.0,"enemies":"Automaton","floor":33.0,"turns":8.0},{"damage":0.0,"enemies":"Orb Walker","floor":35.0,"turns":4.0},{"damage":0.0,"enemies":"3 Darklings","floor":37.0,"turns":3.0},{"damage":0.0,"enemies":"4 Shapes","floor":39.0,"turns":4.0},{"damage":0.0,"enemies":"Nemesis","floor":40.0,"turns":7.0},{"damage":18.0,"enemies":"2 Orb Walkers","floor":41.0,"turns":5.0},{"damage":3.0,"enemies":"R_Hoarder","floor":42.0,"turns":5.0},{"damage":0.0,"enemies":"Maw","floor":44.0,"turns":3.0},{"damage":0.0,"enemies":"Nemesis","floor":46.0,"turns":3.0},{"damage":0.0,"enemies":"Reptomancer","floor":48.0,"turns":2.0},{"damage":0.0,"enemies":"Replay:Hell Engine","floor":50.0,"turns":3.0},{"damage":0.0,"enemies":"Awakened One","floor":51.0,"turns":12.0},{"damage":0,"enemies":"Shield and Spear","floor":55,"turns":5},{"damage":43,"enemies":"The Heart","floor":56,"turns":6}],"seed_played":"7681505288754065062","potions_obtained":[{"floor":1.0,"key":"Energy Potion"},{"floor":2.0,"key":"Adrenaline Potion"},{"floor":13.0,"key":"DistilledChaos"},{"floor":19.0,"key":"LifebloodPotion"},{"floor":19.0,"key":"LifebloodPotion"},{"floor":20.0,"key":"DistilledChaos"},{"floor":21.0,"key":"Adrenaline Potion"},{"floor":23.0,"key":"PowerPotion"},{"floor":25.0,"key":"SkillPotion"},{"floor":31.0,"key":"Regen Potion"}],"is_trial":false,"path_per_floor":["M","M","?","$","?","E","R","M","T","T","R","E","M","M","R","B",null,"M","?","M","M","M","E","R","M","T","E","$","M","R","E","R","B",null,"M","?","M","$","M","E","?","E","T","M","R","E","R","E","R","B","B",null,"R","$","E","B",null],"character_chosen":"THE_SILENT","items_purchased":["Backstab+1","Dead Branch","Apotheosis","Wraith Form v2","Quantum Egg"],"campfire_rested":3,"item_purchase_floors":[4,28,38,38,54],"current_hp_per_floor":[59,59,59,59,41,41,41,41,41,41,41,31,31,31,31,24,51,47,47,47,45,45,32,50,43,43,25,25,25,43,43,60,60,60,60,60,60,60,60,60,42,41,41,43,43,45,45,47,47,60,60,60,60,60,60,17],"gold":129,"neow_bonus":"THREE_ENEMY_KILL","is_daily":false,"chose_seed":false,"campfire_upgraded":3,"win_rate":0.0,"timestamp":1608315773,"path_taken":["M","M","?","$","?","E","R","M","T","?","R","E","M","M","R","BOSS","M","?","?","M","M","E","R","M","T","E","?","M","R","E","R","BOSS","M","?","M","$","?","E","?","E","T","M","R","E","R","E","R","BOSS","BOSS","R","$","E","BOSS"],"items_purchased_type":["Card","Relic","Card","Card","Relic"],"build_version":"2020-12-13","purchased_purges":2,"victory":true,"max_hp_per_floor":[66,66,60,60,60,60,60,60,60,60,60,60,60,60,60,60,60,60,60,60,60,60,60,60,60,60,60,60,60,60,60,60,60,60,60,60,60,60,60,60,60,60,60,60,60,60,60,60,60,60,60,60,60,60,60,60],"card_choices":[{"not_picked":["Expertise","ReplayTheSpireMod:The Works"],"picked":"Crippling Poison","floor":1.0},{"not_picked":["Flying Knee","Accuracy"],"picked":"Noxious Fumes","floor":2.0},{"not_picked":["Outmaneuver","Terror"],"picked":"Footwork","floor":6.0},{"not_picked":["Poisoned Stab","ReplayTheSpireMod:Tripwire"],"picked":"Cloak And Dagger","floor":8.0},{"not_picked":["Bane","Backflip"],"picked":"Catalyst","floor":12.0},{"not_picked":["Acrobatics","Hidden Blade"],"picked":"Blade Dance","floor":13.0},{"not_picked":["Deflect","Flying Knee"],"picked":"Dash","floor":14.0},{"not_picked":["Poison Darts","ReplayTheSpireMod:From All Sides"],"picked":"Wraith Form v2","floor":16.0},{"not_picked":["Deflect"],"picked":"SKIP","floor":18.0},{"not_picked":["Infinite Blades"],"picked":"SKIP","floor":20.0},{"not_picked":["Flechettes"],"picked":"SKIP","floor":21.0},{"not_picked":["Flechettes"],"picked":"SKIP","floor":21.0},{"not_picked":["Dagger Spray"],"picked":"SKIP","floor":22.0},{"not_picked":["Setup"],"picked":"SKIP","floor":23.0},{"not_picked":["Blade Dance"],"picked":"SKIP","floor":25.0},{"not_picked":[],"picked":"Acrobatics+1","floor":27.0},{"not_picked":["Accuracy"],"picked":"SKIP","floor":29.0},{"not_picked":["Cloak And Dagger"],"picked":"SKIP","floor":31.0},{"not_picked":["Flying Knee"],"picked":"SKIP","floor":35.0},{"not_picked":["Sneak Up"],"picked":"SKIP","floor":37.0},{"not_picked":["Concentrate"],"picked":"SKIP","floor":39.0},{"not_picked":["Tactician"],"picked":"SKIP","floor":40.0},{"not_picked":[],"picked":"Backflip+1","floor":42.0},{"not_picked":["Prepared"],"picked":"SKIP","floor":44.0},{"not_picked":["Bane+1"],"picked":"SKIP","floor":46.0},{"not_picked":["Venomology"],"picked":"SKIP","floor":48.0},{"not_picked":["Underhanded Strike"],"picked":"SKIP","floor":55}],"player_experience":2082828,"relics_obtained":[{"floor":6.0,"key":"Chameleon Ring"},{"floor":9.0,"key":"Replay:Rubber Ducky"},{"floor":10.0,"key":"Matryoshka"},{"floor":12.0,"key":"InkBottle"},{"floor":23.0,"key":"The Courier"},{"floor":26.0,"key":"Dota2Spire:DrumOfEndurance"},{"floor":27.0,"key":"Bag of Preparation"},{"floor":31.0,"key":"Blood Vial"},{"floor":40.0,"key":"Gremlin Food"},{"floor":41.0,"key":"Shovel"},{"floor":42.0,"key":"Mummified Hand"},{"floor":43.0,"key":"Mercury Hourglass"},{"floor":43.0,"key":"Dota2Spire:AghanimScepter"},{"floor":46.0,"key":"Dota2Spire:EchoSabre"},{"floor":47.0,"key":"Pantograph"},{"floor":48.0,"key":"Bronze Scales"},{"floor":49.0,"key":"Anchor"},{"floor":53.0,"key":"Replay:Bottled Eggs"},{"floor":55,"key":"Kunai"}],"event_choices":[{"damage_healed":0.0,"max_hp_gain":0.0,"max_hp_loss":6.0,"gold_gain":0.0,"event_name":"Golden Idol","player_choice":"Lose Max HP","floor":3.0,"gold_loss":0.0,"damage_taken":0.0,"relics_obtained":["Golden Idol"]},{"damage_healed":0.0,"max_hp_gain":0.0,"max_hp_loss":0.0,"gold_gain":0.0,"event_name":"Shining Light","player_choice":"Entered Light","floor":5.0,"gold_loss":0.0,"damage_taken":18.0,"cards_upgraded":["Crippling Poison","Noxious Fumes"]},{"damage_healed":0.0,"max_hp_gain":0.0,"max_hp_loss":0.0,"gold_gain":0.0,"event_name":"The Woman in Blue","player_choice":"Bought 3 Potions","floor":19.0,"gold_loss":0.0,"damage_taken":0.0},{"damage_healed":0.0,"max_hp_gain":0.0,"max_hp_loss":0.0,"gold_gain":0.0,"event_name":"Duplicator","player_choice":"Copied","floor":36.0,"gold_loss":0.0,"damage_taken":0.0,"cards_obtained":["Catalyst"]},{"damage_healed":0.0,"max_hp_gain":0.0,"max_hp_loss":0.0,"gold_gain":0.0,"event_name":"Mysterious Sphere","player_choice":"Fight","floor":41.0,"gold_loss":0.0,"damage_taken":0.0}],"is_beta":false,"boss_relics":[{"not_picked":["Pandora\u0027s Box","Snecko Heart"],"picked":"Replay:Grab Bag"},{"not_picked":["Sozu","Abe\u0027s Treasure"],"picked":"Busted Crown"},{"not_picked":["Replay:Bronze Core","Painkiller Herb"],"picked":"Fusion Hammer"},{"not_picked":["Black Star","Replay:Drink Me"],"picked":"Astrolabe"},{"not_picked":["Calling Bell","Ring of the Serpent"],"picked":"HoveringKite"},{"not_picked":["Philosopher\u0027s Stone","ChewingGum"],"picked":"Dota2Spire:RefresherOrb"}],"items_purged_floors":[28,38],"is_endless":false,"potions_floor_spawned":[1,2,6,13,20,21,23,25,31,39,40,41,44],"ascension_level":20}}