{"host":"z60ck2mpr6goyib8","time":1608291622,"event":{"mods":["BaseMod","Best Route Mod","Bestiary","Better Third Choice","Block Reminder","Colored Map","Colored Powertips","Googly Eyes","Minty Spire (QoL Compilation)","Quick Restart","Relic Stats","Slay-I","StSLib","everything is the same but u backflip on backflip"],"gold_per_floor":[119,66,66,66,79,109,109,133,156,156,173,173,185,211,211,313,313,313,313,39,39,39,39,39,39,39],"floor_reached":25,"playtime":781,"items_purged":["Strike_R"],"score":384,"play_id":"b86389f9-8584-4d27-9209-417ba2267816","local_time":"20201218114022","is_ascension_mode":true,"campfire_choices":[{"data":"Sever Soul","floor":7.0,"key":"SMITH"},{"data":"Flex","floor":12.0,"key":"SMITH"},{"data":"Fiend Fire","floor":15.0,"key":"SMITH"}],"circlet_count":0,"master_deck":["AscendersBane","Strike_R","Strike_R","Strike_R+1","Strike_R","Defend_R","Defend_R+1","Defend_R+1","Defend_R+1","Bash","Sever Soul+1","Flex+1","Sword Boomerang","True Grit","Flex+1","Fiend Fire+1","Iron Wave","Double Tap","Bludgeon","Metallicize","Burning Pact","Havoc+1","Dropkick+1","Seeing Red","Armaments"],"relics":["Burning Blood","NeowsBlessing","War Paint","Odd Mushroom","Pen Nib","Smiling Mask","Ectoplasm","Boot","Bronze Scales"],"acts_visited":["Exordium","TheCity"],"potions_floor_usage":[],"damage_taken":[{"damage":0.0,"enemies":"Small Slimes","floor":1.0,"turns":1.0},{"damage":0.0,"enemies":"Jaw Worm","floor":5.0,"turns":1.0},{"damage":0.0,"enemies":"Lagavulin","floor":6.0,"turns":1.0},{"damage":21.0,"enemies":"The Mushroom Lair","floor":8.0,"turns":4.0},{"damage":0.0,"enemies":"2 Louse","floor":11.0,"turns":2.0},{"damage":1.0,"enemies":"Red Slaver","floor":13.0,"turns":2.0},{"damage":13.0,"enemies":"Gremlin Nob","floor":14.0,"turns":3.0},{"damage":42.0,"enemies":"Slime Boss","floor":16.0,"turns":12.0},{"damage":6.0,"enemies":"Spheric Guardian","floor":18.0,"turns":3.0},{"damage":19.0,"enemies":"Shell Parasite","floor":21.0,"turns":5.0},{"damage":37.0,"enemies":"Snake Plant","floor":22.0,"turns":3.0},{"damage":25.0,"enemies":"Slavers","floor":23.0,"turns":4.0},{"damage":0.0,"enemies":"Centurion and Healer","floor":24.0,"turns":5.0},{"damage":84,"enemies":"Gremlin Leader","floor":25,"turns":5}],"seed_played":"-6012562456282987412","potions_obtained":[{"floor":5.0,"key":"Weak Potion"},{"floor":8.0,"key":"BloodPotion"},{"floor":11.0,"key":"Swift Potion"},{"floor":23.0,"key":"Regen Potion"},{"floor":24.0,"key":"FairyPotion"}],"is_trial":false,"path_per_floor":["M","$","?","?","M","E","R","?","T","?","M","R","M","E","R","B",null,"M","?","$","M","M","E","M","E"],"character_chosen":"IRONCLAD","items_purchased":["Flex","Burning Pact","Boot"],"campfire_rested":0,"item_purchase_floors":[2,20,20],"current_hp_per_floor":[78,78,78,83,85,85,85,70,70,53,59,59,64,57,57,21,69,69,69,69,56,42,23,43,0,0],"gold":39,"neow_bonus":"THREE_ENEMY_KILL","is_daily":false,"chose_seed":false,"campfire_upgraded":3,"win_rate":0.0,"timestamp":1608291622,"path_taken":["M","$","?","?","M","E","R","?","T","?","M","R","M","E","R","BOSS","M","?","$","?","M","E","M","E"],"items_purchased_type":["Card","Card","Relic"],"build_version":"2020-12-13","purchased_purges":1,"victory":false,"max_hp_per_floor":[80,80,80,85,85,85,85,85,85,85,85,85,85,85,85,85,85,85,85,85,85,85,85,85,85,85],"relic_stats":{"counters":[14,51],"Bronze Scales":[27],"Pen Nib":[8],"Ectoplasm":88,"War Paint":["Defend_R","Defend_R"],"Smiling Mask":25,"Boot":[19],"obtain_stats":[{"NeowsBlessing":0,"Bronze Scales":23,"Pen Nib":9,"Ectoplasm":17,"War Paint":6,"Odd Mushroom":8,"Smiling Mask":14,"Boot":20,"Burning Blood":0},{"NeowsBlessing":0,"Bronze Scales":12,"Pen Nib":4,"Ectoplasm":8,"War Paint":3,"Odd Mushroom":4,"Smiling Mask":7,"Boot":9,"Burning Blood":0},{"NeowsBlessing":0,"Bronze Scales":41,"Pen Nib":7,"Ectoplasm":26,"War Paint":3,"Odd Mushroom":7,"Smiling Mask":14,"Boot":29,"Burning Blood":0}],"Burning Blood":68},"card_choices":[{"not_picked":["Twin Strike","Wild Strike"],"picked":"Sever Soul","floor":1.0},{"not_picked":["Second Wind","Anger"],"picked":"Sword Boomerang","floor":5.0},{"not_picked":["Pommel Strike","Sword Boomerang"],"picked":"True Grit","floor":6.0},{"not_picked":["Clash","Thunderclap"],"picked":"Flex","floor":8.0},{"not_picked":["Searing Blow","Armaments"],"picked":"Fiend Fire","floor":11.0},{"not_picked":["Wild Strike","Flex"],"picked":"Iron Wave","floor":13.0},{"not_picked":["Cleave","Armaments"],"picked":"Double Tap","floor":14.0},{"not_picked":["Fiend Fire","Juggernaut"],"picked":"Bludgeon","floor":16.0},{"not_picked":["Sword Boomerang+1","Cleave"],"picked":"Metallicize","floor":18.0},{"not_picked":["Cleave","Anger"],"picked":"Havoc+1","floor":21.0},{"not_picked":["Dual Wield","Pommel Strike"],"picked":"Dropkick+1","floor":22.0},{"not_picked":["Warcry+1","Thunderclap"],"picked":"Seeing Red","floor":23.0},{"not_picked":["Bloodletting","Whirlwind"],"picked":"Armaments","floor":24.0}],"player_experience":499954,"relics_obtained":[{"floor":6.0,"key":"War Paint"},{"floor":8.0,"key":"Odd Mushroom"},{"floor":9.0,"key":"Pen Nib"},{"floor":14.0,"key":"Smiling Mask"},{"floor":23.0,"key":"Bronze Scales"}],"event_choices":[{"damage_healed":0.0,"max_hp_gain":0.0,"max_hp_loss":0.0,"gold_gain":0.0,"event_name":"Living Wall","player_choice":"Grow","floor":3.0,"gold_loss":0.0,"damage_taken":0.0,"cards_upgraded":["Flex"]},{"damage_healed":0.0,"max_hp_gain":5.0,"max_hp_loss":0.0,"gold_gain":0.0,"event_name":"Big Fish","player_choice":"Donut","floor":4.0,"gold_loss":0.0,"damage_taken":0.0},{"damage_healed":0.0,"max_hp_gain":0.0,"max_hp_loss":0.0,"gold_gain":0.0,"event_name":"Mushrooms","player_choice":"Fought Mushrooms","floor":8.0,"gold_loss":0.0,"damage_taken":0.0},{"damage_healed":70.0,"max_hp_gain":0.0,"max_hp_loss":85.0,"gold_gain":0.0,"event_name":"betterThird:BetterShining","player_choice":"Upgrade","floor":10.0,"gold_loss":0.0,"damage_taken":17.0,"cards_upgraded":["Defend_R","Strike_R"]},{"damage_healed":0.0,"max_hp_gain":0.0,"max_hp_loss":0.0,"gold_gain":0.0,"event_name":"The Woman in Blue","player_choice":"Bought 0 Potions","floor":19.0,"gold_loss":0.0,"damage_taken":0.0}],"is_beta":false,"boss_relics":[{"not_picked":["Empty Cage","Coffee Dripper"],"picked":"Ectoplasm"}],"items_purged_floors":[20],"is_endless":false,"potions_floor_spawned":[5,8,11,23,24],"killed_by":"Gremlin Leader","ascension_level":10}}