{"host":"poshtwjux72eqzmy","time":1608298830,"event":{"mods":["BaseMod","Bestiary","Block Reminder","Colored Powertips","Highlight Path","Minty Spire (QoL Compilation)","Quick Restart","Relic Stats","ojb\u0027s Info Mod"],"gold_per_floor":[118,118,128,278,278,304,304,330,330,341,368,386,386,403,403,403,403],"floor_reached":16,"playtime":808,"items_purged":[],"score":240,"play_id":"00fca927-35cc-4d95-83ab-a3da18153ace","local_time":"20201218154030","is_ascension_mode":true,"campfire_choices":[{"data":"Eruption","floor":7.0,"key":"SMITH"},{"floor":13.0,"key":"REST"},{"data":"Wallop","floor":15,"key":"SMITH"}],"circlet_count":0,"master_deck":["AscendersBane","Strike_P","Strike_P","Strike_P","Strike_P","Defend_P","Defend_P","Eruption+1","Vigilance","CutThroughFate","FollowUp","Doubt","Wallop+1","DevaForm","TalkToTheHand","DeceiveReality","WaveOfTheHand","BowlingBash","Meditate"],"relics":["PureWater","Calipers","Turnip","Singing Bowl","Mercury Hourglass","Blood Vial"],"acts_visited":["Exordium"],"potions_floor_usage":[],"damage_taken":[{"damage":0.0,"enemies":"Small Slimes","floor":1.0,"turns":2.0},{"damage":0.0,"enemies":"Cultist","floor":3.0,"turns":2.0},{"damage":31.0,"enemies":"Lagavulin","floor":6.0,"turns":5.0},{"damage":4.0,"enemies":"3 Sentries","floor":8.0,"turns":6.0},{"damage":0.0,"enemies":"2 Louse","floor":10.0,"turns":1.0},{"damage":1.0,"enemies":"Lagavulin","floor":11.0,"turns":6.0},{"damage":1.0,"enemies":"Looter","floor":12.0,"turns":3.0},{"damage":8,"enemies":"Lots of Slimes","floor":14,"turns":3},{"damage":26,"enemies":"The Guardian","floor":16,"turns":10}],"seed_played":"-8723197329588195781","potions_obtained":[{"floor":3.0,"key":"Energy Potion"},{"floor":10.0,"key":"Fruit Juice"},{"floor":11.0,"key":"LiquidBronze"}],"is_trial":false,"path_per_floor":["M","?","M","?","?","E","R","E","T","M","E","M","R","M","R","B"],"character_chosen":"WATCHER","items_purchased":[],"campfire_rested":1,"item_purchase_floors":[],"current_hp_per_floor":[43,43,43,43,43,12,12,8,8,8,7,8,28,22,22,0,0],"gold":403,"neow_bonus":"ONE_RARE_RELIC","is_daily":false,"chose_seed":false,"campfire_upgraded":2,"win_rate":0.0,"timestamp":1608298830,"path_taken":["M","?","?","?","?","E","R","E","T","M","E","M","R","M","R","BOSS"],"items_purchased_type":[],"build_version":"2020-12-13","purchased_purges":0,"victory":false,"max_hp_per_floor":[68,68,68,68,68,68,68,68,68,68,68,68,68,68,68,68,68],"relic_stats":{"Blood Vial":6,"Singing Bowl":0,"counters":[9,38],"Turnip":[0],"obtain_stats":[{"Blood Vial":11,"Calipers":0,"Singing Bowl":8,"Turnip":6,"PureWater":0,"Mercury Hourglass":9},{"Blood Vial":6,"Calipers":0,"Singing Bowl":4,"Turnip":3,"PureWater":0,"Mercury Hourglass":4},{"Blood Vial":22,"Calipers":0,"Singing Bowl":15,"Turnip":9,"PureWater":0,"Mercury Hourglass":15}],"Mercury Hourglass":[87]},"card_choices":[{"not_picked":["ThirdEye","Meditate"],"picked":"CutThroughFate","floor":1.0},{"not_picked":["PathToVictory","Crescendo"],"picked":"FollowUp","floor":3.0},{"not_picked":["Protect","EmptyFist"],"picked":"DevaForm","floor":6.0},{"not_picked":["Pray","Halt"],"picked":"TalkToTheHand","floor":8.0},{"not_picked":["Crescendo","ReachHeaven"],"picked":"DeceiveReality","floor":10.0},{"not_picked":["WheelKick","PathToVictory"],"picked":"WaveOfTheHand","floor":11.0},{"not_picked":["Crescendo","Evaluate"],"picked":"BowlingBash","floor":12.0},{"not_picked":["FollowUp","BowlingBash"],"picked":"Meditate","floor":14}],"player_experience":960702,"relics_obtained":[{"floor":6.0,"key":"Turnip"},{"floor":8.0,"key":"Singing Bowl"},{"floor":9.0,"key":"Mercury Hourglass"},{"floor":11.0,"key":"Blood Vial"}],"event_choices":[{"cards_removed":["Defend_P"],"damage_healed":0.0,"max_hp_gain":0.0,"max_hp_loss":0.0,"gold_gain":0.0,"event_name":"Purifier","player_choice":"Purged","floor":2.0,"gold_loss":0.0,"damage_taken":0.0},{"damage_healed":0.0,"max_hp_gain":0.0,"max_hp_loss":0.0,"gold_gain":150.0,"event_name":"Liars Game","player_choice":"AGREE","floor":4.0,"gold_loss":0.0,"damage_taken":0.0,"cards_obtained":["Doubt"]},{"damage_healed":0.0,"max_hp_gain":0.0,"max_hp_loss":0.0,"gold_gain":0.0,"cards_transformed":["Defend_P"],"event_name":"Transmorgrifier","player_choice":"Transformed","floor":5.0,"gold_loss":0.0,"damage_taken":0.0,"cards_obtained":["Wallop"]}],"is_beta":false,"boss_relics":[],"items_purged_floors":[],"is_endless":false,"potions_floor_spawned":[3,10,11],"killed_by":"The Guardian","ascension_level":20}}