{"host":"egyxg9lnjq7g2hmw","time":1608278338,"event":{"mods":["AchievementEnabler","BaseMod","Block Reminder","Colored Map","Colored Powertips","Highlight Path","Minty Spire (QoL Compilation)","Rare Cards Sparkle","StSLib"],"gold_per_floor":[113,113,126,126,141,141,171,171,171,171,191,208,238,251,251,329,329,339,339,339,358,378,378,397,424,424,436,448,460,500,512,524,536,536],"floor_reached":33,"playtime":2102,"items_purged":[],"score":575,"play_id":"038692b7-2411-4e0a-8111-5515f963ff15","local_time":"20201217235858","is_ascension_mode":true,"campfire_choices":[{"data":"Neutralize","floor":6.0,"key":"SMITH"},{"data":"Prepared","floor":8.0,"key":"SMITH"},{"data":"Envenom","floor":10.0,"key":"SMITH"},{"floor":15.0,"key":"REST"},{"data":"Footwork","floor":23.0,"key":"SMITH"},{"data":"Bullet Time","floor":27,"key":"SMITH"},{"floor":29,"key":"REST"},{"floor":32,"key":"REST"}],"circlet_count":0,"master_deck":["AscendersBane","Strike_G+1","Strike_G+1","Strike_G+1","Strike_G+1","Strike_G+1","Defend_G+1","Defend_G+1","Defend_G+1","Defend_G+1","Defend_G+1","Survivor","Neutralize+1","Underhanded Strike","Prepared+1","Slice","Envenom+1","PiercingWail","Dash","Footwork+1","Bullet Time+1","Cloak And Dagger+1","Accuracy","Tactician+1","Escape Plan"],"relics":["Ring of the Serpent","GremlinMask","Gremlin Horn","Orichalcum","Anchor","Regal Pillow","MawBank","Sundial","WingedGreaves"],"acts_visited":["Exordium","TheCity"],"potions_floor_usage":[25,33,33],"damage_taken":[{"damage":0.0,"enemies":"Small Slimes","floor":1.0,"turns":5.0},{"damage":0.0,"enemies":"Cultist","floor":3.0,"turns":4.0},{"damage":0.0,"enemies":"Jaw Worm","floor":5.0,"turns":4.0},{"damage":34.0,"enemies":"3 Sentries","floor":7.0,"turns":13.0},{"damage":6.0,"enemies":"Exordium Wildlife","floor":11.0,"turns":6.0},{"damage":0.0,"enemies":"Blue Slaver","floor":12.0,"turns":3.0},{"damage":17.0,"enemies":"Lagavulin","floor":13.0,"turns":7.0},{"damage":2.0,"enemies":"2 Fungi Beasts","floor":14.0,"turns":4.0},{"damage":23.0,"enemies":"Hexaghost","floor":16.0,"turns":12.0},{"damage":3.0,"enemies":"Shell Parasite","floor":18.0,"turns":6.0},{"damage":0.0,"enemies":"3 Byrds","floor":21.0,"turns":7.0},{"damage":0.0,"enemies":"Centurion and Healer","floor":22.0,"turns":8.0},{"damage":11.0,"enemies":"Snake Plant","floor":24.0,"turns":7.0},{"damage":16,"enemies":"Slavers","floor":25,"turns":10},{"damage":58,"enemies":"Book of Stabbing","floor":30,"turns":8},{"damage":82,"enemies":"Champ","floor":33,"turns":18}],"seed_played":"8417816355779292585","potions_obtained":[{"floor":1.0,"key":"DistilledChaos"},{"floor":7.0,"key":"Regen Potion"},{"floor":13.0,"key":"CunningPotion"},{"floor":16.0,"key":"SpeedPotion"},{"floor":18.0,"key":"Fire Potion"},{"floor":22.0,"key":"Swift Potion"},{"floor":24.0,"key":"BlessingOfTheForge"},{"floor":30,"key":"Regen Potion"}],"is_trial":false,"path_per_floor":["M","?","M","?","M","R","E","R","T","R","M","M","E","M","R","B",null,"M","?","?","M","M","R","M","E","T","R","T","R","E","?","R","B"],"character_chosen":"THE_SILENT","items_purchased":[],"campfire_rested":3,"item_purchase_floors":[],"current_hp_per_floor":[65,65,65,65,65,65,31,31,31,31,25,25,8,6,27,19,59,56,56,56,56,56,56,45,29,29,29,29,65,7,7,43,0,0],"gold":536,"neow_bonus":"TEN_PERCENT_HP_BONUS","is_daily":false,"chose_seed":false,"campfire_upgraded":5,"win_rate":0.0,"timestamp":1608278338,"path_taken":["M","?","M","?","M","R","E","R","T","R","M","?","E","M","R","BOSS","M","?","?","?","M","R","M","E","T","R","?","R","E","?","R","BOSS"],"items_purchased_type":[],"build_version":"2020-12-13","purchased_purges":0,"victory":false,"max_hp_per_floor":[72,72,72,72,72,72,72,72,72,72,72,72,72,72,72,72,72,72,72,72,72,72,72,72,72,72,72,72,72,72,72,72,72,72],"card_choices":[{"not_picked":["Finisher","Riddle With Holes"],"picked":"Underhanded Strike","floor":1.0},{"not_picked":["Poisoned Stab","Deflect"],"picked":"Prepared","floor":3.0},{"not_picked":["Prepared","Poisoned Stab"],"picked":"Slice","floor":5.0},{"not_picked":["Heel Hook","Calculated Gamble"],"picked":"Envenom","floor":7.0},{"not_picked":["Escape Plan","Eviscerate"],"picked":"PiercingWail","floor":11.0},{"not_picked":["Reflex","Acrobatics"],"picked":"Dash","floor":12.0},{"not_picked":["Quick Slash","Distraction","Cloak And Dagger"],"picked":"SKIP","floor":13.0},{"not_picked":["PiercingWail","Concentrate"],"picked":"Footwork","floor":14.0},{"not_picked":["Envenom","Burst"],"picked":"Bullet Time","floor":16.0},{"not_picked":["Blade Dance","Heel Hook"],"picked":"Cloak And Dagger+1","floor":18.0},{"not_picked":["Dagger Throw","Cloak And Dagger+1"],"picked":"Accuracy","floor":21.0},{"not_picked":["Dagger Throw","Backflip"],"picked":"Tactician+1","floor":22.0},{"not_picked":["Sucker Punch","Doppelganger","Slice+1"],"picked":"SKIP","floor":24.0},{"not_picked":["Well Laid Plans","Predator"],"picked":"Escape Plan","floor":25},{"not_picked":["Slice","Skewer","Dodge and Roll"],"picked":"SKIP","floor":30}],"player_experience":513842,"relics_obtained":[{"floor":7.0,"key":"Gremlin Horn"},{"floor":9.0,"key":"Orichalcum"},{"floor":13.0,"key":"Anchor"},{"floor":25,"key":"Regal Pillow"},{"floor":26,"key":"MawBank"},{"floor":28,"key":"Sundial"},{"floor":30,"key":"WingedGreaves"}],"event_choices":[{"damage_healed":0.0,"max_hp_gain":0.0,"max_hp_loss":0.0,"gold_gain":0.0,"event_name":"Liars Game","player_choice":"Ignored","floor":2.0,"gold_loss":0.0,"damage_taken":0.0},{"damage_healed":0.0,"max_hp_gain":0.0,"max_hp_loss":0.0,"gold_gain":0.0,"event_name":"FaceTrader","player_choice":"Trade","floor":4.0,"gold_loss":0.0,"damage_taken":0.0,"relics_obtained":["GremlinMask"]},{"damage_healed":0.0,"max_hp_gain":0.0,"max_hp_loss":0.0,"gold_gain":0.0,"event_name":"Back to Basics","player_choice":"Simplicity","floor":19.0,"gold_loss":0.0,"damage_taken":0.0,"cards_upgraded":["Strike_G","Strike_G","Strike_G","Strike_G","Strike_G","Defend_G","Defend_G","Defend_G","Defend_G","Defend_G"]},{"damage_healed":0.0,"max_hp_gain":0.0,"max_hp_loss":0.0,"gold_gain":0.0,"event_name":"Vampires","player_choice":"Ignored","floor":20.0,"gold_loss":0.0,"damage_taken":0.0},{"damage_healed":0,"gold_gain":0,"player_choice":"Ignored","damage_taken":0,"max_hp_gain":0,"max_hp_loss":0,"event_name":"Cursed Tome","floor":31,"gold_loss":0}],"is_beta":false,"boss_relics":[{"not_picked":["Fusion Hammer","Ectoplasm"],"picked":"Ring of the Serpent"}],"items_purged_floors":[],"is_endless":false,"potions_floor_spawned":[1,7,13,16,18,22,24,30],"killed_by":"Champ","ascension_level":19}}