{"host":"3jpwrwmmgyabjceh","time":1608296426,"event":{"mods":["AchievementEnabler","BaseMod","Colored Map","Colored Powertips","Highlight Path","Minty Spire (QoL Compilation)","StSLib"],"gold_per_floor":[113,113,125,125,142,142,176,189,216,236,236,236,250,265,265,363,363,379,379,379,185,203,231,247,247,247],"floor_reached":25,"playtime":896,"items_purged":["Strike_R"],"score":259,"play_id":"856d050f-e659-43ad-b5f3-3be921846774","local_time":"20201218160026","is_ascension_mode":true,"campfire_choices":[{"data":"Wild Strike","floor":6,"key":"SMITH"},{"floor":11,"key":"REST"},{"data":"Clothesline","floor":15,"key":"SMITH"}],"circlet_count":0,"master_deck":["Strike_R","Strike_R","Strike_R","Defend_R","Defend_R","Defend_R","Defend_R","Bash","Wild Strike+1","Pommel Strike","Regret","Feel No Pain","Cleave","Power Through","Clothesline+1","Pommel Strike","Sentinel","Fiend Fire","Rage+1","RitualDagger","True Grit","Inflame","Pommel Strike","Warcry","Feel No Pain"],"relics":["Burning Blood","CultistMask","Happy Flower","Oddly Smooth Stone","Regal Pillow","Akabeko","Black Star","Anchor","Nunchaku","Kunai"],"acts_visited":["Exordium","TheCity"],"potions_floor_usage":[7,16,18,22,23],"damage_taken":[{"damage":8,"enemies":"2 Louse","floor":1,"turns":4},{"damage":1,"enemies":"Cultist","floor":3,"turns":3},{"damage":7,"enemies":"Jaw Worm","floor":5,"turns":2},{"damage":21,"enemies":"3 Sentries","floor":7,"turns":9},{"damage":18,"enemies":"2 Fungi Beasts","floor":8,"turns":4},{"damage":19,"enemies":"Exordium Thugs","floor":10,"turns":5},{"damage":3,"enemies":"Blue Slaver","floor":13,"turns":2},{"damage":3,"enemies":"Exordium Wildlife","floor":14,"turns":3},{"damage":62,"enemies":"The Guardian","floor":16,"turns":14},{"damage":5,"enemies":"Spheric Guardian","floor":18,"turns":3},{"damage":11,"enemies":"3 Byrds","floor":22,"turns":5},{"damage":60,"enemies":"Gremlin Leader","floor":23,"turns":10},{"damage":9,"enemies":"Sentry and Sphere","floor":24,"turns":6},{"damage":12,"enemies":"Slavers","floor":25,"turns":1}],"seed_played":"-444204076917431968","potions_obtained":[{"floor":1,"key":"Block Potion"},{"floor":5,"key":"Weak Potion"},{"floor":7,"key":"Explosive Potion"},{"floor":14,"key":"DistilledChaos"},{"floor":16,"key":"DistilledChaos"}],"is_trial":false,"path_per_floor":["M","?","M","?","M","R","E","M","T","M","R","?","M","M","R","B",null,"M","?","?","$","M","E","M","E"],"character_chosen":"IRONCLAD","items_purchased":["True Grit","Inflame"],"campfire_rested":1,"item_purchase_floors":[21,21],"current_hp_per_floor":[78,78,80,80,79,79,64,52,52,39,78,71,74,77,77,21,80,80,74,74,74,69,15,12,0,0],"gold":247,"neow_bonus":"REMOVE_CARD","is_daily":false,"chose_seed":false,"campfire_upgraded":2,"win_rate":0.0,"timestamp":1608296426,"path_taken":["M","?","?","?","M","R","E","M","T","M","R","?","M","M","R","BOSS","M","?","?","$","M","E","M","E"],"items_purchased_type":["Card","Card"],"build_version":"2020-12-13","purchased_purges":1,"victory":false,"max_hp_per_floor":[80,80,80,80,80,80,80,80,80,80,80,80,80,80,80,80,80,80,80,80,80,80,80,80,80,80],"card_choices":[{"not_picked":["Evolve","Perfected Strike"],"picked":"Wild Strike","floor":1},{"not_picked":["Pummel","Dark Embrace"],"picked":"Pommel Strike","floor":3},{"not_picked":["Rage","Dual Wield"],"picked":"Feel No Pain","floor":5},{"not_picked":["Clash","Perfected Strike"],"picked":"Cleave","floor":7},{"not_picked":["True Grit","Heavy Blade"],"picked":"Power Through","floor":8},{"not_picked":["Thunderclap","Warcry"],"picked":"Clothesline","floor":10},{"not_picked":["Carnage","Searing Blow"],"picked":"Pommel Strike","floor":13},{"not_picked":["Sword Boomerang","Heavy Blade"],"picked":"Sentinel","floor":14},{"not_picked":["Feed","Bludgeon"],"picked":"Fiend Fire","floor":16},{"not_picked":["Warcry","Ghostly Armor"],"picked":"Rage+1","floor":18},{"not_picked":["Rage","Sword Boomerang+1"],"picked":"Pommel Strike","floor":22},{"not_picked":["Clothesline","Shockwave"],"picked":"Warcry","floor":23},{"not_picked":["Pommel Strike","Body Slam+1"],"picked":"Feel No Pain","floor":24}],"player_experience":216307,"relics_obtained":[{"floor":7,"key":"Oddly Smooth Stone"},{"floor":9,"key":"Regal Pillow"},{"floor":23,"key":"Nunchaku"},{"floor":23,"key":"Kunai"}],"event_choices":[{"damage_healed":0,"gold_gain":0,"player_choice":"Trade","damage_taken":0,"relics_obtained":["CultistMask"],"max_hp_gain":0,"max_hp_loss":0,"event_name":"FaceTrader","floor":2,"gold_loss":0},{"damage_healed":0,"gold_gain":0,"player_choice":"Box","damage_taken":0,"relics_obtained":["Happy Flower"],"max_hp_gain":0,"max_hp_loss":0,"event_name":"Big Fish","floor":4,"gold_loss":0,"cards_obtained":["Regret"]},{"damage_healed":0,"gold_gain":0,"player_choice":"Success","damage_taken":7,"relics_obtained":["Akabeko"],"max_hp_gain":0,"max_hp_loss":0,"event_name":"Scrap Ooze","floor":12,"gold_loss":0},{"damage_healed":0,"gold_gain":0,"player_choice":"Joined the Cult","damage_taken":6,"max_hp_gain":0,"max_hp_loss":0,"event_name":"Nest","floor":19,"gold_loss":0,"cards_obtained":["RitualDagger"]},{"damage_healed":0,"gold_gain":0,"player_choice":"Opened","damage_taken":0,"relics_obtained":["Anchor"],"max_hp_gain":0,"max_hp_loss":0,"event_name":"The Mausoleum","floor":20,"gold_loss":0}],"is_beta":false,"boss_relics":[{"not_picked":["SlaversCollar","Runic Pyramid"],"picked":"Black Star"}],"items_purged_floors":[21],"is_endless":false,"potions_floor_spawned":[1,5,7,14,16],"killed_by":"Slavers","ascension_level":3}}