{"host":"Crutt","time":1608250310,"event":{"mods":["2.2 Compatiblity","Aspiration","Bard","BaseMod","Better Altar","Better Skull","Better Third Choice","Googly Eyes","Hermit","Jedi Mod","Jorbs\u0027s Wanderer Trilogy","Minty Spire (QoL Compilation)","Optimize The Spire","Potionbrewer","Spicy Shops","StSLib","The Construct","The Cursed","The Disciple","The Runesmith","The Showman","The Witch","thorton","vexMod"],"gold_per_floor":[109,109,119,119,194,194,226,59,59,33,33,44,44,62,62,135,135,151,167,167,185,185,185,201,230,307,307,320,320,320,337,337,416,416,436,450,17,27,0,0,12,27,53,53,80,80,80,94,94,94],"floor_reached":51,"playtime":4257,"items_purged":[],"score":1433,"play_id":"7506a872-5213-4d50-946e-2df92d1ff6ce","local_time":"20201217181150","is_ascension_mode":true,"campfire_choices":[{"data":"TheCursedMod:CleanUpWorkshop","floor":6.0,"key":"SMITH"},{"floor":11.0,"key":"REST"},{"data":"TheCursedMod:CircleOfFocus","floor":13.0,"key":"SMITH"},{"data":"TheCursedMod:FleshFromBone","floor":15.0,"key":"SMITH"},{"data":"TheCursedMod:CollectTribute","floor":23.0,"key":"SMITH"},{"floor":29.0,"key":"REST"},{"floor":32.0,"key":"REST"},{"data":"TheCursedMod:LuckyCharm","floor":40,"key":"SMITH"},{"floor":44,"key":"REST"},{"data":"TheCursedMod:OutForBlood","floor":46,"key":"SMITH"},{"data":"TheCursedMod:DarkBarrier","floor":49,"key":"SMITH"}],"circlet_count":0,"master_deck":["AscendersBane","TheCursedMod:Defend_TheCursed","TheCursedMod:Defend_TheCursed","TheCursedMod:CursedWand+1","TheCursedMod:CleanUpWorkshop+1","TheCursedMod:Dregs","TheCursedMod:CursedShiv+1","Blade Dance","Backstab","TheCursedMod:RapidMovement","TheCursedMod:CircleOfFocus+1","TheCursedMod:FleshFromBone+1","TheCursedMod:CursedMace","TheCursedMod:CollectTribute+1","TheCursedMod:SmokeScreen","TheCursedMod:LuckyCharm+1","TheCursedMod:DarkBarrier+1","TheCursedMod:Hemoplague","TheCursedMod:VitalStrike","TheCursedMod:Obscuration","TheCursedMod:RapidMovement","TheCursedMod:OutForBlood+1"],"relics":["TheCursedMod:BlackMagic101","Regal Pillow","Oddly Smooth Stone","HornCleat","vexMod:BigBerry","Art of War","Gremlin Horn","aspiration:HiddenCompartment","aspiration:MobileForge","vexMod:Spyglass","jedi:bottledfury","Red Mask","potionbrewer:Torch","Pantograph"],"acts_visited":["Exordium","TheCity","TheBeyond"],"potions_floor_usage":[41,42,48],"damage_taken":[{"damage":1.0,"enemies":"2 Louse","floor":1.0,"turns":4.0},{"damage":0.0,"enemies":"Small Slimes","floor":3.0,"turns":3.0},{"damage":24.0,"enemies":"Lagavulin","floor":7.0,"turns":6.0},{"damage":0.0,"enemies":"Jaw Worm","floor":12.0,"turns":2.0},{"damage":0.0,"enemies":"Large Slime","floor":14.0,"turns":6.0},{"damage":24.0,"enemies":"The Guardian","floor":16.0,"turns":13.0},{"damage":8.0,"enemies":"2 Thieves","floor":18.0,"turns":4.0},{"damage":9.0,"enemies":"Shell Parasite","floor":19.0,"turns":3.0},{"damage":15.0,"enemies":"Shelled Parasite and Fungi","floor":21.0,"turns":8.0},{"damage":1.0,"enemies":"Snake Plant","floor":24.0,"turns":5.0},{"damage":16.0,"enemies":"Gremlin Leader","floor":25.0,"turns":9.0},{"damage":11.0,"enemies":"3 Cultists","floor":28.0,"turns":7.0},{"damage":55.0,"enemies":"Cultist and Chosen","floor":31.0,"turns":9.0},{"damage":3.0,"enemies":"Automaton","floor":33.0,"turns":17.0},{"damage":3.0,"enemies":"3 Darklings","floor":35.0,"turns":8.0},{"damage":1.0,"enemies":"3 Shapes","floor":36.0,"turns":13.0},{"damage":4,"enemies":"3 Darklings","floor":38,"turns":7},{"damage":0,"enemies":"Maw","floor":41,"turns":8},{"damage":29,"enemies":"Writhing Mass","floor":42,"turns":5},{"damage":1,"enemies":"Nemesis","floor":45,"turns":10},{"damage":0,"enemies":"3 Darklings","floor":48,"turns":6},{"damage":0,"enemies":"Awakened One","floor":50,"turns":19}],"seed_played":"3927083620586696954","potions_obtained":[{"floor":3.0,"key":"Ancient Potion"},{"floor":7.0,"key":"jedi:tentaclejuice"},{"floor":16.0,"key":"PowerPotion"},{"floor":18.0,"key":"jedi:wingpotion"},{"floor":19.0,"key":"DuplicationPotion"},{"floor":31.0,"key":"potionbrewer:AcidPotion"},{"floor":33.0,"key":"potionbrewer:DiscountPotion"},{"floor":35.0,"key":"Swift Potion"},{"floor":36.0,"key":"SkillPotion"},{"floor":42,"key":"Explosive Potion"}],"is_trial":false,"path_per_floor":["M","?","M","?","?","R","E","$","T","$","R","M","R","M","R","B",null,"M","M","?","M","?","R","M","E","T","?","M","R","?","M","R","B",null,"M","M","$","M","?","R","M","M","T","R","E","R","?","M","R","B",null],"character_chosen":"THE_CURSED","items_purchased":["Oddly Smooth Stone","TheCursedMod:FleshFromBone","vexMod:Spyglass","jedi:bottledfury"],"campfire_rested":4,"item_purchase_floors":[8,10,37,37],"current_hp_per_floor":[63,63,63,44,33,33,9,9,9,9,43,43,43,43,43,19,83,75,66,66,51,51,51,50,34,34,34,23,66,66,11,54,51,83,80,79,79,75,75,75,75,46,46,89,88,88,88,88,88,94],"gold":94,"neow_bonus":"REMOVE_TWO","is_daily":false,"chose_seed":false,"campfire_upgraded":7,"win_rate":0.0,"timestamp":1608250310,"path_taken":["M","?","M","?","?","R","E","?","T","$","R","?","R","M","R","BOSS","M","M","?","M","?","R","M","E","T","?","?","R","?","M","R","BOSS","M","M","?","?","?","R","M","M","T","R","E","R","?","M","R","BOSS"],"items_purchased_type":["Relic","Card","Relic","Relic"],"build_version":"2020-12-07","purchased_purges":0,"victory":true,"max_hp_per_floor":[64,64,64,64,64,64,64,64,64,64,64,64,64,64,64,64,94,94,94,94,94,94,94,94,94,94,94,94,94,94,94,94,94,94,94,94,94,94,94,94,94,94,94,94,94,94,94,94,94,94],"card_choices":[{"not_picked":["TheCursedMod:VitalStrike","TheCursedMod:CursedAmulet"],"picked":"TheCursedMod:CursedShiv","floor":1.0},{"not_picked":["TheCursedMod:Torture","TheCursedMod:CursedBoomerang"],"picked":"TheCursedMod:RapidMovement","floor":3.0},{"not_picked":["TheCursedMod:AbyssShockwave","TheCursedMod:TroublousMinions"],"picked":"TheCursedMod:CircleOfFocus","floor":7.0},{"not_picked":["TheCursedMod:FleshFromBone","TheCursedMod:TroublousMinions","TheCursedMod:CursedShiv"],"picked":"SKIP","floor":12.0},{"not_picked":["TheCursedMod:CircleOfBlood","TheCursedMod:RavingStaff"],"picked":"TheCursedMod:CursedMace","floor":14.0},{"not_picked":["TheCursedMod:ShockAndAwe","TheCursedMod:Neurasthenia"],"picked":"TheCursedMod:CollectTribute","floor":16.0},{"not_picked":["TheCursedMod:Stretching+1","TheCursedMod:CircleOfAmplification","TheCursedMod:CursedSpellbook"],"picked":"SKIP","floor":18.0},{"not_picked":["TheCursedMod:CursedMace","TheCursedMod:CursedShiv"],"picked":"TheCursedMod:SmokeScreen","floor":19.0},{"not_picked":["TheCursedMod:CursedAmulet","TheCursedMod:RavingStaff","TheCursedMod:CursedShiv"],"picked":"SKIP","floor":21.0},{"not_picked":["TheCursedMod:CursedAmulet","TheCursedMod:CircleOfFocus+1"],"picked":"TheCursedMod:VitalStrike","floor":24.0},{"not_picked":["TheCursedMod:TroublousMinions","TheCursedMod:CircleOfCorruption"],"picked":"TheCursedMod:Obscuration","floor":25.0},{"not_picked":["TheCursedMod:SpreadPlague","TheCursedMod:WearCloak"],"picked":"TheCursedMod:RapidMovement","floor":28.0},{"not_picked":["TheCursedMod:RapidMovement","TheCursedMod:CircleOfCorruption","TheCursedMod:Obscuration"],"picked":"SKIP","floor":31.0},{"not_picked":["TheCursedMod:StunningStrike","TheCursedMod:ShockAndAwe"],"picked":"TheCursedMod:OutForBlood","floor":33.0},{"not_picked":["TheCursedMod:CircleOfFlame+1","TheCursedMod:TroublousMinions","TheCursedMod:CircleOfAmplification"],"picked":"SKIP","floor":35.0},{"not_picked":["TheCursedMod:Stigma","TheCursedMod:TroublousMinions","TheCursedMod:CursedBlade+1"],"picked":"SKIP","floor":36.0},{"not_picked":["TheCursedMod:SpitefulPray+1","TheCursedMod:SmokeScreen+1","TheCursedMod:VitalStrike"],"picked":"SKIP","floor":38},{"not_picked":["TheCursedMod:CursedSpellbook","TheCursedMod:Stigma+1","TheCursedMod:CursedBlade+1"],"picked":"SKIP","floor":41},{"not_picked":["TheCursedMod:BlessingInDisguise","TheCursedMod:Obscuration","TheCursedMod:CircleOfFlame"],"picked":"SKIP","floor":42},{"not_picked":["TheCursedMod:AbyssShockwave+1","TheCursedMod:Grudge","TheCursedMod:SoulReap+1"],"picked":"SKIP","floor":45},{"not_picked":["TheCursedMod:Mangle","TheCursedMod:Stretching","TheCursedMod:CursedMace"],"picked":"SKIP","floor":48}],"player_experience":3542650,"relics_obtained":[{"floor":7.0,"key":"Regal Pillow"},{"floor":9.0,"key":"HornCleat"},{"floor":25.0,"key":"Art of War"},{"floor":26.0,"key":"Gremlin Horn"},{"floor":27.0,"key":"aspiration:HiddenCompartment"},{"floor":43,"key":"potionbrewer:Torch"},{"floor":45,"key":"Pantograph"}],"event_choices":[{"damage_healed":63.0,"max_hp_gain":0.0,"max_hp_loss":64.0,"gold_gain":0.0,"event_name":"betterThird:BetterShining","player_choice":"Upgrade","floor":4.0,"gold_loss":0.0,"damage_taken":19.0,"cards_upgraded":["TheCursedMod:CursedShiv","TheCursedMod:CursedWand"]},{"damage_healed":0.0,"max_hp_gain":0.0,"max_hp_loss":0.0,"gold_gain":75.0,"event_name":"betterThird:BetterGoop","player_choice":"Gold","floor":5.0,"gold_loss":0.0,"damage_taken":11.0},{"damage_healed":0.0,"max_hp_gain":0.0,"max_hp_loss":0.0,"gold_gain":0.0,"event_name":"The Library","player_choice":"Read","floor":20.0,"gold_loss":0.0,"damage_taken":0.0,"cards_obtained":["TheCursedMod:LuckyCharm"]},{"damage_healed":0.0,"max_hp_gain":0.0,"max_hp_loss":0.0,"gold_gain":0.0,"cards_transformed":["TheCursedMod:Strike_TheCursed","Skewer"],"event_name":"Drug Dealer","player_choice":"Became Test Subject","floor":22.0,"gold_loss":0.0,"damage_taken":0.0,"cards_obtained":["TheCursedMod:DarkBarrier","TheCursedMod:Hemoplague"]},{"damage_healed":0.0,"max_hp_gain":0.0,"max_hp_loss":0.0,"gold_gain":0.0,"event_name":"Fountain of Cleansing","player_choice":"Ignored","floor":30.0,"gold_loss":0.0,"damage_taken":0.0},{"damage_healed":0,"gold_gain":0,"player_choice":"Paid","damage_taken":0,"relics_obtained":["Red Mask"],"max_hp_gain":0,"max_hp_loss":0,"event_name":"Tomb of Lord Red Mask","floor":39,"gold_loss":27},{"damage_healed":0,"gold_gain":0,"player_choice":"Memory 1","damage_taken":0,"max_hp_gain":0,"max_hp_loss":0,"event_name":"SensoryStone","floor":47,"gold_loss":0}],"is_beta":true,"boss_relics":[{"not_picked":["SacredBark","aspiration:RitualDagger"],"picked":"vexMod:BigBerry"},{"not_picked":["SlaversCollar","vexMod:DeviousBotling"],"picked":"aspiration:MobileForge"}],"items_purged_floors":[],"is_endless":false,"potions_floor_spawned":[3,7,16,18,19,31,33,35,36,38,42],"ascension_level":19}}