{"host":"llpusn9usp8rznkj","time":1608319849,"event":{"mods":["2.2 Compatiblity","BaseMod","Colored Map","Colored Powertips","Conspire","Downfall","Hubris","Minty Spire (QoL Compilation)","Rare Cards Sparkle","Replay The Spire","StSLib","The Cursed"],"gold_per_floor":[17,37,37,56,74,148,148,181,181,181,49,49,82,82,82,157,157,136,150,150,150,150],"floor_reached":21,"playtime":1151,"items_purged":[],"score":374,"play_id":"b33d8215-22a4-422a-9f30-389da0821556","local_time":"20201218143049","is_ascension_mode":true,"campfire_choices":[{"data":"Streamline","floor":7,"key":"SMITH"},{"data":"Zap","floor":10,"key":"SMITH"},{"data":"Hologram","floor":12,"key":"SMITH"},{"floor":15,"key":"REST"}],"circlet_count":0,"master_deck":["AscendersBane","Strike_B","Strike_B","Strike_B","Defend_B+1","Defend_B","Defend_B","Defend_B+1","Zap+1","Dualcast","Hologram+1","Streamline+1","FTL","Sweeping Beam","BootSequence","Cold Snap","Electrodynamics+1","Static Discharge","Coolheaded","Coolheaded","Seek+1","Thunder Strike+1"],"relics":["Cracked Core","Prayer Wheel","Replay:Antivirus Software","Golden Egg","War Paint","Black Star","Prayer Wheel","Prayer Wheel","Prayer Wheel"],"acts_visited":["Exordium","TheCity"],"potions_floor_usage":[8,13,18],"damage_taken":[{"damage":2,"enemies":"Cultist","floor":1,"turns":4},{"damage":4,"enemies":"Jaw Worm","floor":2,"turns":3},{"damage":0,"enemies":"conspire:RoseBush","floor":4,"turns":4},{"damage":11,"enemies":"Exordium Wildlife","floor":5,"turns":5},{"damage":17,"enemies":"3 Sentries","floor":8,"turns":6},{"damage":23,"enemies":"Lagavulin","floor":13,"turns":4},{"damage":20,"enemies":"Fading Forest","floor":16,"turns":13},{"damage":22,"enemies":"2 Thieves","floor":18,"turns":4},{"damage":22,"enemies":"Spheric Guardian","floor":19,"turns":4},{"damage":18,"enemies":"3 Cultists","floor":21,"turns":3}],"seed_played":"-875100828282131762","potions_obtained":[{"floor":4,"key":"SteroidPotion"},{"floor":5,"key":"Swift Potion"},{"floor":16,"key":"sneckomod:MuddlingPotion"}],"is_trial":false,"path_per_floor":["M","M","?","M","M","?","R","E","T","R","$","R","E","$","R","B",null,"M","M","?","M"],"character_chosen":"DEFECT","items_purchased":["Electrodynamics+1"],"campfire_rested":1,"item_purchase_floors":[11],"current_hp_per_floor":[62,58,58,58,47,47,47,30,30,30,30,30,7,7,28,16,57,35,13,13,0,0],"gold":150,"neow_bonus":"ONE_RARE_RELIC","is_daily":false,"chose_seed":false,"campfire_upgraded":3,"win_rate":0.0,"timestamp":1608319849,"path_taken":["M","?","?","M","M","?","R","E","T","R","$","R","E","?","R","BOSS","M","M","?","?"],"items_purchased_type":["Card"],"build_version":"2020-12-13","purchased_purges":0,"victory":false,"max_hp_per_floor":[71,71,71,71,71,71,71,71,71,71,71,71,71,71,71,71,71,71,71,71,71,71],"card_choices":[{"not_picked":["Chill","Barrage"],"picked":"Hologram","floor":1},{"not_picked":["Darkness","Beam Cell"],"picked":"Streamline","floor":1},{"not_picked":["ReplayGash","Storm"],"picked":"FTL","floor":2},{"not_picked":["Leap","Redo"],"picked":"Sweeping Beam","floor":2},{"not_picked":["ReplayTheSpireMod:Reroute Power","ReplayTheSpireMod:System Scan","Fusion"],"picked":"SKIP","floor":4},{"not_picked":["Compile Driver","BootSequence","Streamline"],"picked":"SKIP","floor":4},{"not_picked":["Barrage","Redo"],"picked":"BootSequence","floor":5},{"not_picked":["Heatsinks","Melter","ReplayTheSpireMod:GoodbyeWorld"],"picked":"SKIP","floor":5},{"not_picked":["Conserve Battery","Hologram"],"picked":"Cold Snap","floor":8},{"not_picked":["Leap","Barrage","Sweeping Beam"],"picked":"SKIP","floor":13},{"not_picked":["Echo Form","Core Surge"],"picked":"ReplayTheSpireMod:Fabricate Wheel","floor":16},{"not_picked":["Compile Driver","Rebound"],"picked":"Static Discharge","floor":18},{"not_picked":["Chaos","Cold Snap","Beam Cell"],"picked":"SKIP","floor":18},{"not_picked":["Conserve Battery","Skim","Hello World"],"picked":"SKIP","floor":18},{"not_picked":["ReplayTheSpireMod:GoodbyeWorld","Streamline","Undo"],"picked":"SKIP","floor":18},{"not_picked":["Hologram","Compile Driver+1"],"picked":"Coolheaded","floor":19},{"not_picked":["Compile Driver","Aggregate"],"picked":"Coolheaded","floor":19},{"not_picked":["Leap","Coolheaded","ReplayGash"],"picked":"SKIP","floor":19},{"not_picked":["Skim+1","Aggregate","Sunder"],"picked":"SKIP","floor":19}],"player_experience":1078834,"relics_obtained":[{"floor":8,"key":"Replay:Antivirus Software"},{"floor":9,"key":"Golden Egg"},{"floor":13,"key":"War Paint"}],"event_choices":[{"damage_healed":0,"gold_gain":74,"player_choice":"Gained Gold","damage_taken":0,"max_hp_gain":0,"max_hp_loss":0,"event_name":"Golden Wing","floor":6,"gold_loss":0},{"damage_healed":0,"gold_gain":0,"cards_transformed":["Strike_B"],"player_choice":"Transformed","damage_taken":0,"max_hp_gain":0,"max_hp_loss":0,"event_name":"Transmorgrifier","floor":20,"gold_loss":0,"cards_obtained":["Seek"]}],"is_beta":false,"boss_relics":[{"not_picked":["Kintsugi","Empty Cage"],"picked":"Black Star"}],"items_purged_floors":[],"is_endless":false,"potions_floor_spawned":[4,5,16],"killed_by":"3 Cultists","ascension_level":20}}