{"host":"wcdwdpnxbe04tinu","time":1608322863,"event":{"mods":["BaseMod","Downfall","Minty Spire (QoL Compilation)","Relic Sorter","StSLib"],"gold_per_floor":[99,74,174,99,132,132,155,155,181,106,117,130,40,40,59,155,155,155,155,170,170,197,212,212,212,246,246,264,264,280,294,311,407,407,407,420,420,0,0,0,0,0,33,33,33,45,95,108,119,119],"floor_reached":51,"playtime":3225,"items_purged":["champ:BerserkersShout","champ:Execute"],"score":771,"play_id":"67271cee-b11d-4ba8-b290-91678b8b3ff8","local_time":"20201218142103","is_ascension_mode":false,"campfire_choices":[{"floor":1,"key":"RECALL"},{"data":"champ:BladeFlurry","floor":4,"key":"SMITH"},{"data":"champ:BladeFlurry","floor":10,"key":"SMITH"},{"data":"champ:Haymaker","floor":18,"key":"SMITH"},{"data":"champ:Taunt","floor":21,"key":"SMITH"},{"floor":27,"key":"REST"},{"data":"champ:ShieldWall","floor":35,"key":"SMITH"},{"data":"champ:ShieldWall","floor":37,"key":"SMITH"},{"data":"champ:GladiatorsShout","floor":40,"key":"SMITH"},{"data":"champ:FanOfKnives","floor":44,"key":"SMITH"}],"circlet_count":0,"master_deck":["champ:Strike","champ:Strike","champ:Strike","champ:Strike","champ:Defend","champ:Defend","champ:Defend","champ:Taunt+1","champ:BladeFlurry+1","champ:BladeFlurry+1","champ:GladiatorsShout+1","champ:Haymaker+1","champ:ShieldWall+1","champ:BringItOn","champ:MurderStrike","champ:ShieldWall+1","champ:VampiricStrike","champ:Haymaker+1","champ:FanOfKnives+1","champ:RisingSlash","champ:DefensiveShout+1","champ:Riposte"],"relics":["champ:ChampionCrown","downfall:TeleportStone","Dead Branch","downfall:HeartsMalice","downfall:HeartBlessingRed","Pantograph","Orichalcum","Omamori","downfall:HeartBlessingGreen","downfall:ShatteredFragment","Runic Pyramid","Guardian:PocketSentry","Meat on the Bone","Nilry\u0027s Codex","Torii","SlaversCollar","Question Card","Pear"],"acts_visited":["Exordium","TheCity","TheBeyond"],"potions_floor_usage":[16,20,22,22,26,28,28,30,43,49],"damage_taken":[{"damage":0,"enemies":"downfall:FleeingMerchant","floor":2,"turns":1},{"damage":0,"enemies":"3 Sentries","floor":5,"turns":1},{"damage":0,"enemies":"Gremlin Nob","floor":9,"turns":1},{"damage":0,"enemies":"Cultist","floor":11,"turns":3},{"damage":0,"enemies":"Small Slimes","floor":12,"turns":3},{"damage":0,"enemies":"downfall:FleeingMerchant","floor":13,"turns":4},{"damage":6,"enemies":"2 Louse","floor":15,"turns":3},{"damage":93,"enemies":"downfall:Silent","floor":16,"turns":16},{"damage":16,"enemies":"Shell Parasite","floor":20,"turns":4},{"damage":34,"enemies":"Gremlin Leader","floor":22,"turns":6},{"damage":0,"enemies":"Chosen","floor":23,"turns":3},{"damage":21,"enemies":"Book of Stabbing","floor":26,"turns":5},{"damage":15,"enemies":"Snake Plant","floor":28,"turns":4},{"damage":2,"enemies":"Shelled Parasite and Fungi","floor":30,"turns":4},{"damage":0,"enemies":"Cultist and Chosen","floor":31,"turns":5},{"damage":2,"enemies":"Centurion and Healer","floor":32,"turns":8},{"damage":8,"enemies":"downfall:Defect","floor":33,"turns":6},{"damage":11,"enemies":"3 Shapes","floor":36,"turns":7},{"damage":5,"enemies":"downfall:FleeingMerchant","floor":38,"turns":4},{"damage":16,"enemies":"Nemesis","floor":43,"turns":5},{"damage":26,"enemies":"3 Darklings","floor":46,"turns":5},{"damage":45,"enemies":"Mind Bloom Boss Battle","floor":47,"turns":9},{"damage":14,"enemies":"Sphere and 2 Shapes","floor":48,"turns":4},{"damage":51,"enemies":"Spire Growth","floor":49,"turns":5},{"damage":25,"enemies":"downfall:Watcher","floor":50,"turns":9}],"seed_played":"-407042150886106891","potions_obtained":[{"floor":11,"key":"DistilledChaos"},{"floor":15,"key":"Block Potion"},{"floor":16,"key":"champ:CounterPotion"},{"floor":19,"key":"AttackPotion"},{"floor":22,"key":"champ:TechniquePotion"},{"floor":26,"key":"LiquidBronze"},{"floor":28,"key":"EntropicBrew"},{"floor":32,"key":"Fire Potion"},{"floor":46,"key":"CultistPotion"},{"floor":48,"key":"Swift Potion"},{"floor":49,"key":"Weak Potion"}],"is_trial":false,"path_per_floor":["R","$","?","R","E","?","T","?","E","R","M","M","$","?","M","B",null,"R","?","M","R","E","M","T","?","E","R","M","?","M","M","M","B",null,"R","M","R","?","?","R","T","?","E","R","?","M","?","M","M","B",null],"character_chosen":"THE_CHAMP","items_purchased":["champ:BladeFlurry","champ:FanOfKnives","Question Card"],"campfire_rested":1,"item_purchase_floors":[2,38,38],"current_hp_per_floor":[90,90,90,90,90,90,90,90,90,90,90,90,90,63,62,7,90,90,90,74,74,40,40,40,24,15,42,39,39,51,63,73,82,90,90,79,79,90,90,90,90,90,84,84,84,58,65,54,33,50],"gold":119,"neow_bonus":"THREE_ENEMY_KILL","is_daily":false,"chose_seed":false,"campfire_upgraded":8,"win_rate":0.0,"timestamp":1608322863,"path_taken":["R","$","?","R","E","?","T","?","E","R","?","M","$","?","M","BOSS","R","?","M","R","E","?","T","?","E","R","M","?","M","?","M","BOSS","R","M","R","?","?","R","T","?","E","R","?","?","?","M","M","BOSS"],"items_purchased_type":["Card","Card","Relic"],"build_version":"2020-12-13","purchased_purges":2,"victory":true,"max_hp_per_floor":[90,90,90,90,90,90,90,90,90,90,90,90,90,90,90,90,90,90,90,90,90,90,90,90,90,90,90,90,90,90,90,90,90,90,90,90,90,90,90,90,90,90,100,100,100,100,100,100,100,100],"card_choices":[{"not_picked":["champ:PerfectedStrike","champ:HeartStrike"],"picked":"champ:BerserkersShout","floor":2},{"not_picked":["champ:ShieldWall","champ:BerserkersShout"],"picked":"champ:BladeFlurry","floor":5},{"not_picked":["champ:Circumvent","champ:BerserkersShout","champ:SteelEdge"],"picked":"SKIP","floor":9},{"not_picked":["champ:TornadoPunch","champ:BladeFlurry"],"picked":"champ:Haymaker","floor":11},{"not_picked":["champ:PerfectedStrike","champ:Backstep","champ:CalledShot"],"picked":"SKIP","floor":12},{"not_picked":["champ:DancingMaster","champ:TornadoPunch","champ:FocusedBerserking"],"picked":"SKIP","floor":13},{"not_picked":["champ:Haymaker","champ:TornadoPunch","champ:GutPunch"],"picked":"SKIP","floor":15},{"not_picked":["champ:EnGarde","champ:CrookedStrike"],"picked":"champ:ShieldWall","floor":20},{"not_picked":["champ:GladiatorsShout","champ:SkillfulDodge","champ:BladeFlurry"],"picked":"SKIP","floor":22},{"not_picked":["champ:DefensiveShout","champ:FlashCut"],"picked":"champ:BringItOn","floor":23},{"not_picked":["champ:LastStand","champ:PerfectedStrike"],"picked":"champ:MurderStrike","floor":26},{"not_picked":["champ:BladeFlurry","champ:TornadoPunch+1"],"picked":"champ:ShieldWall","floor":28},{"not_picked":["champ:IronFortress","champ:StanceDance","champ:BerserkersShout+1"],"picked":"SKIP","floor":30},{"not_picked":["champ:Lariat","champ:AdrenalArmor","champ:BerserkersShout"],"picked":"SKIP","floor":31},{"not_picked":["champ:Circumvent","champ:TornadoPunch","champ:Haymaker"],"picked":"SKIP","floor":32},{"not_picked":["champ:Shatter","champ:ArenaPreparation","champ:GladiatorStyle"],"picked":"SKIP","floor":36},{"not_picked":["champ:GutPunch","champ:StanceDance"],"picked":"champ:Haymaker+1","floor":38},{"not_picked":["champ:ViciousMockery+1","champ:BerserkersShout","champ:CrookedStrike+1"],"picked":"champ:RisingSlash","floor":43},{"not_picked":["champ:HeartStrike+1","champ:DeathBlow+1","champ:BringItOn"],"picked":"champ:DefensiveShout+1","floor":46},{"not_picked":["champ:FlashCut","champ:BerserkersShout","champ:GutPunch+1"],"picked":"champ:Riposte","floor":48},{"not_picked":["champ:GutPunch+1","champ:FanOfKnives+1","champ:DefensiveShout","champ:BladeFlurry+1"],"picked":"SKIP","floor":49}],"player_experience":509115,"relics_obtained":[{"floor":5,"key":"Pantograph"},{"floor":7,"key":"Orichalcum"},{"floor":9,"key":"Omamori"},{"floor":22,"key":"Guardian:PocketSentry"},{"floor":24,"key":"Meat on the Bone"},{"floor":25,"key":"Nilry\u0027s Codex"},{"floor":26,"key":"Torii"},{"floor":43,"key":"Pear"},{"floor":47,"key":"Dead Branch"}],"event_choices":[{"damage_healed":0,"gold_gain":0,"player_choice":"Got Potions","damage_taken":0,"max_hp_gain":0,"max_hp_loss":0,"event_name":"Lab","floor":19,"gold_loss":0},{"cards_removed":["champ:Defend"],"damage_healed":0,"gold_gain":0,"player_choice":"Removed Skill","damage_taken":0,"max_hp_gain":0,"max_hp_loss":0,"event_name":"Falling","floor":39,"gold_loss":0}],"is_beta":false,"boss_relics":[{"not_picked":["Black Star","Runic Dome"],"picked":"Runic Pyramid"},{"not_picked":["Philosopher\u0027s Stone","Calling Bell"],"picked":"SlaversCollar"}],"items_purged_floors":[13,38],"is_endless":false,"potions_floor_spawned":[11,15,16,22,26,28,32,46,47,48,49],"ascension_level":0}}