{"host":"7zb9v22qptw5vuf6","time":1608267727,"event":{"mods":["BaseMod","Luminous","Marisa（F雨　魔理沙）","Minty Spire (QoL Compilation)","Reimu（博丽灵梦）","Replay The Spire","Say the Spire","StSLib","The Jungle","Yuyuko","【东方二次创作】八云紫mod"],"gold_per_floor":[115,128,1,17,17,52,52,80,106,116,116,151,151,166,166,269,269,282,298,198,208,10,35,35,35,107,107,107,117,130,164,181,192,192,292,292,302,302,159,173,224,144,144,155,202,222,250,178,178,195,195,195,195],"floor_reached":52,"playtime":2636,"items_purged":["Strike_R","Strike_R"],"score":622,"play_id":"d471c3e8-1ffb-4fff-8164-7ac07e9ae1e5","local_time":"20201218130207","is_ascension_mode":true,"campfire_choices":[{"data":"Fire Breathing","floor":7.0,"key":"SMITH"},{"floor":15.0,"key":"REST"},{"data":"Metallicize","floor":25,"key":"SMITH"},{"floor":34,"key":"DIG"},{"data":"Offering","floor":43,"key":"SMITH"},{"floor":51,"key":"RECALL"}],"circlet_count":0,"master_deck":["Strike_R+1","Strike_R","Defend_R","Defend_R","Defend_R","Defend_R","Bash","ReplayTheSpireMod:IOU","Fire Breathing+1","Wild Strike+1","Offering+1","Warcry","Regret","Warcry+1","Battle Trance+1","CurseOfTheBell","Metallicize+1","ReplayTheSpireMod:IOU","Brutality","Intimidate+1","Flex+1","Second Wind+1","ReplayTheSpireMod:Stacked+1","Juggernaut","ReplayTheSpireMod:Muscle Training+1","Combust","Dark Embrace+1","Fire Breathing","Rupture"],"relics":["Burning Blood","Replay:Wax Seal","King of Hearts","ReplayFunnel","Toxic Egg 2","Thread and Needle","Bronze Scales","Replay:Grab Bag","ChewingGum","Philosopher\u0027s Stone","Runic Cube","Calling Bell","Toy Ornithopter","InkBottle","Ginger","Medical Kit","Whetstone","Bottled Lightning","Lantern","Blue Candle","Orrery","PureWhite:ReiMu","Replay:Mystery Machine","Another Sword"],"acts_visited":["Exordium","Exordium","TheBeyond"],"potions_floor_usage":[29,44,52],"damage_taken":[{"damage":5.0,"enemies":"Small Slimes","floor":1.0,"turns":4.0},{"damage":0.0,"enemies":"2 Louse","floor":2.0,"turns":3.0},{"damage":6.0,"enemies":"Cultist","floor":4.0,"turns":3.0},{"damage":25.0,"enemies":"Gremlin Nob","floor":6.0,"turns":4.0},{"damage":32.0,"enemies":"Lagavulin","floor":8.0,"turns":5.0},{"damage":6.0,"enemies":"Looter","floor":10.0,"turns":2.0},{"damage":17.0,"enemies":"Gremlin Nob","floor":12.0,"turns":4.0},{"damage":6.0,"enemies":"3 Louse","floor":14.0,"turns":3.0},{"damage":41,"enemies":"Slime Boss","floor":16,"turns":6},{"damage":6,"enemies":"theJungle:GiantWrat","floor":18,"turns":2},{"damage":11,"enemies":"theJungle:MUSHROOMGANG","floor":19,"turns":2},{"damage":13,"enemies":"theJungle:2_Snecko_Cultists","floor":21,"turns":3},{"damage":10,"enemies":"theJungle:2_Phrogs","floor":23,"turns":3},{"damage":14,"enemies":"theJungle:Snecko_Cultist_And_Trap","floor":29,"turns":4},{"damage":11,"enemies":"Snake Plant","floor":30,"turns":3},{"damage":8,"enemies":"theJungle:Cassacara","floor":31,"turns":3},{"damage":9,"enemies":"theJungle:SlimyTreeVines","floor":32,"turns":4},{"damage":26,"enemies":"theJungle:JungleHuntersEncounter","floor":33,"turns":3},{"damage":24,"enemies":"theJungle:FunGuy","floor":35,"turns":7},{"damage":16,"enemies":"3 Darklings","floor":37,"turns":3},{"damage":8,"enemies":"3 Shapes","floor":40,"turns":5},{"damage":11,"enemies":"2 Orb Walkers","floor":41,"turns":3},{"damage":12,"enemies":"Maw","floor":44,"turns":4},{"damage":17,"enemies":"Transient","floor":46,"turns":5},{"damage":30,"enemies":"Nemesis","floor":47,"turns":5},{"damage":8,"enemies":"Sphere and 2 Shapes","floor":50,"turns":4},{"damage":47,"enemies":"Time Eater","floor":52,"turns":3}],"seed_played":"-6604305744361587467","potions_obtained":[{"floor":0.0,"key":"BloodPotion"},{"floor":0.0,"key":"DuplicationPotion"},{"floor":0.0,"key":"Reflective Coating"},{"floor":18,"key":"BloodPotion"},{"floor":29,"key":"Cursed Concoction"},{"floor":44,"key":"PowerPotion"}],"is_trial":false,"path_per_floor":["M","M","$","M","$","E","R","E","T","M","?","E","?","M","R","B",null,"M","M","$","M","$","E","?","R","T","PTL","PTL","M","M","E","M","M","R","B",null,"M","?","$","M","?","$","R","M","T","M","E","$","?","M","R","B"],"character_chosen":"IRONCLAD","items_purchased":["Replay:Wax Seal","Fire Breathing","Medical Kit","Brutality","Orrery","Combust","Fire Breathing"],"campfire_rested":1,"item_purchase_floors":[3,3,22,22,39,42,48],"current_hp_per_floor":[80,80,80,80,80,61,61,35,35,35,35,24,21,21,45,10,80,80,75,75,68,68,64,64,64,64,64,64,77,72,70,72,52,52,34,80,70,70,70,68,63,63,63,78,78,67,43,43,43,41,41,0,0],"gold":195,"neow_bonus":"THREE_SMALL_POTIONS","is_daily":false,"chose_seed":false,"campfire_upgraded":3,"win_rate":0.0,"timestamp":1608267727,"path_taken":["M","M","$","M","$","E","R","E","T","M","?","E","?","M","R","BOSS","M","M","$","M","$","E","?","R","T","PTL","PTL","?","M","E","M","M","R","BOSS","M","?","$","M","?","$","R","M","T","M","E","$","?","M","R","BOSS"],"items_purchased_type":["Relic","Card","Relic","Card","Relic","Card","Card"],"build_version":"2020-12-13","purchased_purges":2,"victory":false,"max_hp_per_floor":[80,80,80,80,80,80,80,80,80,80,80,80,80,80,80,80,80,80,80,80,80,80,80,80,80,80,80,80,80,80,80,80,80,80,80,80,80,80,80,80,80,80,80,80,80,80,80,80,76,76,76,76,76],"card_choices":[{"not_picked":["Flex","Shrug It Off","Headbutt"],"picked":"SKIP","floor":1.0},{"not_picked":["Rupture","Flex","Shrug It Off"],"picked":"SKIP","floor":2.0},{"not_picked":["Clash","Havoc"],"picked":"Wild Strike","floor":4.0},{"not_picked":["Warcry","Berserk"],"picked":"Offering","floor":6.0},{"not_picked":["Searing Blow","Headbutt"],"picked":"Warcry","floor":8.0},{"not_picked":["Abandon","Shockwave","Havoc"],"picked":"SKIP","floor":10.0},{"not_picked":["ReplayTheSpireMod:Strike From Hell","Headbutt"],"picked":"Warcry+1","floor":12.0},{"not_picked":["Twin Strike","Iron Wave"],"picked":"Battle Trance+1","floor":14.0},{"not_picked":["Infernal Blade+1","Headbutt","Iron Wave"],"picked":"SKIP","floor":18},{"not_picked":["Thunderclap","Massacre","Heavy Blade"],"picked":"SKIP","floor":19},{"not_picked":["ReplayTheSpireMod:Strike From Hell","Replay:Undeath\u0027s Touch+1"],"picked":"Metallicize","floor":21},{"not_picked":["Demon Form","Twin Strike"],"picked":"Intimidate+1","floor":23},{"not_picked":["Warcry+1","Havoc+1","Perfected Strike+1"],"picked":"SKIP","floor":29},{"not_picked":["Disarm+1","Perfected Strike","Run Through"],"picked":"SKIP","floor":30},{"not_picked":["Run Through","Wild Strike"],"picked":"Second Wind+1","floor":31},{"not_picked":["Body Slam","Replay:Undeath\u0027s Touch","Rage+1"],"picked":"SKIP","floor":32},{"not_picked":["Havoc+1","Anger+1","Replay:Undeath\u0027s Touch"],"picked":"SKIP","floor":33},{"not_picked":["Seeing Red+1","Flex+1"],"picked":"ReplayTheSpireMod:Stacked+1","floor":37},{"not_picked":["Cleave","Headbutt"],"picked":"Juggernaut","floor":39},{"not_picked":["Twin Strike+1","Eclipse+1"],"picked":"ReplayTheSpireMod:Muscle Training+1","floor":39},{"not_picked":["ReplayReversal+1","Armaments+1","Heavy Blade+1"],"picked":"SKIP","floor":40},{"not_picked":["Replay:Undeath\u0027s Touch+1","Perfected Strike","Flex+1"],"picked":"SKIP","floor":44},{"not_picked":["Flex+1","Sword Boomerang+1"],"picked":"Dark Embrace+1","floor":46},{"not_picked":["Clothesline","True Grit+1","Twin Strike"],"picked":"SKIP","floor":47},{"not_picked":["Battle Trance+1","Hemokinesis+1"],"picked":"Rupture","floor":50}],"player_experience":238259,"relics_obtained":[{"floor":6.0,"key":"King of Hearts"},{"floor":8.0,"key":"ReplayFunnel"},{"floor":12.0,"key":"Thread and Needle"},{"floor":17,"key":"Toy Ornithopter"},{"floor":17,"key":"InkBottle"},{"floor":17,"key":"Ginger"},{"floor":23,"key":"Whetstone"},{"floor":26,"key":"Bottled Lightning"},{"floor":31,"key":"Lantern"},{"floor":34,"key":"Blue Candle"},{"floor":41,"key":"PureWhite:ReiMu"},{"floor":45,"key":"Replay:Mystery Machine"},{"floor":47,"key":"Another Sword"}],"event_choices":[{"damage_healed":0.0,"max_hp_gain":0.0,"max_hp_loss":0.0,"gold_gain":0.0,"event_name":"Big Fish","player_choice":"Box","floor":11.0,"gold_loss":0.0,"damage_taken":0.0,"relics_obtained":["Toxic Egg 2"],"cards_obtained":["Regret"]},{"damage_healed":0.0,"max_hp_gain":0.0,"max_hp_loss":0.0,"gold_gain":0.0,"event_name":"Scrap Ooze","player_choice":"Success","floor":13.0,"gold_loss":0.0,"damage_taken":3.0,"relics_obtained":["Bronze Scales"]},{"damage_healed":0,"gold_gain":0,"cards_transformed":["Strike_R"],"player_choice":"Transformed","damage_taken":0,"max_hp_gain":0,"max_hp_loss":0,"event_name":"Transmorgrifier","floor":24,"gold_loss":0,"cards_obtained":["Flex"]},{"damage_healed":0,"gold_gain":0,"player_choice":"Ignored","damage_taken":0,"max_hp_gain":0,"max_hp_loss":0,"event_name":"Tomb of Lord Red Mask","floor":38,"gold_loss":0},{"damage_healed":0,"gold_gain":0,"player_choice":"Fight","damage_taken":0,"max_hp_gain":0,"max_hp_loss":0,"event_name":"Mysterious Sphere","floor":41,"gold_loss":0},{"damage_healed":0,"gold_gain":0,"player_choice":"Max HP","damage_taken":0,"max_hp_gain":0,"max_hp_loss":4,"event_name":"Winding Halls","floor":49,"gold_loss":0}],"is_beta":false,"boss_relics":[{"not_picked":["SlaversCollar","Runic Dome"],"picked":"Replay:Grab Bag"},{"not_picked":["Velvet Choker","Fusion Hammer"],"picked":"ChewingGum"},{"not_picked":["Sozu","Cursed Key"],"picked":"Philosopher\u0027s Stone"},{"not_picked":["Astrolabe","Pandora\u0027s Box"],"picked":"Runic Cube"},{"not_picked":["Ring of Chaos","Black Star"],"picked":"Calling Bell"},{"not_picked":["Replay:Ancient Bell","ReplayTheSpireMod:DimensionalGlitch","Electric Blood"]}],"items_purged_floors":[3,20],"is_endless":false,"potions_floor_spawned":[2,4,8,18,21,29,31,37,44,50],"killed_by":"Time Eater","ascension_level":1}}