{"host":"jolg1n27y0xvdyb4","time":1608326650,"event":{"mods":["2.2 Compatiblity","AchievementEnabler","Act Like it!","BaseMod","Better Altar","Better Match","Better Note","Better Sensory Stone","Better Skull","Better Third Choice","Better Vampires","Block Reminder","Colored Map","Downfall","Gremlin Mod","Hermit","Jorbs\u0027s Wanderer Trilogy","Minty Spire (QoL Compilation)","SIMod","StSLib","The Blackbeard","The Blue Laboratory","The Bug Knight","The Hierophant","The Jungle","The Necromancer","The Wild Card"],"gold_per_floor":[115,115,129,145,70,100,100,113,182,195,195,221,221,233,233,337,337,350,350,369,282,382,392,392,392,392],"floor_reached":25,"playtime":3041,"items_purged":["HollowMod:NailStrikeStart"],"score":238,"play_id":"78648c02-8fed-4a7e-b7d8-2d9d1c06d9df","local_time":"20201218152410","is_ascension_mode":false,"campfire_choices":[{"data":"HollowMod:MawleksShell","floor":7,"key":"SMITH"},{"data":"HollowMod:PogoStrike","floor":11,"key":"SMITH"},{"data":"HollowMod:DesolateDive","floor":13,"key":"SMITH"},{"data":"HollowMod:CycloneSlash","floor":15,"key":"SMITH"},{"floor":24,"key":"REST"}],"circlet_count":0,"master_deck":["HollowMod:NailStrikeStart","HollowMod:NailStrikeStart","HollowMod:NailStrikeStart","HollowMod:QuickDashStart","HollowMod:QuickDashStart","HollowMod:QuickDashStart","HollowMod:FocusHealStart","HollowMod:PogoStrike+1","HollowMod:MawleksShell+1","HollowMod:DesolateDive+1","HollowMod:CycloneSlash+1","HollowMod:DashSlash+1","HollowMod:MawleksShell+1","expansioncontent:CaCaw"],"relics":["HollowMod:VesselMask","NeowsBlessing","TungstenRod","Pear","Boot","Empty Cage"],"acts_visited":["Exordium","TheCity"],"potions_floor_usage":[6,6,18],"damage_taken":[{"damage":0,"enemies":"Jaw Worm","floor":1,"turns":1},{"damage":0,"enemies":"Cultist","floor":3,"turns":1},{"damage":0,"enemies":"2 Louse","floor":4,"turns":1},{"damage":4,"enemies":"Lagavulin","floor":6,"turns":8},{"damage":4,"enemies":"Blue Slaver","floor":8,"turns":11},{"damage":12,"enemies":"3 Louse","floor":10,"turns":4},{"damage":0,"enemies":"HollowMod:MossKnight","floor":12,"turns":20},{"damage":13,"enemies":"Exordium Wildlife","floor":14,"turns":6},{"damage":53,"enemies":"The Guardian","floor":16,"turns":16},{"damage":25,"enemies":"Shell Parasite","floor":18,"turns":9},{"damage":0,"enemies":"3 Byrds","floor":20,"turns":4},{"damage":49,"enemies":"Snake Plant","floor":23,"turns":7},{"damage":50,"enemies":"Shelled Parasite and Fungi","floor":25,"turns":7}],"seed_played":"-2153546809498539682","potions_obtained":[{"floor":1,"key":"SkillPotion"},{"floor":3,"key":"blueLaboratory:ExaltedPotion"},{"floor":10,"key":"SteroidPotion"},{"floor":12,"key":"Ancient Potion"},{"floor":18,"key":"blueLaboratory:PhilterOfMotion"}],"is_trial":false,"path_per_floor":["M","?","M","M","$","E","R","M","T","M","R","E","R","M","R","B",null,"M","?","M","$","?","M","R","M"],"character_chosen":"THE_BUGKNIGHT","items_purchased":["expansioncontent:CaCaw"],"campfire_rested":1,"item_purchase_floors":[21],"current_hp_per_floor":[75,75,75,75,75,71,71,73,83,81,81,85,85,77,77,30,85,60,60,60,60,60,17,42,0,0],"gold":392,"neow_bonus":"THREE_ENEMY_KILL","is_daily":false,"chose_seed":false,"campfire_upgraded":4,"win_rate":0.0,"timestamp":1608326650,"path_taken":["M","?","M","M","?","E","R","M","T","M","R","E","R","M","R","BOSS","M","?","M","$","?","M","R","M"],"items_purchased_type":["Card"],"build_version":"2020-12-13","purchased_purges":1,"victory":false,"max_hp_per_floor":[75,75,75,75,75,75,75,75,85,85,85,85,85,85,85,85,85,85,85,85,85,85,85,85,85,85],"card_choices":[{"not_picked":["HollowMod:HowlingWraiths","HollowMod:CycloneSlash"],"picked":"HollowMod:TaintedHusks","floor":1},{"not_picked":["HollowMod:CloakDash","HollowMod:SharpenedNail"],"picked":"HollowMod:MawleksShell","floor":3},{"not_picked":["HollowMod:ChannelNail","HollowMod:PerfectDash","HollowMod:TaintedHusks"],"picked":"SKIP","floor":4},{"not_picked":["HollowMod:LifebloodCocoon","HollowMod:DashSlash","HollowMod:SharpenedNail"],"picked":"SKIP","floor":6},{"not_picked":["HollowMod:PureNailStrike","HollowMod:DashSlash","HollowMod:VengefulVoid"],"picked":"SKIP","floor":8},{"not_picked":["HollowMod:DashSlash","HollowMod:DungDefenderAura","HollowMod:ZotesMagnificence"],"picked":"SKIP","floor":10},{"not_picked":["HollowMod:CornifersMapStart","HollowMod:SharpenedShadows"],"picked":"HollowMod:DesolateDive","floor":12},{"not_picked":["HollowMod:WraithStrike","HollowMod:InfectedAttack"],"picked":"HollowMod:CycloneSlash","floor":14},{"not_picked":["HollowMod:TaintedHusks","HollowMod:NewLittleFool"],"picked":"HollowMod:DashSlash","floor":18},{"not_picked":["HollowMod:ShapeofUnn+1","HollowMod:QuirrelsAssistance+1"],"picked":"HollowMod:MawleksShell+1","floor":20},{"not_picked":["HollowMod:SoulShaman","HollowMod:theNailsmith","HollowMod:InfectedCysts"],"picked":"SKIP","floor":23}],"player_experience":420291,"relics_obtained":[{"floor":6,"key":"TungstenRod"},{"floor":9,"key":"Pear"},{"floor":12,"key":"Boot"}],"event_choices":[{"damage_healed":0,"gold_gain":0,"player_choice":"Upgraded","damage_taken":0,"max_hp_gain":0,"max_hp_loss":0,"event_name":"Upgrade Shrine","floor":2,"gold_loss":0,"cards_upgraded":["HollowMod:TaintedHusks"]},{"damage_healed":0,"gold_gain":0,"player_choice":"Upgraded","damage_taken":0,"max_hp_gain":0,"max_hp_loss":0,"event_name":"Upgrade Shrine","floor":19,"gold_loss":0,"cards_upgraded":["HollowMod:DashSlash"]},{"damage_healed":0,"gold_gain":100,"player_choice":"Pray","damage_taken":0,"max_hp_gain":0,"max_hp_loss":0,"event_name":"Golden Shrine","floor":22,"gold_loss":0}],"is_beta":false,"boss_relics":[{"not_picked":["Cursed Key","Runic Dome"],"picked":"Empty Cage"}],"items_purged_floors":[5],"is_endless":false,"potions_floor_spawned":[1,3,10,12,18],"killed_by":"Shelled Parasite and Fungi","ascension_level":0}}