{"host":"erulnpr9qdnrfj6h","time":1608283704,"event":{"mods":["AchievementEnabler","BaseMod","Colored Map","Minty Spire (QoL Compilation)","Rare Cards Sparkle","SuperFastMode"],"gold_per_floor":[115,65,65,79,79,79,111,111,111,145,145,159,217,237,237,333,333,352,352,371,371,384,417,417,417],"floor_reached":24,"playtime":1219,"items_purged":[],"score":372,"play_id":"aec580d9-5b17-42c4-82e9-c2b73c82c89c","local_time":"20201218182824","is_ascension_mode":true,"campfire_choices":[{"data":"Blade Dance","floor":6.0,"key":"SMITH"},{"floor":8.0,"key":"REST"},{"floor":11.0,"key":"REST"},{"floor":15.0,"key":"REST"}],"circlet_count":0,"master_deck":["AscendersBane","Strike_G","Strike_G","Strike_G","Strike_G","Defend_G+1","Defend_G","Defend_G+1","Defend_G","Defend_G","Survivor","Neutralize","Blade Dance+1","Quick Slash","Dagger Throw","Blade Dance","Accuracy","PiercingWail","Noxious Fumes","Noxious Fumes","After Image","Caltrops+1","Ghostly","Ghostly","Ghostly","Ghostly","Ghostly","Prepared","Phantasmal Killer"],"relics":["HoveringKite","CultistMask","Dream Catcher","Gremlin Horn","PreservedInsect","Tiny Chest","Black Star","Bird Faced Urn","Strawberry"],"acts_visited":["Exordium","TheCity"],"potions_floor_usage":[],"damage_taken":[{"damage":0.0,"enemies":"Cultist","floor":1.0,"turns":4.0},{"damage":7.0,"enemies":"2 Louse","floor":4.0,"turns":3.0},{"damage":37.0,"enemies":"3 Sentries","floor":7.0,"turns":13.0},{"damage":16.0,"enemies":"Gremlin Nob","floor":10.0,"turns":5.0},{"damage":1.0,"enemies":"Jaw Worm","floor":12.0,"turns":2.0},{"damage":9.0,"enemies":"Gremlin Nob","floor":13.0,"turns":3.0},{"damage":0.0,"enemies":"2 Fungi Beasts","floor":14.0,"turns":2.0},{"damage":5.0,"enemies":"Hexaghost","floor":16.0,"turns":8.0},{"damage":0.0,"enemies":"Chosen","floor":18.0,"turns":7.0},{"damage":7.0,"enemies":"3 Byrds","floor":20.0,"turns":6.0},{"damage":3.0,"enemies":"Snake Plant","floor":22.0,"turns":7.0},{"damage":23.0,"enemies":"Book of Stabbing","floor":23.0,"turns":6.0},{"damage":4,"enemies":"Snecko","floor":24,"turns":6}],"seed_played":"-1969134172356164008","potions_obtained":[{"floor":4.0,"key":"Energy Potion"},{"floor":10.0,"key":"Weak Potion"},{"floor":13.0,"key":"Strength Potion"},{"floor":18.0,"key":"Fire Potion"}],"is_trial":false,"path_per_floor":["M","?","?","M","?","R","E","R","T","E","R","M","?","M","R","B",null,"M","?","M","?","M","E","M"],"character_chosen":"THE_SILENT","items_purchased":[],"campfire_rested":3,"item_purchase_floors":[],"current_hp_per_floor":[63,63,63,56,42,42,5,26,26,10,31,30,21,21,42,37,62,62,55,48,35,32,16,16,16],"gold":417,"neow_bonus":"BOSS_RELIC","is_daily":false,"chose_seed":false,"campfire_upgraded":1,"win_rate":0.0,"timestamp":1608283704,"path_taken":["M","?","?","?","?","R","E","R","T","E","R","M","?","M","R","BOSS","M","?","?","?","M","E","M"],"items_purchased_type":[],"build_version":"2020-12-13","purchased_purges":0,"victory":false,"max_hp_per_floor":[70,70,70,70,70,70,70,70,70,70,70,70,70,70,70,70,70,70,70,70,35,35,42,42,42],"card_choices":[{"not_picked":["Flying Knee","Bane"],"picked":"Blade Dance","floor":1.0},{"not_picked":["Concentrate","Dash"],"picked":"Quick Slash","floor":4.0},{"not_picked":["Outmaneuver","Caltrops","Bane"],"picked":"SKIP","floor":7.0},{"not_picked":["Bane","Deadly Poison"],"picked":"Dagger Throw","floor":8.0},{"not_picked":["Prepared","Eviscerate"],"picked":"Blade Dance","floor":10.0},{"not_picked":["Skewer","Endless Agony"],"picked":"Accuracy","floor":11.0},{"not_picked":["Concentrate","Dagger Throw"],"picked":"PiercingWail","floor":12.0},{"not_picked":["Poisoned Stab","Catalyst"],"picked":"Noxious Fumes","floor":13.0},{"not_picked":["Eviscerate","Concentrate","Bane"],"picked":"SKIP","floor":14.0},{"not_picked":["Deflect","Outmaneuver"],"picked":"Noxious Fumes","floor":15.0},{"not_picked":["Glass Knife","Night Terror"],"picked":"After Image","floor":16.0},{"not_picked":["Deadly Poison","Outmaneuver+1","Flechettes"],"picked":"SKIP","floor":18.0},{"not_picked":["Bane","Flechettes"],"picked":"Caltrops+1","floor":20.0},{"not_picked":["Eviscerate+1","Caltrops"],"picked":"Prepared","floor":22.0},{"not_picked":["Heel Hook","Tactician"],"picked":"Phantasmal Killer","floor":23.0}],"player_experience":183519,"relics_obtained":[{"floor":7.0,"key":"Dream Catcher"},{"floor":9.0,"key":"Gremlin Horn"},{"floor":10.0,"key":"PreservedInsect"},{"floor":13.0,"key":"Tiny Chest"},{"floor":23.0,"key":"Bird Faced Urn"},{"floor":23.0,"key":"Strawberry"}],"event_choices":[{"cards_removed":["Strike_G"],"damage_healed":0.0,"max_hp_gain":0.0,"max_hp_loss":0.0,"gold_gain":0.0,"event_name":"The Cleric","player_choice":"Card Removal","floor":2.0,"gold_loss":50.0,"damage_taken":0.0},{"damage_healed":0.0,"max_hp_gain":0.0,"max_hp_loss":0.0,"gold_gain":0.0,"event_name":"FaceTrader","player_choice":"Trade","floor":3.0,"gold_loss":0.0,"damage_taken":0.0,"relics_obtained":["CultistMask"]},{"damage_healed":0.0,"max_hp_gain":0.0,"max_hp_loss":0.0,"gold_gain":0.0,"event_name":"Shining Light","player_choice":"Entered Light","floor":5.0,"gold_loss":0.0,"damage_taken":14.0,"cards_upgraded":["Defend_G","Defend_G"]},{"damage_healed":0.0,"max_hp_gain":0.0,"max_hp_loss":0.0,"gold_gain":30.0,"event_name":"Dead Adventurer","player_choice":"Searched \u00272\u0027 times","floor":13.0,"gold_loss":0.0,"damage_taken":0.0},{"damage_healed":0.0,"max_hp_gain":0.0,"max_hp_loss":0.0,"gold_gain":0.0,"event_name":"Wheel of Change","player_choice":"Damaged","floor":19.0,"gold_loss":0.0,"damage_taken":7.0},{"damage_healed":0.0,"max_hp_gain":0.0,"max_hp_loss":35.0,"gold_gain":0.0,"event_name":"Ghosts","player_choice":"Became a Ghost","floor":21.0,"gold_loss":0.0,"damage_taken":0.0,"cards_obtained":["Ghostly","Ghostly","Ghostly","Ghostly","Ghostly"]}],"is_beta":false,"boss_relics":[{"not_picked":["Sozu","Snecko Eye"],"picked":"Black Star"}],"items_purged_floors":[],"is_endless":false,"potions_floor_spawned":[4,10,13,14,18],"killed_by":"Snecko","ascension_level":11}}