{"host":"63howft1cojq0ioc","time":1608277730,"event":{"mods":["Act Like it!","Aspiration","BaseMod","DeckTracker","Downfall","Infinite Spire","Minty Spire (QoL Compilation)","Quick Restart","Relic Stats","Replay The Spire","StSLib","SuperFastMode","The Jungle"],"gold_per_floor":[113,132,143,161,161,161,204,204,204,204,204],"floor_reached":10,"playtime":373,"items_purged":[],"score":81,"play_id":"60b14324-71c5-43c8-9be8-da3fda2924e4","local_time":"20201218054850","is_ascension_mode":true,"campfire_choices":[{"data":"Carnage","floor":6,"key":"SMITH"}],"circlet_count":0,"master_deck":["Strike_R","Strike_R","Strike_R","Strike_R","Strike_R","Defend_R","Defend_R","Defend_R","Defend_R","Bash","Twin Strike","Flex","Carnage+1","Seeing Red"],"relics":["Burning Blood","NeowsBlessing","Golden Idol","aspiration:FetidBarrel","Spirit Poop","infinitespire:Eraser"],"acts_visited":["Exordium"],"potions_floor_usage":[],"damage_taken":[{"damage":0,"enemies":"Small Slimes","floor":1,"turns":1},{"damage":0,"enemies":"Cultist","floor":2,"turns":1},{"damage":0,"enemies":"Jaw Worm","floor":3,"turns":1},{"damage":17,"enemies":"Exordium Wildlife","floor":4,"turns":4},{"damage":45,"enemies":"3 Sentries","floor":7,"turns":7},{"damage":19,"enemies":"Lagavulin","floor":10,"turns":2}],"seed_played":"4600321343458508085","potions_obtained":[{"floor":1,"key":"EssenceOfSteel"},{"floor":3,"key":"sneckomod:MuddlingPotion"},{"floor":4,"key":"Block Potion"}],"is_trial":false,"path_per_floor":["M","M","M","M","?","R","E","?","T","E"],"character_chosen":"IRONCLAD","items_purchased":[],"campfire_rested":0,"item_purchase_floors":[],"current_hp_per_floor":[80,80,80,69,69,69,30,30,30,0,0],"gold":204,"neow_bonus":"THREE_ENEMY_KILL","is_daily":false,"chose_seed":false,"campfire_upgraded":1,"win_rate":0.0,"timestamp":1608277730,"path_taken":["M","M","M","M","?","R","E","?","T","E"],"items_purchased_type":[],"build_version":"2020-12-13","purchased_purges":0,"victory":false,"max_hp_per_floor":[80,80,80,80,80,80,80,80,80,80,80],"relic_stats":{"counters":[6,19],"Golden Idol":9,"obtain_stats":[{"NeowsBlessing":0,"Golden Idol":5,"aspiration:FetidBarrel":7,"Spirit Poop":8,"infinitespire:Eraser":9,"Burning Blood":0},{"NeowsBlessing":0,"Golden Idol":4,"aspiration:FetidBarrel":5,"Spirit Poop":5,"infinitespire:Eraser":5,"Burning Blood":0},{"NeowsBlessing":0,"Golden Idol":7,"aspiration:FetidBarrel":14,"Spirit Poop":14,"infinitespire:Eraser":14,"Burning Blood":0}],"Burning Blood":12},"card_choices":[{"not_picked":["Body Slam","True Grit"],"picked":"Twin Strike","floor":1},{"not_picked":["Cleave","Twin Strike"],"picked":"Flex","floor":2},{"not_picked":["ReplayTheSpireMod:Limb From Limb","Disarm","Fire Breathing"],"picked":"SKIP","floor":3},{"not_picked":["True Grit","Perfected Strike"],"picked":"Carnage","floor":4},{"not_picked":["ReplayTheSpireMod:Corrosion Curse","Exhume"],"picked":"Seeing Red","floor":7}],"player_experience":91449,"relics_obtained":[{"floor":7,"key":"aspiration:FetidBarrel"},{"floor":9,"key":"infinitespire:Eraser"}],"event_choices":[{"damage_healed":0,"gold_gain":0,"player_choice":"Take Wound","damage_taken":0,"relics_obtained":["Golden Idol"],"max_hp_gain":0,"max_hp_loss":0,"event_name":"Golden Idol","floor":5,"gold_loss":0,"cards_obtained":["Injury"]},{"cards_removed":["Injury"],"damage_healed":0,"gold_gain":0,"player_choice":"Offered Curse","damage_taken":0,"relics_obtained":["Spirit Poop"],"max_hp_gain":0,"max_hp_loss":0,"event_name":"Bonfire Elementals","floor":8,"gold_loss":0}],"is_beta":false,"boss_relics":[],"items_purged_floors":[],"is_endless":false,"potions_floor_spawned":[1,3,4],"killed_by":"Lagavulin","ascension_level":4}}