{"host":"ilrepnd391jk07a9","time":1608283745,"event":{"mods":["Aspiration","BaseMod","Better Altar","Better Note","Better Skull","Better Third Choice","BetterRewards","Colored Powertips","DeckTracker","Defuse TimeMaze Blight","Downfall","GifTheSpireLib","Gremlin Skip","Halation","Highlight Path","Hubris","Minty Spire (QoL Compilation)","Quick Restart","Relic Stats","Replay The Spire","StSLib","Stuff the Spire","everything is the same but u backflip on backflip","vexMod"],"gold_per_floor":[99,99,199,199,199,229,229,246,266,191,211,211,211,123,123,142,154,154,154],"floor_reached":18,"playtime":1184,"items_purged":[],"score":116,"play_id":"eebbbe1f-fbd0-4deb-b115-934b2e45dffc","local_time":"20201218222905","is_ascension_mode":true,"campfire_choices":[{"data":"champ:Taunt","floor":1.0,"key":"SMITH"},{"floor":5.0,"key":"RECALL"},{"data":"champ:SkillfulDodge","floor":10.0,"key":"SMITH"}],"circlet_count":0,"master_deck":["champ:Strike","champ:Strike","champ:Defend","champ:Defend","champ:Defend","champ:Defend","champ:Execute","champ:Taunt+1","champ:StanceDance","champ:SkillfulDodge+1","champ:Shatter","champ:EnragedBash","champ:FocusedDefense","champ:Control","champ:FocusedDefense","champ:StanceDance","champ:DefensiveShout","champ:Circumvent"],"relics":["champ:ChampionCrown","champ:LiftRelic","StuffTheSpire:PointBlank","aspiration:Lifesprig","downfall:HeartBlessingRed"],"acts_visited":["Exordium"],"potions_floor_usage":[18,18],"damage_taken":[{"damage":49.0,"enemies":"Lagavulin","floor":6.0,"turns":8.0},{"damage":5.0,"enemies":"Jaw Worm","floor":8.0,"turns":3.0},{"damage":13.0,"enemies":"Small Slimes","floor":9.0,"turns":4.0},{"damage":7.0,"enemies":"Cultist","floor":11.0,"turns":3.0},{"damage":12.0,"enemies":"downfall:FleeingMerchant","floor":14.0,"turns":4.0},{"damage":8.0,"enemies":"Lots of Slimes","floor":16.0,"turns":5.0},{"damage":3.0,"enemies":"Red Slaver","floor":17.0,"turns":3.0},{"damage":70,"enemies":"downfall:Defect","floor":18,"turns":6}],"seed_played":"7750258481287841032","potions_obtained":[{"floor":6.0,"key":"AttackPotion"},{"floor":9.0,"key":"Languid Potion"},{"floor":17.0,"key":"Regen Potion"}],"is_trial":false,"path_per_floor":["R","?","?","?","R","E","T","M","M","R","M","PTL","PTL","$","?","M","M","B"],"character_chosen":"THE_CHAMP","items_purchased":["champ:FocusedDefense"],"campfire_rested":0,"item_purchase_floors":[14],"current_hp_per_floor":[90,90,90,90,90,61,61,61,53,53,53,53,53,52,52,57,54,0,0],"gold":154,"neow_bonus":"THREE_CARDS","is_daily":false,"chose_seed":false,"campfire_upgraded":2,"win_rate":0.0,"timestamp":1608283745,"path_taken":["R","?","?","?","R","E","T","M","M","R","M","PTL","PTL","$","?","?","M","BOSS"],"items_purchased_type":["Card"],"build_version":"2020-12-13","purchased_purges":0,"victory":false,"max_hp_per_floor":[90,90,90,90,90,90,90,90,90,90,90,90,90,90,90,90,90,90,90],"relic_stats":{"counters":[8,36],"obtain_stats":[{"aspiration:Lifesprig":7,"downfall:HeartBlessingRed":10,"champ:LiftRelic":2,"champ:ChampionCrown":0,"StuffTheSpire:PointBlank":6},{"aspiration:Lifesprig":1,"downfall:HeartBlessingRed":3,"champ:LiftRelic":0,"champ:ChampionCrown":0,"StuffTheSpire:PointBlank":1},{"aspiration:Lifesprig":8,"downfall:HeartBlessingRed":15,"champ:LiftRelic":0,"champ:ChampionCrown":0,"StuffTheSpire:PointBlank":8}]},"card_choices":[{"not_picked":["champ:FaceSlap","champ:FightOn"],"picked":"champ:StanceDance","floor":0.0},{"not_picked":["champ:Duel","champ:GladiatorsShout"],"picked":"champ:SkillfulDodge","floor":6.0},{"not_picked":["champ:ShieldWall","champ:Haymaker"],"picked":"champ:Shatter","floor":8.0},{"not_picked":["champ:BladeFlurry","champ:PerfectedStrike"],"picked":"champ:EnragedBash","floor":9.0},{"not_picked":["champ:SwordSigil","champ:BladeFlurry"],"picked":"champ:FocusedDefense","floor":11.0},{"not_picked":["champ:DeathBlow","champ:Haymaker"],"picked":"champ:Control","floor":14.0},{"not_picked":["champ:CalledShot","champ:ViciousMockery"],"picked":"champ:DefensiveShout","floor":16.0},{"not_picked":["champ:VampiricStrike","champ:GladiatorsShout"],"picked":"champ:Circumvent","floor":17.0}],"player_experience":809571,"relics_obtained":[{"floor":6.0,"key":"StuffTheSpire:PointBlank"},{"floor":7.0,"key":"aspiration:Lifesprig"}],"event_choices":[{"damage_healed":0.0,"max_hp_gain":0.0,"max_hp_loss":0.0,"gold_gain":0.0,"cards_transformed":["champ:Strike"],"event_name":"Transmorgrifier","player_choice":"Transformed","floor":15.0,"gold_loss":0.0,"damage_taken":0.0,"cards_obtained":["champ:StanceDance"]}],"is_beta":false,"boss_relics":[],"items_purged_floors":[],"is_endless":false,"potions_floor_spawned":[6,9,17],"killed_by":"downfall:Defect","ascension_level":1}}