{"host":"7gewg82ormp6yt4e","time":1608290371,"event":{"mods":["BaseMod","Block Reminder","Colored Map","Colored Powertips","DeckTracker","Highlight Path","Minty Spire (QoL Compilation)","Relic Stats","StSLib"],"gold_per_floor":[109,127,47,59,69,69,87,87,114,138,158,183,183,221,221,302,302,321,246,275,275,275],"floor_reached":21,"playtime":1062,"items_purged":[],"score":370,"play_id":"8235f5c9-3f84-4c7b-aaab-941f88083a8c","local_time":"20201218201931","is_ascension_mode":true,"campfire_choices":[{"data":"A Thousand Cuts","floor":6,"key":"SMITH"},{"data":"Bouncing Flask","floor":8,"key":"SMITH"},{"floor":13,"key":"REST"},{"floor":15,"key":"REST"}],"circlet_count":0,"master_deck":["AscendersBane","Strike_G","Strike_G","Strike_G","Strike_G","Defend_G","Defend_G","Defend_G","Defend_G","Defend_G","Survivor","Neutralize","A Thousand Cuts+1","Infinite Blades","Poisoned Stab","Footwork","Slice","Accuracy","Bouncing Flask+1","Flying Knee","Dagger Throw","Poisoned Stab","Deflect","Malaise","Acrobatics","Accuracy+1"],"relics":["Ring of the Snake","CeramicFish","Regal Pillow","Snecko Eye"],"acts_visited":["Exordium","TheCity"],"potions_floor_usage":[7,14,16,18],"damage_taken":[{"damage":6,"enemies":"Cultist","floor":1,"turns":5},{"damage":7,"enemies":"Jaw Worm","floor":2,"turns":5},{"damage":2,"enemies":"Small Slimes","floor":4,"turns":4},{"damage":3,"enemies":"Blue Slaver","floor":5,"turns":5},{"damage":0,"enemies":"Large Slime","floor":7,"turns":4},{"damage":23,"enemies":"Lots of Slimes","floor":10,"turns":3},{"damage":2,"enemies":"3 Louse","floor":11,"turns":4},{"damage":7,"enemies":"Large Slime","floor":12,"turns":5},{"damage":21,"enemies":"3 Sentries","floor":14,"turns":8},{"damage":13,"enemies":"Slime Boss","floor":16,"turns":9},{"damage":20,"enemies":"3 Byrds","floor":18,"turns":4},{"damage":19,"enemies":"Chosen","floor":20,"turns":7},{"damage":25,"enemies":"Masked Bandits","floor":21,"turns":2}],"seed_played":"-4524063387167823779","potions_obtained":[{"floor":1,"key":"GhostInAJar"},{"floor":2,"key":"CunningPotion"},{"floor":12,"key":"GhostInAJar"},{"floor":14,"key":"Swift Potion"}],"is_trial":false,"path_per_floor":["M","M","$","M","M","R","M","R","T","M","M","M","R","E","R","B",null,"M","?","M","?"],"character_chosen":"THE_SILENT","items_purchased":["Footwork"],"campfire_rested":2,"item_purchase_floors":[3],"current_hp_per_floor":[53,46,46,44,41,41,41,41,41,18,16,9,28,7,41,28,57,37,37,18,0,0],"gold":275,"neow_bonus":"ONE_RANDOM_RARE_CARD","is_daily":false,"chose_seed":false,"campfire_upgraded":2,"win_rate":0.0,"timestamp":1608290371,"path_taken":["M","M","$","M","M","R","?","R","T","M","?","M","R","E","R","BOSS","M","?","M","?"],"items_purchased_type":["Card"],"build_version":"2020-12-13","purchased_purges":0,"victory":false,"max_hp_per_floor":[66,66,66,66,66,66,66,66,66,66,66,66,66,66,66,66,66,66,66,66,66,66],"relic_stats":{"Regal Pillow":15,"counters":[13,65],"CeramicFish":63,"Snecko Eye":[20,15,28,28],"obtain_stats":[{"Regal Pillow":14,"CeramicFish":9,"Snecko Eye":17,"Ring of the Snake":0},{"Regal Pillow":9,"CeramicFish":5,"Snecko Eye":10,"Ring of the Snake":0},{"Regal Pillow":43,"CeramicFish":23,"Snecko Eye":52,"Ring of the Snake":0}],"Ring of the Snake":[26]},"card_choices":[{"not_picked":["Skewer","Underhanded Strike"],"picked":"Infinite Blades","floor":1},{"not_picked":["Cloak And Dagger","PiercingWail"],"picked":"Poisoned Stab","floor":2},{"not_picked":["Endless Agony","Backflip"],"picked":"Slice","floor":4},{"not_picked":["Cloak And Dagger","Backflip"],"picked":"Accuracy","floor":5},{"not_picked":["Poisoned Stab","PiercingWail"],"picked":"Bouncing Flask","floor":7},{"not_picked":["All Out Attack","Distraction"],"picked":"Flying Knee","floor":10},{"not_picked":["Sucker Punch","PiercingWail"],"picked":"Dagger Throw","floor":11},{"not_picked":["Flying Knee","Slice"],"picked":"Poisoned Stab","floor":12},{"not_picked":["Quick Slash","Riddle With Holes"],"picked":"Deflect","floor":14},{"not_picked":["Unload","Storm of Steel"],"picked":"Malaise","floor":16},{"not_picked":["Prepared","Terror"],"picked":"Acrobatics","floor":18},{"not_picked":["Poisoned Stab","Dodge and Roll"],"picked":"Accuracy+1","floor":20}],"player_experience":2390999,"relics_obtained":[{"floor":9,"key":"CeramicFish"},{"floor":14,"key":"Regal Pillow"}],"event_choices":[{"cards_removed":["Strike_G"],"damage_healed":0,"gold_gain":0,"player_choice":"Gave Gold","damage_taken":0,"max_hp_gain":0,"max_hp_loss":0,"event_name":"Beggar","floor":19,"gold_loss":75},{"damage_healed":0,"gold_gain":0,"player_choice":"Fought Bandits","damage_taken":0,"max_hp_gain":0,"max_hp_loss":0,"event_name":"Masked Bandits","floor":21,"gold_loss":0}],"is_beta":false,"boss_relics":[{"not_picked":["Runic Dome","Tiny House"],"picked":"Snecko Eye"}],"items_purged_floors":[],"is_endless":false,"potions_floor_spawned":[1,2,5,12,14],"killed_by":"Masked Bandits","ascension_level":20}}