{"host":"zftkeu5v9gqs3wr3","time":1608254618,"event":{"mods":["Act Like it!","Bard","BaseMod","CapriCore","Elementarium","Gensokyo","Jorbs\u0027s Wanderer Trilogy","Mad Scientist","Minty Spire (QoL Compilation)","Potionbrewer","Rare Cards Sparkle","Shade Mod","StSLib","The Cursed","The Immortal","The Runesmith","TheSwordswoman"],"gold_per_floor":[113,126,106,119,294,294,307,318,318,24,40,58,75,91,91,188,188,204,204,204,51,51,51,77,38,63,82,100,117,217,230,230,335,335,352,7,18,18,38,38,51,71,149,203,16,16,0,16,16,16,16],"floor_reached":50,"playtime":3346,"items_purged":[],"score":510,"play_id":"54a50bad-c412-4c6c-b167-134fe8caae1a","local_time":"20201218012338","is_ascension_mode":false,"campfire_choices":[{"data":"Dramatic Entrance","floor":6,"key":"SMITH"},{"data":"Combust","floor":15,"key":"SMITH"},{"data":"Limit Break","floor":23,"key":"SMITH"},{"floor":32,"key":"REST"},{"data":"Dual Wield","floor":40,"key":"SMITH"},{"data":"1","floor":46,"key":"LIFT"},{"data":"2","floor":49,"key":"LIFT"}],"circlet_count":0,"master_deck":["Strike_R","Strike_R","Strike_R","Strike_R","Strike_R","Defend_R","Defend_R","Defend_R","Defend_R","Bash","Dramatic Entrance+1","Flame Barrier","Cleave","Anger","Doubt","Headbutt","Perfected Strike","Cleave","Anger","Spot Weakness","Clash","Cleave","Combust+1","Ghostly Armor","Limit Break+1","CurseOfTheBell","Spot Weakness","Fire Breathing","Seeing Red","Pommel Strike","Infernal Blade+1","Reaper","Hemokinesis","Inflame","Rampage","Shrug It Off","Intimidate+1","Cleave","Body Slam","Impervious","Flex","Dual Wield+1","Armaments+1","Shockwave+1","Clash+1","Thunderclap","Warcry+1","Bandage Up+1","Inflame"],"relics":["Burning Blood","Letter Opener","DollysMirror","Calling Bell","Juzu Bracelet","Self Forming Clay","Charon\u0027s Ashes","MutagenicStrength","potionbrewer:SlideRule","Orrery","Toy Ornithopter","Centennial Puzzle","Du-Vu Doll","Question Card","potionbrewer:BhaskarasWheel","Potion Belt","ClockworkSouvenir","Toxic Egg 2","Girya","Red Mask"],"acts_visited":["Exordium","TheCity","TheBeyond"],"potions_floor_usage":[16,24,30,30,30,33,39,44,44,45,50],"damage_taken":[{"damage":0,"enemies":"2 Louse","floor":1,"turns":2},{"damage":6,"enemies":"Cultist","floor":2,"turns":3},{"damage":3,"enemies":"Jaw Worm","floor":4,"turns":3},{"damage":15,"enemies":"Exordium Wildlife","floor":7,"turns":5},{"damage":1,"enemies":"3 Louse","floor":8,"turns":2},{"damage":0,"enemies":"Looter","floor":11,"turns":2},{"damage":15,"enemies":"Exordium Thugs","floor":12,"turns":2},{"damage":0,"enemies":"3 Louse","floor":13,"turns":1},{"damage":0,"enemies":"2 Fungi Beasts","floor":14,"turns":1},{"damage":50,"enemies":"The Guardian","floor":16,"turns":9},{"damage":5,"enemies":"Chosen","floor":18,"turns":4},{"damage":27,"enemies":"Book of Stabbing","floor":24,"turns":4},{"damage":2,"enemies":"Spheric Guardian","floor":27,"turns":1},{"damage":26,"enemies":"Shelled Parasite and Fungi","floor":28,"turns":5},{"damage":25,"enemies":"Snake Plant","floor":29,"turns":3},{"damage":20,"enemies":"Colosseum Slavers","floor":30,"turns":2},{"damage":29,"enemies":"Colosseum Nobs","floor":30,"turns":5},{"damage":10,"enemies":"Snecko","floor":31,"turns":4},{"damage":74,"enemies":"Automaton","floor":33,"turns":8},{"damage":15,"enemies":"3 Shapes","floor":35,"turns":1},{"damage":1,"enemies":"3 Darklings","floor":37,"turns":1},{"damage":43,"enemies":"Maw","floor":39,"turns":7},{"damage":5,"enemies":"Transient","floor":41,"turns":5},{"damage":11,"enemies":"Sphere and 2 Shapes","floor":42,"turns":2},{"damage":31,"enemies":"2 Orb Walkers","floor":44,"turns":5},{"damage":20,"enemies":"Maw","floor":48,"turns":6},{"damage":77,"enemies":"Time Eater","floor":50,"turns":5}],"seed_played":"-884794442171970006","potions_obtained":[{"floor":1,"key":"BloodPotion"},{"floor":3,"key":"potionbrewer:QuicksilverPotion"},{"floor":4,"key":"DistilledChaos"},{"floor":18,"key":"Fire Potion"},{"floor":29,"key":"Explosive Potion"},{"floor":30,"key":"SpeedPotion"},{"floor":35,"key":"Regen Potion"},{"floor":37,"key":"Block Potion"},{"floor":42,"key":"LiquidMemories"},{"floor":44,"key":"FearPotion"}],"is_trial":false,"path_per_floor":["M","M","?","M","?","R","M","M","T","$","M","M","M","M","R","B",null,"M","?","T","$","?","R","E","$","T","M","M","M","?","M","R","B",null,"M","$","M","?","M","R","M","M","T","?","$","R","?","M","R","B"],"character_chosen":"IRONCLAD","items_purchased":["Cleave","DollysMirror","Spot Weakness","Clash","Orrery","Inflame","Potion Belt","ClockworkSouvenir","Dual Wield","Fruit Juice","Bandage Up+1"],"campfire_rested":1,"item_purchase_floors":[10,10,10,10,21,25,36,36,36,45,45],"current_hp_per_floor":[80,80,80,80,80,80,71,76,76,76,80,71,77,80,80,36,80,80,80,80,80,80,80,59,59,59,63,48,29,32,28,52,7,80,71,71,76,76,53,53,80,75,75,66,76,76,76,62,62,0,0],"gold":16,"neow_bonus":"RANDOM_COLORLESS","is_daily":false,"chose_seed":false,"campfire_upgraded":4,"win_rate":0.0,"timestamp":1608254618,"path_taken":["M","M","?","?","?","R","M","M","T","$","M","M","M","M","R","BOSS","M","?","?","?","?","R","E","?","T","M","M","M","?","M","R","BOSS","M","$","M","?","M","R","M","M","T","?","?","R","?","M","R","BOSS"],"items_purchased_type":["Card","Relic","Card","Card","Relic","Card","Relic","Relic","Card","Potion","Card"],"build_version":"2020-12-13","purchased_purges":0,"victory":false,"max_hp_per_floor":[80,80,80,80,80,80,80,80,80,80,80,80,80,80,80,80,80,80,80,80,80,80,80,80,80,80,80,80,80,80,80,80,80,80,80,80,80,80,80,80,80,80,80,80,85,85,85,85,85,85,85],"card_choices":[{"not_picked":["Mind Blast","Bandage Up"],"picked":"Dramatic Entrance","floor":0},{"not_picked":["Sword Boomerang","Pummel"],"picked":"Flame Barrier","floor":1},{"not_picked":["Shrug It Off","Blood for Blood"],"picked":"Cleave","floor":2},{"not_picked":["Headbutt","Reckless Charge"],"picked":"Anger","floor":4},{"not_picked":["Rage","Reaper"],"picked":"Headbutt","floor":7},{"not_picked":["Thunderclap","Rage"],"picked":"Perfected Strike","floor":8},{"not_picked":["Iron Wave","Perfected Strike"],"picked":"Cleave","floor":11},{"not_picked":["Headbutt","Reckless Charge"],"picked":"Combust","floor":12},{"not_picked":["Disarm","Clothesline","Sword Boomerang"],"picked":"SKIP","floor":13},{"not_picked":["Battle Trance","Iron Wave"],"picked":"Ghostly Armor","floor":14},{"not_picked":["Bludgeon","Fiend Fire"],"picked":"Limit Break","floor":16},{"not_picked":["Dropkick","Cleave"],"picked":"Spot Weakness","floor":18},{"not_picked":["True Grit","Heavy Blade+1"],"picked":"Fire Breathing","floor":21},{"not_picked":["Headbutt","Pummel"],"picked":"Seeing Red","floor":21},{"not_picked":["Fiend Fire","Clothesline+1"],"picked":"Pommel Strike","floor":21},{"not_picked":["Sword Boomerang","Warcry"],"picked":"Infernal Blade+1","floor":21},{"not_picked":["Flame Barrier+1","Power Through"],"picked":"Reaper","floor":21},{"not_picked":["True Grit","Sever Soul"],"picked":"Hemokinesis","floor":24},{"not_picked":["Cleave","Infernal Blade"],"picked":"Rampage","floor":27},{"not_picked":["Heavy Blade","Thunderclap"],"picked":"Shrug It Off","floor":28},{"not_picked":["Bloodletting","Pummel"],"picked":"Intimidate+1","floor":29},{"not_picked":["Entrench","Armaments"],"picked":"Cleave","floor":30},{"not_picked":["Blood for Blood","Heavy Blade+1","Thunderclap"],"picked":"Body Slam","floor":31},{"not_picked":["Reaper","Berserk","Brutality"],"picked":"Impervious","floor":33},{"not_picked":["Sword Boomerang+1","Iron Wave","Shockwave"],"picked":"Flex","floor":35},{"not_picked":["Shrug It Off","Flex","Pommel Strike"],"picked":"Armaments+1","floor":37},{"not_picked":["Burning Pact+1","Disarm","Bludgeon"],"picked":"Shockwave+1","floor":39},{"not_picked":["Reckless Charge+1","Perfected Strike+1","Twin Strike+1"],"picked":"Clash+1","floor":41},{"not_picked":["Feel No Pain+1","Sword Boomerang","Metallicize+1"],"picked":"Thunderclap","floor":42},{"not_picked":["Offering+1","Perfected Strike","Body Slam"],"picked":"Warcry+1","floor":44},{"not_picked":["Cleave","Iron Wave+1","Ghostly Armor+1"],"picked":"Inflame","floor":48}],"player_experience":74504,"relics_obtained":[{"floor":9,"key":"Letter Opener"},{"floor":17,"key":"Juzu Bracelet"},{"floor":17,"key":"Self Forming Clay"},{"floor":17,"key":"Charon\u0027s Ashes"},{"floor":20,"key":"potionbrewer:SlideRule"},{"floor":24,"key":"Toy Ornithopter"},{"floor":26,"key":"Centennial Puzzle"},{"floor":30,"key":"Du-Vu Doll"},{"floor":30,"key":"Question Card"},{"floor":43,"key":"Toxic Egg 2"},{"floor":44,"key":"Girya"}],"event_choices":[{"damage_healed":0,"gold_gain":0,"player_choice":"Bought 1 Potion","damage_taken":0,"max_hp_gain":0,"max_hp_loss":0,"event_name":"The Woman in Blue","floor":3,"gold_loss":0},{"damage_healed":0,"gold_gain":175,"player_choice":"AGREE","damage_taken":0,"max_hp_gain":0,"max_hp_loss":0,"event_name":"Liars Game","floor":5,"gold_loss":0,"cards_obtained":["Doubt"]},{"damage_healed":0,"gold_gain":0,"player_choice":"Inject Mutagens","damage_taken":0,"relics_obtained":["MutagenicStrength"],"max_hp_gain":0,"max_hp_loss":0,"event_name":"Drug Dealer","floor":19,"gold_loss":0},{"damage_healed":0,"gold_gain":0,"player_choice":"Ignored","damage_taken":0,"max_hp_gain":0,"max_hp_loss":0,"event_name":"Cursed Tome","floor":22,"gold_loss":0},{"damage_healed":0,"gold_gain":0,"player_choice":"Fight","damage_taken":0,"max_hp_gain":0,"max_hp_loss":0,"event_name":"Colosseum","floor":30,"gold_loss":0},{"damage_healed":0,"gold_gain":0,"player_choice":"Fought Nobs","damage_taken":0,"max_hp_gain":0,"max_hp_loss":0,"event_name":"Colosseum","floor":30,"gold_loss":0},{"damage_healed":0,"gold_gain":0,"player_choice":"Fight","damage_taken":0,"max_hp_gain":0,"max_hp_loss":0,"event_name":"Mysterious Sphere","floor":44,"gold_loss":0},{"damage_healed":0,"gold_gain":0,"player_choice":"Paid","damage_taken":0,"relics_obtained":["Red Mask"],"max_hp_gain":0,"max_hp_loss":0,"event_name":"Tomb of Lord Red Mask","floor":47,"gold_loss":16}],"is_beta":false,"boss_relics":[{"not_picked":["Sozu","Runic Dome"],"picked":"Calling Bell"},{"not_picked":["Runesmith:UraniumAnvil","SlaversCollar"],"picked":"potionbrewer:BhaskarasWheel"}],"items_purged_floors":[],"is_endless":false,"potions_floor_spawned":[1,4,8,12,14,18,29,30,30,35,37,42,44],"killed_by":"Time Eater","ascension_level":0}}