{"host":"1tl36azeqm6yhdgj","time":1608334601,"event":{"mods":["AchievementEnabler","BaseMod","Minty Spire (QoL Compilation)","StSLib","The IronCluck","everything is the same but u backflip on backflip"],"gold_per_floor":[109,121,20,20,40,40,75,75,75,75,94,115,265,285,285,285,285],"floor_reached":16,"playtime":354,"items_purged":[],"score":180,"play_id":"effafa0c-0830-4a35-8b64-4b08b75c6376","local_time":"20201218183641","is_ascension_mode":true,"campfire_choices":[{"data":"Infernal Blade","floor":6,"key":"SMITH"},{"floor":8,"key":"REST"},{"floor":10,"key":"RECALL"},{"floor":15,"key":"REST"}],"circlet_count":0,"master_deck":["AscendersBane","Strike_R","Strike_R","Strike_R","Strike_R","Defend_R","Defend_R","Defend_R","Defend_R","Bash","Infernal Blade+1","Cleave","Swift Strike","Reckless Charge","Warcry","Barricade","Shrug It Off","Shrug It Off","Doubt","Anger"],"relics":["Burning Blood","NeowsBlessing","Question Card","Odd Mushroom"],"acts_visited":["Exordium"],"potions_floor_usage":[12,12],"damage_taken":[{"damage":0,"enemies":"Small Slimes","floor":1,"turns":1},{"damage":0,"enemies":"2 Louse","floor":2,"turns":1},{"damage":0,"enemies":"Cultist","floor":5,"turns":1},{"damage":61,"enemies":"Lagavulin","floor":7,"turns":9},{"damage":0,"enemies":"Large Slime","floor":11,"turns":5},{"damage":21,"enemies":"The Mushroom Lair","floor":12,"turns":4},{"damage":11,"enemies":"Looter","floor":14,"turns":2},{"damage":72,"enemies":"The Guardian","floor":16,"turns":10}],"seed_played":"1903349662284212584","potions_obtained":[{"floor":7,"key":"Weak Potion"},{"floor":11,"key":"LiquidMemories"}],"is_trial":false,"path_per_floor":["M","M","$","?","M","R","E","R","T","R","M","?","?","M","R","B"],"character_chosen":"IRONCLAD","items_purchased":["Swift Strike"],"campfire_rested":2,"item_purchase_floors":[3],"current_hp_per_floor":[74,75,75,75,75,75,20,42,42,42,48,33,33,28,50,0,0],"gold":285,"neow_bonus":"THREE_ENEMY_KILL","is_daily":false,"chose_seed":false,"campfire_upgraded":1,"win_rate":0.0,"timestamp":1608334601,"path_taken":["M","M","$","?","M","R","E","R","T","R","M","?","?","M","R","BOSS"],"items_purchased_type":["Card"],"build_version":"2020-12-13","purchased_purges":0,"victory":false,"max_hp_per_floor":[75,75,75,75,75,75,75,75,75,75,75,75,75,75,75,75,75],"card_choices":[{"not_picked":["Body Slam","Heavy Blade"],"picked":"Infernal Blade","floor":1},{"not_picked":["Armaments","Warcry"],"picked":"Cleave","floor":2},{"not_picked":["Searing Blow","Cleave"],"picked":"Warcry","floor":5},{"not_picked":["Perfected Strike","Ghostly Armor"],"picked":"Barricade","floor":7},{"not_picked":["Wild Strike","Reckless Charge","Havoc"],"picked":"Shrug It Off","floor":11},{"not_picked":["Warcry","Entrench","Second Wind"],"picked":"Shrug It Off","floor":12},{"not_picked":["Perfected Strike","Heavy Blade","Power Through"],"picked":"Anger","floor":14}],"player_experience":1967582,"relics_obtained":[{"floor":7,"key":"Question Card"},{"floor":12,"key":"Odd Mushroom"}],"event_choices":[{"damage_healed":0,"gold_gain":0,"cards_transformed":["Strike_R"],"player_choice":"Change","damage_taken":0,"max_hp_gain":0,"max_hp_loss":0,"event_name":"Living Wall","floor":4,"gold_loss":0,"cards_obtained":["Reckless Charge"]},{"damage_healed":0,"gold_gain":0,"player_choice":"Fought Mushrooms","damage_taken":0,"max_hp_gain":0,"max_hp_loss":0,"event_name":"Mushrooms","floor":12,"gold_loss":0},{"damage_healed":0,"gold_gain":150,"player_choice":"AGREE","damage_taken":0,"max_hp_gain":0,"max_hp_loss":0,"event_name":"Liars Game","floor":13,"gold_loss":0,"cards_obtained":["Doubt"]}],"is_beta":false,"boss_relics":[],"items_purged_floors":[],"is_endless":false,"potions_floor_spawned":[7,11],"killed_by":"The Guardian","ascension_level":16}}