{"host":"n529wyrjhujcvty3","time":1608304704,"event":{"mods":["2.2 Compatiblity","Act Like it!","BaseMod","Better Third Choice","Lobotomy","Marisa¡]Ãú«B¡@Å]²z¨F¡^","Minty Spire (QoL Compilation)","Shop Mod","StSLib","Td1madao Mod","The Runesmith"],"gold_per_floor":[116,127,52,52,62,91,91,119,119,119,57,57,71,95,95,95,95],"floor_reached":16,"playtime":917,"items_purged":["Strike_G"],"score":138,"play_id":"12ebb724-616c-4fae-b5c9-082d5c29f3a6","local_time":"20201218231824","is_ascension_mode":true,"campfire_choices":[{"data":"Survivor","floor":7,"key":"SMITH"},{"data":"Concentrate","floor":10,"key":"SMITH"},{"data":"Adrenaline","floor":12,"key":"SMITH"},{"data":"Noxious Fumes","floor":15,"key":"SMITH"}],"circlet_count":0,"master_deck":["Strike_G","Strike_G","Strike_G","Defend_G","Defend_G","Defend_G","Defend_G","Survivor+1","Neutralize+1","Concentrate+1","Adrenaline+1","Noxious Fumes+1"],"relics":["Ring of the Snake","Toy Ornithopter","Matryoshka","CeramicFish","Happy Flower"],"acts_visited":["Exordium"],"potions_floor_usage":[6,6,8,8],"damage_taken":[{"damage":0,"enemies":"Cultist","floor":1,"turns":5},{"damage":0,"enemies":"2 Louse","floor":2,"turns":3},{"damage":1,"enemies":"Small Slimes","floor":5,"turns":3},{"damage":30,"enemies":"3 Sentries","floor":6,"turns":16},{"damage":11,"enemies":"Gremlin Nob","floor":8,"turns":5},{"damage":0,"enemies":"Blue Slaver","floor":13,"turns":4},{"damage":1,"enemies":"Large Slime","floor":14,"turns":9},{"damage":37,"enemies":"Hexaghost","floor":16,"turns":11}],"seed_played":"2840450685421193731","potions_obtained":[{"floor":2,"key":"Dexterity Potion"},{"floor":6,"key":"EntropicBrew"},{"floor":13,"key":"SpeedPotion"}],"is_trial":false,"path_per_floor":["M","M","$","?","M","E","R","E","T","R","$","R","M","M","R","B"],"character_chosen":"THE_SILENT","items_purchased":["Adrenaline"],"campfire_rested":0,"item_purchase_floors":[11],"current_hp_per_floor":[63,63,63,63,62,37,37,36,36,36,36,36,36,35,35,0,0],"gold":95,"neow_bonus":"REMOVE_TWO","is_daily":false,"chose_seed":false,"campfire_upgraded":4,"win_rate":0.0,"timestamp":1608304704,"path_taken":["M","M","$","?","M","E","R","E","T","R","$","R","M","M","R","BOSS"],"items_purchased_type":["Card"],"build_version":"2020-12-13","purchased_purges":1,"victory":false,"max_hp_per_floor":[63,63,63,63,63,63,63,63,63,63,63,63,63,63,63,63,63],"card_choices":[{"not_picked":["Prepared","Skewer","Outmaneuver"],"picked":"SKIP","floor":1},{"not_picked":["Underhanded Strike","Prepared","Poisoned Stab"],"picked":"SKIP","floor":2},{"not_picked":["Prepared","All Out Attack","Bouncing Flask"],"picked":"SKIP","floor":5},{"not_picked":["A Thousand Cuts","Dagger Throw","Flying Knee"],"picked":"SKIP","floor":6},{"not_picked":["Distraction","Underhanded Strike"],"picked":"Concentrate","floor":8},{"not_picked":["Quick Slash","Dash","Bane"],"picked":"SKIP","floor":13},{"not_picked":["Masterful Stab","PiercingWail"],"picked":"Noxious Fumes","floor":14}],"player_experience":383472,"relics_obtained":[{"floor":6,"key":"Toy Ornithopter"},{"floor":8,"key":"Matryoshka"},{"floor":9,"key":"CeramicFish"},{"floor":9,"key":"Happy Flower"}],"event_choices":[{"damage_healed":0,"gold_gain":0,"player_choice":"Upgraded","damage_taken":0,"max_hp_gain":0,"max_hp_loss":0,"event_name":"Upgrade Shrine","floor":4,"gold_loss":0,"cards_upgraded":["Neutralize"]}],"is_beta":false,"boss_relics":[],"items_purged_floors":[3],"is_endless":false,"potions_floor_spawned":[2,6,13],"killed_by":"Hexaghost","ascension_level":5}}