{"host":"dcj2yvrgcvh5dl2s","time":1608272229,"event":{"mods":["BaseMod","Better Note","Block Reminder","Colored Powertips","DeckTracker","Minty Spire (QoL Compilation)","Quick Restart","Rare Cards Sparkle","Relic Stats","StSLib"],"gold_per_floor":[13,13,13,25,100,100,130,29,54,54,54],"floor_reached":10,"playtime":169,"items_purged":["Strike_R"],"score":99,"play_id":"da0780e6-c599-47df-83ae-569b626c4e5a","local_time":"20201218161709","is_ascension_mode":true,"campfire_choices":[{"data":"Dual Wield","floor":6,"key":"SMITH"}],"circlet_count":0,"master_deck":["AscendersBane","Strike_R","Strike_R","Defend_R","Defend_R","Defend_R","Defend_R","Bash","Rampage+1","Dual Wield+1","Headbutt"],"relics":["Burning Blood","Singing Bowl","Centennial Puzzle"],"acts_visited":["Exordium"],"potions_floor_usage":[7],"damage_taken":[{"damage":6,"enemies":"Cultist","floor":1,"turns":4},{"damage":7,"enemies":"2 Louse","floor":4,"turns":3},{"damage":35,"enemies":"Gremlin Nob","floor":7,"turns":4},{"damage":37,"enemies":"Lagavulin","floor":10,"turns":5}],"seed_played":"5935034444864540470","potions_obtained":[{"floor":1,"key":"DistilledChaos"}],"is_trial":false,"path_per_floor":["M","$","?","M","?","R","E","$","T","E"],"character_chosen":"IRONCLAD","items_purchased":["Headbutt"],"campfire_rested":0,"item_purchase_floors":[8],"current_hp_per_floor":[72,72,72,71,60,60,33,33,33,0,0],"gold":54,"neow_bonus":"TRANSFORM_TWO_CARDS","is_daily":false,"chose_seed":false,"campfire_upgraded":1,"win_rate":0.0,"timestamp":1608272229,"path_taken":["M","$","?","M","?","R","E","$","T","E"],"items_purchased_type":["Card"],"build_version":"2020-12-13","purchased_purges":1,"victory":false,"max_hp_per_floor":[80,80,80,80,80,80,82,82,82,82,82],"relic_stats":{"Centennial Puzzle":[3],"Singing Bowl":2,"counters":[4,16],"obtain_stats":[{"Centennial Puzzle":9,"Singing Bowl":7,"Burning Blood":0},{"Centennial Puzzle":3,"Singing Bowl":3,"Burning Blood":0},{"Centennial Puzzle":11,"Singing Bowl":11,"Burning Blood":0}],"Burning Blood":18},"card_choices":[{"not_picked":["Bloodletting","Perfected Strike","Reckless Charge"],"picked":"SKIP","floor":1},{"not_picked":["Bloodletting","Flame Barrier","Dual Wield"],"picked":"SKIP","floor":4},{"not_picked":["Perfected Strike","Havoc","Rupture"],"picked":"Singing Bowl","floor":7}],"player_experience":1978451,"relics_obtained":[{"floor":7,"key":"Singing Bowl"},{"floor":9,"key":"Centennial Puzzle"}],"event_choices":[{"damage_healed":0,"gold_gain":0,"player_choice":"Grow","damage_taken":0,"max_hp_gain":0,"max_hp_loss":0,"event_name":"Living Wall","floor":3,"gold_loss":0,"cards_upgraded":["Rampage"]},{"damage_healed":0,"gold_gain":75,"player_choice":"Gather Gold","damage_taken":11,"max_hp_gain":0,"max_hp_loss":0,"event_name":"World of Goop","floor":5,"gold_loss":0}],"is_beta":false,"boss_relics":[],"items_purged_floors":[8],"is_endless":false,"potions_floor_spawned":[1],"killed_by":"Lagavulin","ascension_level":11}}