{"host":"eckg3lzugnpjvwsg","time":1608310684,"event":{"mods":["Act Like it!","Aspiration","Bard","BaseMod","Bestiary","Better Third Choice","Curses Come First","Filter the Spire","Gremlin Mod","Hermit","Infinite Spire","Mad Scientist","Mimic Mod","Minty Spire (QoL Compilation)","Replay The Spire","StSLib","The Bladedancer","The Disciple","The Gatherer","The Jungle","The Mystic","The Necromancer","The Poker Player","The Runesmith"],"gold_per_floor":[116,133,133,133,133,162,162,179,213,248,267,302,314,328,328,433,433,421,421,421,435,42,42,42,42,42,54,54,65,90,104,104,201,201,220,320,19,19,35,67,87,107,159,171,214,244,256,268,280,292,292],"floor_reached":50,"playtime":4503,"items_purged":[],"score":592,"play_id":"803aa4b1-cd86-4e8b-9003-604ebf2889f3","local_time":"20201218145804","is_ascension_mode":false,"campfire_choices":[{"data":"bard:DeathMetal","floor":7.0,"key":"SMITH"},{"data":"bard:Accelerando","floor":15.0,"key":"SMITH"},{"data":"bard:Sift","floor":23.0,"key":"SMITH"},{"data":"bard:GreaterMagicWeapon","floor":32.0,"key":"SMITH"},{"data":"bard:Accelerando","floor":44,"key":"SMITH"},{"data":"Night Terror","floor":47,"key":"SMITH"},{"data":"bard:DeathMetal","floor":49,"key":"SMITH"}],"circlet_count":0,"master_deck":["bard:Defend","bard:Riposte","bard:Inspire","bard:LingeringEcho","bard:DeathMetal+1","bard:StudiedStrike","bard:Accelerando+1","bard:PhantasmalForce","bard:FirstStrike","bard:FeastOnFear","bard:Fermata","bard:ThickOfTheFight","bard:DeathMetal+1","bard:GuardPoint","PiercingWail","Replay:Bag of Tricks","Night Terror+1","bard:Sift+1","bard:FirstStrike","bard:Greatness+1","bard:Accelerando+1","bard:GreaterMagicWeapon+1","bard:MnemonicVestments","Cloak And Dagger+1","bard:Thunderwave","bard:MnemonicVestments","Backstab+1","bard:Parry+1","bard:FaerieFire+1","Infinite Blades+1"],"relics":["bard:PitchPipe","bard:BagPipes","aspiration:Nostalgia","Sizzling Blood","aspiration:DSix","Mango","Chameleon Ring","Replay:Drink Me","Ring of Fury","Ring of Panic","Divine Protection","ClockworkSouvenir","aspiration:PoetsPen_weak","TheAbacus","Thread and Needle","Bronze Scales","aspiration:SilentSkillbook","Incense Burner","Bag of Preparation","MawBank","bard:OilPainting","ReplayTheSpireMod:EnergyBall"],"acts_visited":["Exordium","TheCity","TheBeyond"],"potions_floor_usage":[50,50,50],"damage_taken":[{"damage":2.0,"enemies":"Cultist","floor":1.0,"turns":5.0},{"damage":0.0,"enemies":"2 Louse","floor":2.0,"turns":4.0},{"damage":5.0,"enemies":"3 Sentries","floor":6.0,"turns":7.0},{"damage":1.0,"enemies":"Jaw Worm","floor":8.0,"turns":2.0},{"damage":0.0,"enemies":"2 Fungi Beasts","floor":9.0,"turns":5.0},{"damage":12.0,"enemies":"Gremlin Nob","floor":10.0,"turns":5.0},{"damage":0.0,"enemies":"2 Fungi Beasts","floor":11.0,"turns":4.0},{"damage":18.0,"enemies":"3 Sentries","floor":12.0,"turns":5.0},{"damage":0.0,"enemies":"Large Slime","floor":13.0,"turns":4.0},{"damage":0.0,"enemies":"Blue Slaver","floor":14.0,"turns":3.0},{"damage":47.0,"enemies":"Hexaghost","floor":16.0,"turns":11.0},{"damage":0.0,"enemies":"2 Thieves","floor":18.0,"turns":4.0},{"damage":3.0,"enemies":"Shell Parasite","floor":21.0,"turns":6.0},{"damage":0.0,"enemies":"Snecko","floor":27.0,"turns":4.0},{"damage":0.0,"enemies":"Snake Plant","floor":29.0,"turns":3.0},{"damage":0.0,"enemies":"Gremlin Leader","floor":30.0,"turns":3.0},{"damage":0.0,"enemies":"Centurion and Healer","floor":31.0,"turns":2.0},{"damage":16.0,"enemies":"Collector","floor":33.0,"turns":6.0},{"damage":0,"enemies":"3 Darklings","floor":35,"turns":2},{"damage":3,"enemies":"3 Shapes","floor":39,"turns":2},{"damage":6,"enemies":"Nightmare","floor":40,"turns":6},{"damage":0,"enemies":"Writhing Mass","floor":41,"turns":2},{"damage":0,"enemies":"3 Darklings","floor":42,"turns":2},{"damage":0,"enemies":"Giant Head","floor":45,"turns":6},{"damage":0,"enemies":"Spire Growth","floor":46,"turns":3},{"damage":202,"enemies":"LordOfAnnihilation","floor":50,"turns":16}],"seed_played":"5951030758406066014","potions_obtained":[{"floor":6.0,"key":"Toxic Potion"},{"floor":8.0,"key":"bard:InspiredBrew"},{"floor":10.0,"key":"Block Potion"},{"floor":31.0,"key":"LiquidMemories"}],"is_trial":false,"path_per_floor":["M","M","$","$","?","E","R","M","MIM","E","M","E","M","M","R","B",null,"M","?","?","M","$","R","?","AVR","T","M","?","M","E","M","R","B",null,"M","?","$","?","M","NM","M","M","T","R","E","M","R","AVR","R","B"],"character_chosen":"BARD","items_purchased":["Divine Protection","ClockworkSouvenir","Incense Burner"],"campfire_rested":0,"item_purchase_floors":[22,22,37],"current_hp_per_floor":[74,74,74,74,74,73,73,74,74,80,84,70,74,78,78,35,66,66,66,66,66,66,66,66,66,66,66,66,66,66,66,66,54,66,66,66,66,66,66,64,66,66,66,66,66,66,66,66,66,0,0],"gold":292,"neow_bonus":"NOSTALGIA","is_daily":false,"chose_seed":false,"campfire_upgraded":7,"win_rate":0.0,"timestamp":1608310684,"path_taken":["M","M","?","$","?","E","R","M","MIM","E","M","E","M","M","R","BOSS","M","?","?","M","$","R","?","AVR","T","M","?","M","E","M","R","BOSS","M","?","?","?","M","NM","?","M","T","R","E","M","R","AVR","R","BOSS"],"items_purchased_type":["Relic","Relic","Relic"],"build_version":"2020-12-13","purchased_purges":0,"victory":false,"max_hp_per_floor":[74,74,74,74,74,74,74,74,74,88,88,88,88,88,88,88,66,66,66,66,66,66,66,66,66,66,66,66,66,66,66,66,66,66,66,66,66,66,66,66,66,66,66,66,66,66,66,66,66,66,66],"card_choices":[{"not_picked":["bard:PhantasmalForce","bard:Silence"],"picked":"bard:LingeringEcho","floor":1.0},{"not_picked":["bard:StudiedStrike","bard:LingeringEcho"],"picked":"bard:DeathMetal","floor":2.0},{"not_picked":["bard:LocateObject","bard:Demoralize"],"picked":"bard:StudiedStrike","floor":6.0},{"not_picked":["bard:CuttingWords","bard:DervishDance","bard:Balestra"],"picked":"SKIP","floor":8.0},{"not_picked":["bard:Doot","bard:QuickSong"],"picked":"bard:Accelerando","floor":9.0},{"not_picked":["bard:QuickSong","bard:Gamble"],"picked":"bard:PhantasmalForce","floor":10.0},{"not_picked":["bard:Demoralize","bard:Gamble"],"picked":"bard:FirstStrike","floor":11.0},{"not_picked":["bard:Improv","bard:DervishDance"],"picked":"bard:FeastOnFear","floor":12.0},{"not_picked":["bard:Gamble","bard:TinyHut"],"picked":"bard:Fermata","floor":13.0},{"not_picked":["bard:InspiringSong","bard:Gamble"],"picked":"bard:ThickOfTheFight","floor":14.0},{"not_picked":["bard:Focused","bard:Haste"],"picked":"bard:DeathMetal","floor":16.0},{"not_picked":["bard:LingeringEcho","bard:DervishDance+1"],"picked":"bard:GuardPoint","floor":18.0},{"not_picked":["bard:Balestra","bard:LocateObject"],"picked":"bard:Sift","floor":21.0},{"not_picked":["bard:Focused","bard:LocateObject"],"picked":"bard:FirstStrike","floor":27.0},{"not_picked":["bard:GuardPoint","bard:InspiringSong"],"picked":"bard:Greatness+1","floor":29.0},{"not_picked":["bard:Fermata","bard:GuardPoint"],"picked":"bard:Accelerando","floor":30.0},{"not_picked":["bard:EnGarde+1","bard:Flourish"],"picked":"bard:GreaterMagicWeapon","floor":31.0},{"not_picked":["bard:ReverseGravity","bard:SplendidForm"],"picked":"bard:MnemonicVestments","floor":33.0},{"not_picked":["Underhanded Strike","bard:Parry+1","Predator+1"],"picked":"Cloak And Dagger+1","floor":35},{"not_picked":["bard:LifeDrain+1","Leg Sweep+1","bard:QuickSong"],"picked":"bard:Thunderwave","floor":39},{"not_picked":["Draining Mist+1","bard:QuickSong+1","Well Laid Plans+1"],"picked":"bard:MnemonicVestments","floor":40},{"not_picked":["bard:ThickOfTheFight+1","Skewer","ReplayTheSpireMod:Tripwire+1"],"picked":"Backstab+1","floor":41},{"not_picked":["bard:FirstStrike","Backflip","Acrobatics+1"],"picked":"bard:Parry+1","floor":42},{"not_picked":["Dodge and Roll","bard:SixFourTime","Dash"],"picked":"bard:FaerieFire+1","floor":45},{"not_picked":["Predator","Deflect","bard:HideousLaughter+1"],"picked":"Infinite Blades+1","floor":46}],"player_experience":19941,"relics_obtained":[{"floor":6.0,"key":"aspiration:DSix"},{"floor":10.0,"key":"Mango"},{"floor":12.0,"key":"Chameleon Ring"},{"floor":20.0,"key":"Ring of Fury"},{"floor":20.0,"key":"Ring of Panic"},{"floor":26.0,"key":"Thread and Needle"},{"floor":30.0,"key":"Bronze Scales"},{"floor":40,"key":"Bag of Preparation"},{"floor":43,"key":"MawBank"},{"floor":45,"key":"bard:OilPainting"}],"event_choices":[{"cards_removed":["bard:Strike"],"damage_healed":0.0,"max_hp_gain":0.0,"max_hp_loss":0.0,"gold_gain":0.0,"event_name":"Wheel of Change","player_choice":"Card Removal","floor":5.0,"gold_loss":0.0,"damage_taken":0.0},{"damage_healed":0.0,"max_hp_gain":0.0,"max_hp_loss":0.0,"gold_gain":0.0,"event_name":"Vampires","player_choice":"Ignored","floor":24.0,"gold_loss":0.0,"damage_taken":0.0},{"damage_healed":0,"gold_gain":100,"player_choice":"Pray","damage_taken":0,"max_hp_gain":0,"max_hp_loss":0,"event_name":"Golden Shrine","floor":36,"gold_loss":0},{"cards_removed":["Looming Evil"],"damage_healed":0,"gold_gain":0,"player_choice":"Purged","damage_taken":0,"max_hp_gain":0,"max_hp_loss":0,"event_name":"Purifier","floor":38,"gold_loss":0}],"is_beta":false,"boss_relics":[{"not_picked":["Empty Cage","Ectoplasm"],"picked":"Replay:Drink Me"},{"not_picked":["ReplayTheSpireMod:SealedPack","aspiration:RunicSpoon"],"picked":"aspiration:SilentSkillbook"}],"items_purged_floors":[],"is_endless":true,"potions_floor_spawned":[6,8,10,11,13,16,18,29,31,35,40,46],"killed_by":"LordOfAnnihilation","ascension_level":0}}