{"host":"m3herrhkesxm9ooc","time":1608261473,"event":{"mods":["BaseMod","Hermit","Minty Spire (QoL Compilation)","StSLib","The Hierophant"],"gold_per_floor":[110,160,177,190,201,201,201,201,252,33,53,92,92,92,92],"floor_reached":14,"playtime":322,"items_purged":[],"score":158,"play_id":"cd7e849b-dd33-4640-85bc-7a65cbf8c313","local_time":"20201218121753","is_ascension_mode":true,"campfire_choices":[{"data":"hermit:CursedWeapon","floor":6,"key":"SMITH"},{"data":"hermit:Virtue","floor":8,"key":"SMITH"},{"floor":13,"key":"REST"}],"circlet_count":0,"master_deck":["AscendersBane","hermit:Strike_Hermit","hermit:Strike_Hermit","hermit:Strike_Hermit","hermit:Strike_Hermit","hermit:Defend_Hermit","hermit:Defend_Hermit","hermit:Defend_Hermit","hermit:Defend_Hermit","hermit:Snapshot","hermit:Covet","hermit:CursedWeapon+1","hermit:TrackingShot","hermit:Virtue+1","hermit:Glare","Injury","hermit:Deadeye","hermit:BodyArmor","hermit:Coalescence"],"relics":["hermit:Momento","StoneCalendar","Golden Idol","Art of War","Chemical X","Nunchaku"],"acts_visited":["Exordium"],"potions_floor_usage":[12],"damage_taken":[{"damage":4.0,"enemies":"Jaw Worm","floor":1.0,"turns":4.0},{"damage":8,"enemies":"Cultist","floor":3,"turns":4},{"damage":2,"enemies":"2 Louse","floor":4,"turns":2},{"damage":2,"enemies":"Exordium Wildlife","floor":5,"turns":3},{"damage":2,"enemies":"Blue Slaver","floor":11,"turns":2},{"damage":25,"enemies":"Gremlin Nob","floor":12,"turns":5},{"damage":25,"enemies":"3 Sentries","floor":14,"turns":4}],"seed_played":"-2177138172929316799","potions_obtained":[{"floor":1.0,"key":"SpeedPotion"},{"floor":5,"key":"Ancient Potion"}],"is_trial":false,"path_per_floor":["M","?","M","M","M","R","?","R","T","$","M","E","R","E"],"character_chosen":"HERMIT","items_purchased":["Chemical X","hermit:Deadeye"],"campfire_rested":1,"item_purchase_floors":[10,10],"current_hp_per_floor":[60,54,46,44,42,42,42,42,42,42,40,15,34,9,9],"gold":92,"neow_bonus":"ONE_RARE_RELIC","is_daily":false,"chose_seed":false,"campfire_upgraded":2,"win_rate":0.0,"timestamp":1608261473,"path_taken":["M","?","M","?","M","R","?","R","T","$","M","E","R","E"],"items_purchased_type":["Relic","Card"],"build_version":"2020-12-13","purchased_purges":0,"victory":false,"max_hp_per_floor":[64,64,64,64,64,64,64,64,64,64,64,64,64,64,64],"card_choices":[{"not_picked":["hermit:Roulette","hermit:Misfire"],"picked":"hermit:CursedWeapon","floor":1.0},{"not_picked":["hermit:Cheat","hermit:Quickdraw"],"picked":"hermit:TrackingShot","floor":3},{"not_picked":["hermit:FlashPowder","hermit:HoleUp"],"picked":"hermit:Virtue","floor":4},{"not_picked":["hermit:TrackingShot","hermit:Desperado"],"picked":"hermit:Glare","floor":5},{"not_picked":["hermit:LowProfile","hermit:Misfire"],"picked":"hermit:BodyArmor","floor":11},{"not_picked":["hermit:Reprieve","hermit:BigShot"],"picked":"hermit:Coalescence","floor":12}],"player_experience":639522,"relics_obtained":[{"floor":9,"key":"Art of War"},{"floor":12,"key":"Nunchaku"}],"event_choices":[{"damage_healed":0,"gold_gain":50,"player_choice":"Touch","damage_taken":6,"max_hp_gain":0,"max_hp_loss":0,"event_name":"FaceTrader","floor":2,"gold_loss":0},{"damage_healed":0,"gold_gain":0,"player_choice":"Take Wound","damage_taken":0,"relics_obtained":["Golden Idol"],"max_hp_gain":0,"max_hp_loss":0,"event_name":"Golden Idol","floor":7,"gold_loss":0,"cards_obtained":["Injury"]}],"is_beta":false,"boss_relics":[],"items_purged_floors":[],"is_endless":false,"potions_floor_spawned":[1,5],"killed_by":"3 Sentries","ascension_level":15}}