{"host":"3y2rtlgteqp2nuo3","time":1608275030,"event":{"mods":["2.2 Compatiblity","AchievementEnabler","BaseMod","Colored Map","DeckTracker","Highlight Path","Keyboard Shortcuts","Minty Spire (QoL Compilation)","Permanent Neow","Quick Restart","StSLib","SuperFastMode","everything is the same but u backflip on backflip"],"gold_per_floor":[13,33,33,46,65,99,24,53,100,111,111,125,137,165,165,269,269,285,302,302,316,80,107,117,149,149,71,71,106,117,146,146,247,247,261,271,282,329,345,345,94,94,94,125,141,164,176,50,50,50,50,50,17,42,42],"floor_reached":56,"playtime":2078,"items_purged":["Strike_B","Defend_B"],"score":1891,"play_id":"ab68cfcd-2101-4b04-b75f-55a76f14a8c2","local_time":"20201218160350","is_ascension_mode":true,"campfire_choices":[{"floor":15.0,"key":"REST"},{"data":"Defragment","floor":28.0,"key":"SMITH"},{"data":"Defragment","floor":32.0,"key":"SMITH"},{"data":"Hologram","floor":40.0,"key":"SMITH"},{"data":"Amplify","floor":42.0,"key":"SMITH"},{"floor":47,"key":"RECALL"},{"data":"White Noise","floor":49,"key":"SMITH"},{"data":"Echo Form","floor":52,"key":"SMITH"}],"circlet_count":0,"master_deck":["AscendersBane","Defend_B","Defend_B","Defend_B","Zap+1","Dualcast","BootSequence","Ball Lightning","Sweeping Beam","Coolheaded","Tempest","White Noise+1","Static Discharge","Leap","Ball Lightning","Amplify+1","CurseOfTheBell","Hologram+1","Hologram+1","Consume","Turbo","Chill","Storm","Defragment+1","Self Repair","Echo Form+1","Self Repair","Heatsinks","Defragment+1","Recycle+1","Stack","Electrodynamics","Rebound+1","Go for the Eyes+1","Darkness+1","Skim","Echo Form","Self Repair","Storm","Thunder Strike+1","Skim","FTL+1"],"relics":["Cracked Core","Mango","Centennial Puzzle","Mummified Hand","Potion Belt","Regal Pillow","Calling Bell","Bag of Marbles","Shuriken","Bird Faced Urn","Orrery","Darkstone Periapt","Molten Egg 2","CaptainsWheel","Pocketwatch","Vajra","Astrolabe","Calipers","DollysMirror","Orichalcum","MawBank","Art of War"],"acts_visited":["Exordium","TheCity","TheBeyond","TheEnding"],"potions_floor_usage":[],"damage_taken":[{"damage":12.0,"enemies":"Small Slimes","floor":1.0,"turns":3.0},{"damage":0.0,"enemies":"2 Louse","floor":2.0,"turns":2.0},{"damage":1.0,"enemies":"Cultist","floor":4.0,"turns":4.0},{"damage":3.0,"enemies":"Blue Slaver","floor":5.0,"turns":4.0},{"damage":20.0,"enemies":"Gremlin Nob","floor":6.0,"turns":3.0},{"damage":21.0,"enemies":"Lagavulin","floor":8.0,"turns":9.0},{"damage":5.0,"enemies":"Exordium Wildlife","floor":10.0,"turns":4.0},{"damage":0.0,"enemies":"2 Fungi Beasts","floor":12.0,"turns":3.0},{"damage":16.0,"enemies":"Exordium Thugs","floor":13.0,"turns":4.0},{"damage":32.0,"enemies":"Gremlin Nob","floor":14.0,"turns":4.0},{"damage":39.0,"enemies":"The Guardian","floor":16.0,"turns":10.0},{"damage":6.0,"enemies":"3 Byrds","floor":18.0,"turns":4.0},{"damage":2.0,"enemies":"Chosen","floor":19.0,"turns":5.0},{"damage":12.0,"enemies":"Snake Plant","floor":21.0,"turns":3.0},{"damage":21.0,"enemies":"Book of Stabbing","floor":23.0,"turns":4.0},{"damage":3.0,"enemies":"Centurion and Healer","floor":24.0,"turns":4.0},{"damage":23.0,"enemies":"Slavers","floor":25.0,"turns":4.0},{"damage":23.0,"enemies":"Gremlin Leader","floor":29.0,"turns":6.0},{"damage":0.0,"enemies":"3 Cultists","floor":30.0,"turns":4.0},{"damage":36.0,"enemies":"Book of Stabbing","floor":31.0,"turns":5.0},{"damage":20.0,"enemies":"Automaton","floor":33.0,"turns":9.0},{"damage":2.0,"enemies":"Orb Walker","floor":35.0,"turns":4.0},{"damage":12.0,"enemies":"3 Shapes","floor":36.0,"turns":2.0},{"damage":14.0,"enemies":"Writhing Mass","floor":37.0,"turns":5.0},{"damage":49.0,"enemies":"2 Orb Walkers","floor":38.0,"turns":4.0},{"damage":5.0,"enemies":"Sphere and 2 Shapes","floor":39.0,"turns":2.0},{"damage":67,"enemies":"Giant Head","floor":44,"turns":7},{"damage":29,"enemies":"Spire Growth","floor":45,"turns":6},{"damage":32,"enemies":"Time Eater","floor":50,"turns":7},{"damage":30,"enemies":"Shield and Spear","floor":54,"turns":4},{"damage":100,"enemies":"The Heart","floor":55,"turns":5}],"seed_played":"-7665627398935119693","potions_obtained":[{"floor":1.0,"key":"ColorlessPotion"},{"floor":4.0,"key":"DuplicationPotion"},{"floor":13.0,"key":"SpeedPotion"},{"floor":16.0,"key":"Ancient Potion"},{"floor":18.0,"key":"FearPotion"},{"floor":20.0,"key":"SkillPotion"},{"floor":24.0,"key":"Strength Potion"},{"floor":25.0,"key":"LiquidBronze"}],"is_trial":false,"path_per_floor":["M","M","?","M","M","E","$","E","T","M","?","M","M","E","R","B",null,"M","M","?","M","$","E","M","E","T","$","R","E","M","E","R","B",null,"M","M","M","?","M","R","$","R","T","E","M","T","R","$","R","B",null,"R","$","E","B",null],"character_chosen":"DEFECT","items_purchased":["Orrery","Self Repair","Heatsinks","DollysMirror","Thunder Strike+1","Skim"],"campfire_rested":1,"item_purchase_floors":[22,22,27,41,48,53],"current_hp_per_floor":[70,70,70,69,66,46,46,25,25,20,49,49,33,1,42,3,68,68,72,72,62,62,51,65,67,67,67,67,89,89,84,84,89,89,89,89,89,55,67,67,67,67,67,40,67,67,67,67,67,84,88,88,88,89,34],"gold":42,"neow_bonus":"ONE_RARE_RELIC","is_daily":false,"chose_seed":false,"campfire_upgraded":6,"win_rate":0.0,"timestamp":1608275030,"path_taken":["M","M","?","M","M","E","$","E","T","M","?","M","M","E","R","BOSS","M","M","?","M","$","E","M","E","T","$","R","E","?","E","R","BOSS","M","M","M","?","M","R","$","R","T","E","M","?","R","$","R","BOSS","R","$","E","BOSS"],"items_purchased_type":["Relic","Card","Card","Relic","Card","Card"],"build_version":"2020-12-13","purchased_purges":2,"victory":true,"max_hp_per_floor":[89,89,89,89,89,89,89,89,89,89,89,89,89,89,89,89,89,89,89,89,89,89,89,89,89,89,89,89,89,89,89,89,89,89,89,89,89,89,89,89,89,89,89,89,89,89,89,89,89,89,89,89,89,89,89],"card_choices":[{"not_picked":["Beam Cell","Leap"],"picked":"BootSequence","floor":1.0},{"not_picked":["Streamline","Hello World"],"picked":"Ball Lightning","floor":2.0},{"not_picked":["Scrape","Gash","Fusion"],"picked":"SKIP","floor":4.0},{"not_picked":["Seek","Barrage"],"picked":"Sweeping Beam","floor":5.0},{"not_picked":["Stack","Fusion"],"picked":"Coolheaded","floor":6.0},{"not_picked":["Leap","Gash"],"picked":"Tempest","floor":8.0},{"not_picked":["Undo","Sunder"],"picked":"White Noise","floor":10.0},{"not_picked":["Stack","Leap"],"picked":"Static Discharge","floor":12.0},{"not_picked":["Stack","Blizzard"],"picked":"Leap","floor":13.0},{"not_picked":["Recycle","Aggregate"],"picked":"Ball Lightning","floor":14.0},{"not_picked":["Hyperbeam","Multi-Cast"],"picked":"Amplify","floor":16.0},{"not_picked":["Loop","Recycle"],"picked":"Hologram","floor":18.0},{"not_picked":["Sweeping Beam+1","Coolheaded"],"picked":"Hologram+1","floor":19.0},{"not_picked":["Conserve Battery","Beam Cell"],"picked":"Consume","floor":21.0},{"not_picked":["Amplify","Steam+1"],"picked":"Turbo","floor":22.0},{"not_picked":["Scrape","Gash"],"picked":"Chill","floor":22.0},{"not_picked":["Doom and Gloom","Genetic Algorithm"],"picked":"Storm","floor":22.0},{"not_picked":["Biased Cognition","Fusion"],"picked":"Defragment","floor":22.0},{"not_picked":["Cold Snap","Go for the Eyes"],"picked":"Echo Form","floor":23.0},{"not_picked":["Beam Cell","Streamline","Coolheaded"],"picked":"SKIP","floor":24.0},{"not_picked":["Barrage+1","Stack"],"picked":"Self Repair","floor":25.0},{"not_picked":["Genetic Algorithm","Go for the Eyes+1"],"picked":"Defragment","floor":29.0},{"not_picked":["Gash+1","Sweeping Beam+1"],"picked":"Recycle+1","floor":30.0},{"not_picked":["Sweeping Beam+1","Leap"],"picked":"Stack","floor":31.0},{"not_picked":["Hyperbeam+1","Multi-Cast"],"picked":"Electrodynamics","floor":33.0},{"not_picked":["Doom and Gloom+1","Heatsinks","Streamline+1"],"picked":"SKIP","floor":35.0},{"not_picked":["Heatsinks","Cold Snap+1","Steam"],"picked":"SKIP","floor":36.0},{"not_picked":["Rebound+1","Ball Lightning+1"],"picked":"Skim","floor":37.0},{"not_picked":["Streamline+1","Gash+1","Steam"],"picked":"SKIP","floor":39.0},{"not_picked":["Meteor Strike+1","Sweeping Beam+1"],"picked":"Self Repair","floor":44},{"not_picked":["Steam","Redo"],"picked":"Storm","floor":45},{"not_picked":["Sweeping Beam+1","Melter+1"],"picked":"FTL+1","floor":54}],"player_experience":858476,"relics_obtained":[{"floor":6.0,"key":"Centennial Puzzle"},{"floor":8.0,"key":"Mummified Hand"},{"floor":9.0,"key":"Potion Belt"},{"floor":14.0,"key":"Regal Pillow"},{"floor":17.0,"key":"Bag of Marbles"},{"floor":17.0,"key":"Shuriken"},{"floor":17.0,"key":"Bird Faced Urn"},{"floor":23.0,"key":"Darkstone Periapt"},{"floor":25.0,"key":"Molten Egg 2"},{"floor":26.0,"key":"CaptainsWheel"},{"floor":29.0,"key":"Pocketwatch"},{"floor":31.0,"key":"Vajra"},{"floor":38.0,"key":"Calipers"},{"floor":44,"key":"Orichalcum"},{"floor":46,"key":"MawBank"},{"floor":54,"key":"Art of War"}],"event_choices":[{"damage_healed":0.0,"max_hp_gain":0.0,"max_hp_loss":0.0,"gold_gain":0.0,"event_name":"Living Wall","player_choice":"Grow","floor":3.0,"gold_loss":0.0,"damage_taken":0.0,"cards_upgraded":["Zap"]},{"damage_healed":29.0,"max_hp_gain":0.0,"max_hp_loss":0.0,"gold_gain":0.0,"event_name":"Big Fish","player_choice":"Banana","floor":11.0,"gold_loss":0.0,"damage_taken":0.0},{"damage_healed":0.0,"max_hp_gain":0.0,"max_hp_loss":0.0,"gold_gain":0.0,"event_name":"Lab","player_choice":"Got Potions","floor":20.0,"gold_loss":0.0,"damage_taken":0.0},{"damage_healed":0.0,"max_hp_gain":0.0,"max_hp_loss":0.0,"gold_gain":0.0,"event_name":"Mysterious Sphere","player_choice":"Fight","floor":38.0,"gold_loss":0.0,"damage_taken":0.0}],"is_beta":false,"boss_relics":[{"not_picked":["FrozenCore","Ectoplasm"],"picked":"Calling Bell"},{"not_picked":["Philosopher\u0027s Stone","Coffee Dripper"],"picked":"Astrolabe"}],"items_purged_floors":[7,41],"is_endless":false,"potions_floor_spawned":[1,4,5,13,16,18,24,25,31,33,35,39],"ascension_level":12}}