{"host":"fdq5pmhluajjrf8d","time":1608307847,"event":{"mods":["BaseMod","Minty Spire (QoL Compilation)"],"gold_per_floor":[112,128,128,146,111,111,137,148,148,158,175,175,193,208,208,286,286,306,306,306,23,23,23,23,23],"floor_reached":24,"playtime":898,"items_purged":[],"score":386,"play_id":"41d781fa-50dc-486c-93ef-fc78935fd46b","local_time":"20201218111047","is_ascension_mode":true,"campfire_choices":[{"data":"Machine Learning","floor":6,"key":"SMITH"},{"floor":12,"key":"REST"},{"data":"Zap","floor":15,"key":"SMITH"},{"data":"Storm","floor":23,"key":"SMITH"}],"circlet_count":0,"master_deck":["AscendersBane","Strike_B","Strike_B","Strike_B","Strike_B","Defend_B","Defend_B","Defend_B","Defend_B","Zap+1","Dualcast","Machine Learning+1","FTL","Go for the Eyes","Sunder","All For One","All For One","Hello World","Beam Cell","Self Repair","Skim","Storm+1","Decay"],"relics":["FrozenCore","Regal Pillow","StoneCalendar","Mummified Hand","Bag of Marbles"],"acts_visited":["Exordium","TheCity"],"potions_floor_usage":[7,10,14,18],"damage_taken":[{"damage":5,"enemies":"2 Louse","floor":1,"turns":2},{"damage":7,"enemies":"Jaw Worm","floor":2,"turns":3},{"damage":1,"enemies":"Cultist","floor":4,"turns":3},{"damage":17,"enemies":"Gremlin Nob","floor":7,"turns":4},{"damage":8,"enemies":"Blue Slaver","floor":8,"turns":3},{"damage":4,"enemies":"Large Slime","floor":10,"turns":3},{"damage":5,"enemies":"Red Slaver","floor":11,"turns":3},{"damage":16,"enemies":"Lots of Slimes","floor":13,"turns":3},{"damage":14,"enemies":"3 Louse","floor":14,"turns":3},{"damage":33,"enemies":"The Guardian","floor":16,"turns":9},{"damage":1,"enemies":"3 Byrds","floor":18,"turns":5},{"damage":56,"enemies":"Slavers","floor":24,"turns":3}],"seed_played":"-2542641061095670168","potions_obtained":[{"floor":4,"key":"AttackPotion"},{"floor":8,"key":"Weak Potion"},{"floor":11,"key":"Energy Potion"},{"floor":13,"key":"Regen Potion"}],"is_trial":false,"path_per_floor":["M","M","?","M","?","R","E","M","T","M","M","R","M","M","R","B",null,"M","?","?","$","?","R","E"],"character_chosen":"DEFECT","items_purchased":["Self Repair","Bag of Marbles","Skim"],"campfire_rested":1,"item_purchase_floors":[21,21,21],"current_hp_per_floor":[59,52,47,46,62,62,45,37,37,33,28,62,46,41,41,8,50,49,49,49,49,49,49,0,0],"gold":23,"neow_bonus":"THREE_RARE_CARDS","is_daily":false,"chose_seed":false,"campfire_upgraded":3,"win_rate":0.0,"timestamp":1608307847,"path_taken":["M","M","?","M","?","R","E","M","T","?","M","R","M","M","R","BOSS","M","?","?","$","?","R","E"],"items_purchased_type":["Card","Relic","Card"],"build_version":"2020-12-13","purchased_purges":0,"victory":false,"max_hp_per_floor":[64,64,64,64,64,64,64,64,64,64,64,64,64,64,64,64,64,64,64,64,64,64,64,64,64],"card_choices":[{"not_picked":["Meteor Strike","Buffer"],"picked":"Machine Learning","floor":0},{"not_picked":["Steam","Leap"],"picked":"FTL","floor":1},{"not_picked":["Consume","Compile Driver","Stack"],"picked":"SKIP","floor":2},{"not_picked":["BootSequence","Turbo"],"picked":"Go for the Eyes","floor":4},{"not_picked":["Rainbow","Darkness"],"picked":"Sunder","floor":7},{"not_picked":["Compile Driver","Go for the Eyes","Aggregate"],"picked":"SKIP","floor":8},{"not_picked":["Steam","Blizzard","Turbo"],"picked":"SKIP","floor":10},{"not_picked":["Scrape","Rebound"],"picked":"All For One","floor":11},{"not_picked":["Sweeping Beam","Streamline","Barrage"],"picked":"SKIP","floor":13},{"not_picked":["Streamline","Static Discharge","Leap"],"picked":"SKIP","floor":14},{"not_picked":["Seek","Core Surge"],"picked":"All For One","floor":16},{"not_picked":["Auto Shields+1","Recycle"],"picked":"Hello World","floor":18}],"player_experience":1881384,"relics_obtained":[{"floor":7,"key":"StoneCalendar"},{"floor":9,"key":"Mummified Hand"}],"event_choices":[{"damage_healed":0,"gold_gain":0,"player_choice":"Success","damage_taken":5,"relics_obtained":["Regal Pillow"],"max_hp_gain":0,"max_hp_loss":0,"event_name":"Scrap Ooze","floor":3,"gold_loss":0},{"damage_healed":16,"gold_gain":0,"player_choice":"Healed","damage_taken":0,"max_hp_gain":0,"max_hp_loss":0,"event_name":"The Cleric","floor":5,"gold_loss":35},{"damage_healed":0,"gold_gain":0,"player_choice":"Read","damage_taken":0,"max_hp_gain":0,"max_hp_loss":0,"event_name":"The Library","floor":19,"gold_loss":0,"cards_obtained":["Beam Cell"]},{"damage_healed":0,"gold_gain":0,"player_choice":"Ignored","damage_taken":0,"max_hp_gain":0,"max_hp_loss":0,"event_name":"Beggar","floor":20,"gold_loss":0},{"damage_healed":0,"gold_gain":0,"player_choice":"2 cards matched","damage_taken":0,"max_hp_gain":0,"max_hp_loss":0,"event_name":"Match and Keep!","floor":22,"gold_loss":0,"cards_obtained":["Storm","Decay"]}],"is_beta":false,"boss_relics":[{"not_picked":["Snecko Eye","SlaversCollar"],"picked":"FrozenCore"}],"items_purged_floors":[],"is_endless":false,"potions_floor_spawned":[4,8,11,13],"killed_by":"Slavers","ascension_level":19}}