{"host":"jjunaul04msmo6r1","time":1608271847,"event":{"mods":["BaseMod","Better Third Choice","Booster Modes","Colored Map","Downfall","Minty Spire (QoL Compilation)","Relic Stats","StSLib","UnlockEverythingMod","everything is the same but u backflip on backflip"],"gold_per_floor":[99,116,149,163,163,176,202,237,260,304,325,509,122,131,150,254,254,104,145,169,169,83,125,125,168,168,198,226,265,265,265,286,399,399,324,324,358,358,383,383,383,383,392,431,441,462,132,150,173,173,173,207,28,28,28],"floor_reached":56,"playtime":96551,"items_purged":["Doubt","Regret","champ:Defend+1"],"score":1798,"play_id":"08e281eb-b94f-418d-953b-7d5a0230f440","local_time":"20201217231047","is_ascension_mode":true,"campfire_choices":[{"data":"champ:Taunt","floor":1,"key":"SMITH"},{"data":"champ:StrikeOfGenius","floor":5,"key":"SMITH"},{"data":"champ:HoldFirm","floor":18,"key":"SMITH"},{"floor":26,"key":"RECALL"},{"data":"champ:StanceDance","floor":35,"key":"SMITH"},{"data":"champ:FalseCounter","floor":38,"key":"SMITH"},{"data":"champ:Lariat","floor":40,"key":"SMITH"},{"data":"champ:HoldFirm","floor":54,"key":"SMITH"}],"circlet_count":0,"master_deck":["champ:Strike+1","champ:Strike+1","champ:Defend+1","champ:Defend+1","champ:Taunt+1","champ:ArenaPreparation+1","champ:StrikeOfGenius+1","champ:Circumvent+1","champ:DeathBlow+1","champ:StanceDance+1","champ:ShieldSigil+1","champ:Lariat+1","champ:AdrenalArmor+1","champ:HoldFirm+1","champ:AdrenalArmor+1","champ:BringItOn+1","champ:ArenaPreparation+1","champ:CrookedStrike+1","champ:ShieldThrow+1","champ:EndlessRage+1","champ:FalseCounter+1","champ:StanceDance+1","champ:RapidStrikes+1","champ:ShieldSlam+1","champ:StanceDance+1","champ:Control+1","champ:EnchantCrown+1","champ:Backstep+1","champ:ShieldThrow+1","champ:BerserkersShout","champ:FalseCounter+1","champ:HoldFirm+1","champ:RisingSlash","champ:Balance+1","champ:Control","champ:StanceDance+1","champ:Backstep"],"relics":["Empty Cage","champ:DefensiveTrainingManual","CeramicFish","The Courier","Matryoshka","SlaversCollar","Singing Bowl","champ:FightingForDummies","champ:GladiatorsBookOfMartialProwess","Happy Flower","Letter Opener","Unceasing Top","Omamori","PreservedInsect","Philosopher\u0027s Stone","Smiling Mask","Toy Ornithopter","Akabeko","HornCleat","Gremlin Horn","Orrery","Oddly Smooth Stone","Anchor","Shuriken","Membership Card"],"acts_visited":["Exordium","TheCity","TheBeyond","TheEnding"],"potions_floor_usage":[16,19,27,27,37,55],"damage_taken":[{"damage":5,"enemies":"Small Slimes","floor":2,"turns":5},{"damage":61,"enemies":"Lagavulin","floor":3,"turns":7},{"damage":6,"enemies":"2 Louse","floor":4,"turns":2},{"damage":12,"enemies":"Jaw Worm","floor":6,"turns":4},{"damage":56,"enemies":"Gremlin Nob","floor":8,"turns":5},{"damage":9,"enemies":"2 Fungi Beasts","floor":9,"turns":4},{"damage":66,"enemies":"Lagavulin","floor":10,"turns":4},{"damage":20,"enemies":"Blue Slaver","floor":11,"turns":2},{"damage":30,"enemies":"downfall:FleeingMerchant","floor":13,"turns":4},{"damage":19,"enemies":"3 Louse","floor":15,"turns":5},{"damage":20,"enemies":"downfall:Defect","floor":16,"turns":5},{"damage":67,"enemies":"Gremlin Leader","floor":19,"turns":7},{"damage":23,"enemies":"Shell Parasite","floor":20,"turns":7},{"damage":73,"enemies":"downfall:FleeingMerchant","floor":22,"turns":4},{"damage":37,"enemies":"Book of Stabbing","floor":23,"turns":7},{"damage":73,"enemies":"Gremlin Leader","floor":25,"turns":6},{"damage":71,"enemies":"Slavers","floor":27,"turns":5},{"damage":7,"enemies":"Shelled Parasite and Fungi","floor":28,"turns":4},{"damage":56,"enemies":"downfall:FleeingMerchant","floor":29,"turns":4},{"damage":33,"enemies":"Centurion and Healer","floor":32,"turns":6},{"damage":140,"enemies":"downfall:Watcher","floor":33,"turns":6},{"damage":67,"enemies":"Reptomancer","floor":37,"turns":4},{"damage":47,"enemies":"Giant Head","floor":39,"turns":5},{"damage":31,"enemies":"Nemesis","floor":44,"turns":3},{"damage":54,"enemies":"3 Darklings","floor":45,"turns":3},{"damage":25,"enemies":"Orb Walker","floor":46,"turns":3},{"damage":44,"enemies":"Maw","floor":48,"turns":4},{"damage":56,"enemies":"Transient","floor":49,"turns":5},{"damage":70,"enemies":"downfall:Ironclad","floor":50,"turns":4},{"damage":28,"enemies":"downfall:CharBossMerchant","floor":52,"turns":4},{"damage":187,"enemies":"downfall:NeowBoss","floor":55,"turns":14}],"seed_played":"-6373551057989882915","potions_obtained":[{"floor":2,"key":"Guardian:BlockOnCardUsePotion"},{"floor":6,"key":"champ:TechniquePotion"},{"floor":9,"key":"champ:CounterPotion"},{"floor":16,"key":"Block Potion"},{"floor":20,"key":"LiquidMemories"},{"floor":31,"key":"CultistPotion"},{"floor":32,"key":"FearPotion"},{"floor":33,"key":"Fire Potion"},{"floor":45,"key":"CultistPotion"},{"floor":46,"key":"champ:OpenerPotion"}],"is_trial":false,"path_per_floor":["R","M","E","M","R","M","T","E","M","E","M","?","$","?","M","B",null,"R","E","M","?","$","E","T","E","R","E","M","$","?","?","M","B",null,"R","?","E","R","E","R","T","?","?","E","M","M","$","M","M","B",null,"E","$","R","B",null],"character_chosen":"THE_CHAMP","items_purchased":["Matryoshka","champ:AdrenalArmor","champ:BringItOn","champ:ArenaPreparation","champ:Control","PreservedInsect","champ:EnchantCrown","Orrery","Oddly Smooth Stone","Anchor","champ:Backstep","Membership Card"],"campfire_rested":0,"item_purchase_floors":[13,13,13,13,29,29,29,47,47,47,53,53],"current_hp_per_floor":[90,90,58,57,57,57,57,58,59,24,24,24,24,24,21,20,90,100,93,97,97,100,100,100,81,81,67,66,81,81,81,100,87,104,104,104,73,73,84,84,84,84,84,94,96,97,101,116,116,116,116,118,118,118,118],"gold":28,"neow_bonus":"BOSS_RELIC","is_daily":false,"chose_seed":false,"campfire_upgraded":7,"win_rate":0.0,"timestamp":1608271847,"path_taken":["R","M","E","M","R","M","T","E","M","E","M","?","$","?","M","BOSS","R","E","M","?","$","E","T","E","R","E","M","$","?","?","M","BOSS","R","?","E","R","E","R","T","?","?","E","?","M","$","?","M","BOSS","E","$","R","BOSS"],"items_purchased_type":["Relic","Card","Card","Card","Card","Relic","Card","Relic","Relic","Relic","Card","Relic"],"build_version":"2020-12-13","purchased_purges":3,"victory":true,"max_hp_per_floor":[90,90,90,90,90,90,90,90,90,90,90,90,90,90,90,90,90,100,100,100,100,100,100,100,100,100,102,102,104,104,104,104,104,104,104,104,106,106,108,108,108,108,108,108,110,110,114,116,116,116,116,118,118,118,118],"relic_stats":{"Singing Bowl":18,"Happy Flower":[26],"Gremlin Horn":[5,5],"counters":[31,152],"Shuriken":[8],"CeramicFish":270,"PreservedInsect":332,"Letter Opener":[410],"Smiling Mask":50,"obtain_stats":[{"Singing Bowl":19,"Gremlin Horn":44,"CeramicFish":8,"champ:ChampionCrown":0,"downfall:HeartBlessingGreen":18,"Empty Cage":0,"Smiling Mask":37,"Matryoshka":13,"HornCleat":41,"champ:DefensiveTrainingManual":3,"downfall:HeartBlessingBlue":18,"Philosopher\u0027s Stone":34,"champ:FightingForDummies":21,"Happy Flower":24,"downfall:HeartBlessingRed":35,"Oddly Smooth Stone":47,"The Courier":10,"PreservedInsect":29,"Omamori":27,"Letter Opener":24,"Akabeko":41,"champ:GladiatorsBookOfMartialProwess":23,"SlaversCollar":17,"Anchor":47,"Shuriken":52,"Orrery":47,"Membership Card":53,"Unceasing Top":25,"Toy Ornithopter":39},{"Singing Bowl":12,"Gremlin Horn":24,"CeramicFish":5,"champ:ChampionCrown":0,"downfall:HeartBlessingGreen":11,"Empty Cage":0,"Smiling Mask":22,"Matryoshka":9,"HornCleat":23,"champ:DefensiveTrainingManual":2,"downfall:HeartBlessingBlue":11,"Philosopher\u0027s Stone":21,"champ:FightingForDummies":13,"Happy Flower":15,"downfall:HeartBlessingRed":21,"Oddly Smooth Stone":26,"The Courier":7,"PreservedInsect":19,"Omamori":17,"Letter Opener":15,"Akabeko":23,"champ:GladiatorsBookOfMartialProwess":15,"SlaversCollar":11,"Anchor":26,"Shuriken":30,"Orrery":26,"Membership Card":30,"Unceasing Top":16,"Toy Ornithopter":23},{"Singing Bowl":54,"Gremlin Horn":115,"CeramicFish":23,"champ:ChampionCrown":0,"downfall:HeartBlessingGreen":47,"Empty Cage":0,"Smiling Mask":107,"Matryoshka":37,"HornCleat":112,"champ:DefensiveTrainingManual":12,"downfall:HeartBlessingBlue":47,"Philosopher\u0027s Stone":103,"champ:FightingForDummies":61,"Happy Flower":72,"downfall:HeartBlessingRed":103,"Oddly Smooth Stone":121,"The Courier":31,"PreservedInsect":91,"Omamori":83,"Letter Opener":72,"Akabeko":112,"champ:GladiatorsBookOfMartialProwess":72,"SlaversCollar":47,"Anchor":121,"Shuriken":138,"Orrery":121,"Membership Card":138,"Unceasing Top":78,"Toy Ornithopter":112}],"Unceasing Top":[27],"Toy Ornithopter":0},"card_choices":[{"not_picked":["champ:BringItOn","champ:FaceSlap"],"picked":"champ:ArenaPreparation","floor":2},{"not_picked":["champ:ShieldSigil","champ:StanceDance"],"picked":"champ:StrikeOfGenius","floor":3},{"not_picked":["champ:Encircle","champ:FalseCounter"],"picked":"champ:Circumvent","floor":4},{"not_picked":["champ:Aggression","champ:PreciseThrust"],"picked":"champ:DeathBlow","floor":6},{"not_picked":["champ:EnGarde","champ:DeathBlow"],"picked":"champ:StanceDance","floor":8},{"not_picked":["champ:PerfectedStrike","champ:Encircle"],"picked":"champ:ShieldSigil","floor":9},{"not_picked":["champ:FanOfKnives","champ:ViciousMockery"],"picked":"champ:Lariat","floor":10},{"not_picked":["champ:RageSigil","champ:TornadoPunch"],"picked":"champ:AdrenalArmor","floor":11},{"not_picked":["champ:EnragedBash","champ:FocusedGladiator"],"picked":"champ:HoldFirm","floor":13},{"not_picked":["champ:ShieldSigil","champ:FightOn"],"picked":"champ:CrookedStrike","floor":15},{"not_picked":["champ:ShieldSlam","champ:MurderStrike"],"picked":"champ:ShieldThrow","floor":16},{"not_picked":["champ:FocusedDefense","champ:FlashCut"],"picked":"champ:EndlessRage+1","floor":19},{"not_picked":["champ:BerserkersShout","champ:DefensiveShout+1"],"picked":"champ:FalseCounter","floor":20},{"not_picked":["champ:Riposte","champ:BladeFlurry"],"picked":"champ:StanceDance+1","floor":22},{"not_picked":["champ:AdrenalArmor","champ:HeartStrike+1"],"picked":"champ:RapidStrikes+1","floor":23},{"not_picked":["champ:AdrenalArmor","champ:GutPunch"],"picked":"champ:ShieldSlam","floor":25},{"not_picked":["champ:Haymaker+1","champ:BladeFlurry","champ:BringItOn"],"picked":"Singing Bowl","floor":27},{"not_picked":["champ:RecklessLeap","champ:Duel+1"],"picked":"champ:StanceDance+1","floor":28},{"not_picked":["champ:ShieldSigil","champ:FalseCounter","champ:Encircle+1"],"picked":"Singing Bowl","floor":29},{"not_picked":["champ:PerfectedStrike+1","champ:FlashCut"],"picked":"champ:Backstep+1","floor":32},{"not_picked":["champ:StrikeOfGenius","champ:DancingMaster"],"picked":"champ:ShieldThrow","floor":33},{"not_picked":["champ:SwordSigil+1","champ:FightOn","champ:PreciseThrust+1"],"picked":"Singing Bowl","floor":37},{"not_picked":["champ:FanOfKnives+1","champ:DancingMaster","champ:Encircle+1"],"picked":"Singing Bowl","floor":39},{"not_picked":["champ:TornadoPunch+1","champ:RageSigil"],"picked":"champ:FalseCounter+1","floor":44},{"not_picked":["champ:RageSigil","champ:BerserkersShout","champ:DefensiveShout+1"],"picked":"Singing Bowl","floor":45},{"not_picked":["champ:AdrenalArmor","champ:Encircle"],"picked":"champ:HoldFirm","floor":46},{"not_picked":["champ:GladiatorStyle+1","champ:Circumvent"],"picked":"champ:RisingSlash","floor":47},{"not_picked":["champ:TornadoPunch+1","champ:GladiatorsShout","champ:DeathBlow+1"],"picked":"Singing Bowl","floor":47},{"not_picked":["champ:Encircle+1","champ:RapidStrikes+1"],"picked":"champ:Balance+1","floor":47},{"not_picked":["champ:DancingMaster","champ:Encircle+1","champ:GladiatorsShout+1"],"picked":"Singing Bowl","floor":47},{"not_picked":["champ:EnGarde","champ:PreciseThrust+1"],"picked":"champ:Control","floor":47},{"not_picked":["champ:FalseCounter+1","champ:Riposte","champ:SwordSigil"],"picked":"Singing Bowl","floor":48},{"not_picked":["champ:FanOfKnives","champ:SwordSigil+1"],"picked":"champ:StanceDance+1","floor":49},{"not_picked":["champ:BerserkersShout+1","champ:Riposte+1","champ:PreciseThrust+1"],"picked":"Singing Bowl","floor":52}],"player_experience":274369,"relics_obtained":[{"floor":3,"key":"champ:DefensiveTrainingManual"},{"floor":8,"key":"CeramicFish"},{"floor":10,"key":"The Courier"},{"floor":19,"key":"Singing Bowl"},{"floor":23,"key":"champ:GladiatorsBookOfMartialProwess"},{"floor":24,"key":"Happy Flower"},{"floor":24,"key":"Letter Opener"},{"floor":25,"key":"Unceasing Top"},{"floor":27,"key":"Omamori"},{"floor":37,"key":"Smiling Mask"},{"floor":39,"key":"Toy Ornithopter"},{"floor":41,"key":"Akabeko"},{"floor":41,"key":"HornCleat"},{"floor":44,"key":"Gremlin Horn"},{"floor":52,"key":"Shuriken"}],"event_choices":[{"damage_healed":0,"gold_gain":0,"player_choice":"Ignored","damage_taken":0,"max_hp_gain":0,"max_hp_loss":0,"event_name":"Vampires","floor":30,"gold_loss":0},{"cards_removed":["champ:Execute"],"damage_healed":0,"gold_gain":0,"player_choice":"Removed Attack","damage_taken":0,"max_hp_gain":0,"max_hp_loss":0,"event_name":"Falling","floor":36,"gold_loss":0},{"damage_healed":0,"gold_gain":0,"cards_transformed":["champ:Strike"],"player_choice":"Transformed","damage_taken":0,"max_hp_gain":0,"max_hp_loss":0,"event_name":"Transmorgrifier","floor":43,"gold_loss":0,"cards_obtained":["champ:BerserkersShout"]}],"is_beta":false,"boss_relics":[{"not_picked":["Velvet Choker","Tiny House"],"picked":"SlaversCollar"},{"not_picked":["Sozu","Astrolabe"],"picked":"Philosopher\u0027s Stone"}],"items_purged_floors":[13,22,53],"is_endless":false,"potions_floor_spawned":[2,6,9,15,16,20,23,32,33,45,46,49],"ascension_level":1}}