{"host":"3h4noqcu0mfg0f0b","time":1608330261,"event":{"mods":["BaseMod","Better Note","Better Sensory Stone","Better Skull","Better Third Choice","Better Vampires","Downfall-Rebalance","Emptier Cage","Minty Spire (QoL Compilation)","Permanent Neow","StSLib"],"gold_per_floor":[113,113,124,144,144,144,174,193,216,391,408,408,408,408],"floor_reached":13,"playtime":1255,"items_purged":[],"score":94,"play_id":"851507b7-36fd-494d-a372-0223107335db","local_time":"20201218142421","is_ascension_mode":true,"campfire_choices":[{"data":"Envenom","floor":6,"key":"SMITH"},{"data":"Neutralize","floor":12,"key":"SMITH"}],"circlet_count":0,"master_deck":["Strike_G","Strike_G","Defend_G","Defend_G","Defend_G+1","Survivor+1","Neutralize+1","Footwork","Quick Slash","Distraction","Envenom+1","Dodge and Roll","Backflip","Doubt","Dagger Spray"],"relics":["Empty Cage","War Paint"],"acts_visited":["Exordium"],"potions_floor_usage":[7,13],"damage_taken":[{"damage":0,"enemies":"2 Louse","floor":1,"turns":4},{"damage":8,"enemies":"Jaw Worm","floor":3,"turns":7},{"damage":1,"enemies":"Small Slimes","floor":4,"turns":4},{"damage":18,"enemies":"3 Sentries","floor":7,"turns":12},{"damage":9,"enemies":"Blue Slaver","floor":8,"turns":6},{"damage":11,"enemies":"Lots of Slimes","floor":11,"turns":9},{"damage":9,"enemies":"Gremlin Nob","floor":13,"turns":5}],"seed_played":"2539635300897740990","potions_obtained":[{"floor":3,"key":"sneckomod:MuddlingPotion"},{"floor":4,"key":"ColorlessPotion"},{"floor":11,"key":"ColorlessPotion"}],"is_trial":false,"path_per_floor":["M","?","M","M","?","R","E","M","T","?","M","R","E"],"character_chosen":"THE_SILENT","items_purchased":[],"campfire_rested":0,"item_purchase_floors":[],"current_hp_per_floor":[70,63,55,54,54,54,36,27,27,27,16,16,7,7],"gold":408,"neow_bonus":"BOSS_RELIC","is_daily":false,"chose_seed":false,"campfire_upgraded":2,"win_rate":0.0,"timestamp":1608330261,"path_taken":["M","?","M","M","?","R","E","?","T","?","M","R","E"],"items_purchased_type":[],"build_version":"2020-12-13","purchased_purges":0,"victory":false,"max_hp_per_floor":[70,70,70,70,70,70,70,70,70,70,70,70,70,70],"card_choices":[{"not_picked":["Backflip","Well Laid Plans"],"picked":"Footwork","floor":1},{"not_picked":["Deflect","Bane"],"picked":"Quick Slash","floor":3},{"not_picked":["Sucker Punch","Acrobatics"],"picked":"Distraction","floor":4},{"not_picked":["Quick Slash","Terror"],"picked":"Dodge and Roll","floor":7},{"not_picked":["Accuracy","Acrobatics"],"picked":"Backflip","floor":8},{"not_picked":["Backflip","Finisher"],"picked":"Dagger Spray","floor":11}],"player_experience":170638,"relics_obtained":[{"floor":7,"key":"War Paint"}],"event_choices":[{"cards_removed":["Defend_G"],"damage_healed":0,"gold_gain":0,"player_choice":"Card Removal","damage_taken":7,"max_hp_gain":0,"max_hp_loss":0,"event_name":"Golden Wing","floor":2,"gold_loss":0},{"damage_healed":0,"gold_gain":0,"cards_transformed":["Strike_G"],"player_choice":"Change","damage_taken":0,"max_hp_gain":0,"max_hp_loss":0,"event_name":"Living Wall","floor":5,"gold_loss":0,"cards_obtained":["Envenom"]},{"damage_healed":0,"gold_gain":175,"player_choice":"AGREE","damage_taken":216,"max_hp_gain":0,"max_hp_loss":0,"event_name":"betterThird:BetterSerpent","floor":10,"gold_loss":0}],"is_beta":false,"boss_relics":[],"items_purged_floors":[],"is_endless":false,"potions_floor_spawned":[3,4,11],"killed_by":"Gremlin Nob","ascension_level":2}}