{"host":"r53pw7z744tg3fxg","time":1608321346,"event":{"mods":["AchievementEnabler","BaseMod","Colored Map","Colored Powertips","Highlight Path","Minty Spire (QoL Compilation)","Quick Restart","Transform Curses"],"gold_per_floor":[112,112,37,52,72,72,105,105,184,212,212,240,257,257,257,357,357,375,395,395,97,97,97,97,97,97,12,22,47,47,66,66,164,164,184,197,244,244,269,269,302,111,158,36,36,0,0,13,13,13,13],"floor_reached":50,"playtime":2043,"items_purged":[],"score":664,"play_id":"3f58ffbc-8443-4794-81fd-3059fa0f1796","local_time":"20201218125546","is_ascension_mode":true,"campfire_choices":[{"data":"Eruption","floor":6.0,"key":"SMITH"},{"floor":8.0,"key":"REST"},{"floor":11.0,"key":"REST"},{"floor":15.0,"key":"REST"},{"floor":23.0,"key":"REST"},{"data":"PathToVictory","floor":30.0,"key":"SMITH"},{"data":"PathToVictory","floor":32.0,"key":"SMITH"},{"data":"BowlingBash","floor":40,"key":"SMITH"},{"data":"Defend_P","floor":45,"key":"SMITH"},{"data":"Defend_P","floor":47,"key":"SMITH"},{"floor":49,"key":"REST"}],"circlet_count":0,"master_deck":["Strike_P","Strike_P","Strike_P","Strike_P+1","Defend_P+1","Defend_P+1","Defend_P+1","Defend_P+1","Eruption+1","Vigilance+1","Evaluate+1","BowlingBash+1","PathToVictory+1","Crescendo+1","Consecrate+1","LessonLearned+1","EmptyFist+1","FollowUp+1","ConjureBlade+1","CurseOfTheBell","Prostrate+1","SashWhip+1","PathToVictory+1","PathToVictory+1","ThirdEye+1","Ragnarok+1","FearNoEvil+1","Halt+1"],"relics":["PureWater","Juzu Bracelet","Molten Egg 2","Pen Nib","Odd Mushroom","Calling Bell","Oddly Smooth Stone","Eternal Feather","Unceasing Top","Dead Branch","Vajra","DollysMirror","Pear","StrikeDummy","Darkstone Periapt","The Courier","Busted Crown","WingedGreaves","Blood Vial","White Beast Statue","Shuriken","Orichalcum","PreservedInsect","Red Mask"],"acts_visited":["Exordium","TheCity","TheBeyond"],"potions_floor_usage":[35,36,36,37,41,50],"damage_taken":[{"damage":2.0,"enemies":"Jaw Worm","floor":1.0,"turns":4.0},{"damage":7.0,"enemies":"Small Slimes","floor":4.0,"turns":4.0},{"damage":0.0,"enemies":"2 Louse","floor":5.0,"turns":2.0},{"damage":16.0,"enemies":"Lagavulin","floor":7.0,"turns":4.0},{"damage":34.0,"enemies":"Gremlin Nob","floor":10.0,"turns":3.0},{"damage":17.0,"enemies":"The Mushroom Lair","floor":12.0,"turns":3.0},{"damage":7.0,"enemies":"Gremlin Gang","floor":13.0,"turns":3.0},{"damage":4.0,"enemies":"Slime Boss","floor":16.0,"turns":7.0},{"damage":11.0,"enemies":"Shell Parasite","floor":18.0,"turns":4.0},{"damage":17.0,"enemies":"2 Thieves","floor":19.0,"turns":4.0},{"damage":0.0,"enemies":"Cultist and Chosen","floor":28.0,"turns":4.0},{"damage":11.0,"enemies":"Gremlin Leader","floor":29.0,"turns":4.0},{"damage":10.0,"enemies":"Snecko","floor":31.0,"turns":4.0},{"damage":72.0,"enemies":"Collector","floor":33.0,"turns":8.0},{"damage":22,"enemies":"3 Darklings","floor":35,"turns":3},{"damage":2,"enemies":"Orb Walker","floor":36,"turns":3},{"damage":19,"enemies":"2 Orb Walkers","floor":37,"turns":4},{"damage":28,"enemies":"Reptomancer","floor":41,"turns":4},{"damage":38,"enemies":"Sphere and 2 Shapes","floor":48,"turns":4},{"damage":113,"enemies":"Donu and Deca","floor":50,"turns":7}],"seed_played":"-3333877890652569104","potions_obtained":[{"floor":7.0,"key":"Energy Potion"},{"floor":12.0,"key":"BottledMiracle"},{"floor":13.0,"key":"GamblersBrew"},{"floor":16.0,"key":"BlessingOfTheForge"},{"floor":29.0,"key":"LiquidBronze"},{"floor":33.0,"key":"SneckoOil"},{"floor":35,"key":"Explosive Potion"},{"floor":36,"key":"EntropicBrew"},{"floor":48,"key":"LiquidMemories"}],"is_trial":false,"path_per_floor":["M","?","$","M","M","R","E","R","T","E","R","?","M","?","R","B",null,"M","M","?","$","?","R","$","?","T","?","M","E","R","M","R","B",null,"M","M","?","?","T","R","E","$","T","$","R","?","R","M","R","B"],"character_chosen":"WATCHER","items_purchased":["BowlingBash","PathToVictory","Vajra","DollysMirror","Shuriken","PreservedInsect"],"campfire_rested":5,"item_purchase_floors":[3,3,21,21,42,44],"current_hp_per_floor":[70,70,70,63,63,63,47,70,70,36,59,42,35,35,58,54,73,62,45,45,45,39,74,74,84,84,84,84,73,85,75,89,17,71,49,47,28,78,78,78,50,50,50,50,65,65,78,40,78,0,0],"gold":13,"neow_bonus":"TEN_PERCENT_HP_BONUS","is_daily":false,"chose_seed":false,"campfire_upgraded":6,"win_rate":0.0,"timestamp":1608321346,"path_taken":["M","?","$","M","M","R","E","R","T","E","R","?","M","?","R","BOSS","M","M","?","$","?","R","?","?","T","?","M","E","R","M","R","BOSS","M","M","?","?","?","R","E","$","T","$","R","?","R","M","R","BOSS"],"items_purchased_type":["Card","Card","Relic","Relic","Relic","Relic"],"build_version":"2020-12-13","purchased_purges":0,"victory":false,"max_hp_per_floor":[79,79,79,79,79,79,79,79,79,79,79,79,79,79,79,79,79,79,79,79,79,79,79,79,89,89,89,89,89,89,89,89,89,89,89,89,89,78,78,78,78,78,78,78,78,78,78,78,78,78,78],"card_choices":[{"not_picked":["WaveOfTheHand","Protect"],"picked":"Evaluate","floor":1.0},{"not_picked":["Indignation","BowlingBash"],"picked":"Crescendo","floor":4.0},{"not_picked":["Halt","CrushJoints"],"picked":"Consecrate","floor":5.0},{"not_picked":["Meditate","Indignation","Protect"],"picked":"SKIP","floor":7.0},{"not_picked":["EmptyBody","Crescendo"],"picked":"LessonLearned+1","floor":10.0},{"not_picked":["ThirdEye","SashWhip+1"],"picked":"EmptyFist+1","floor":12.0},{"not_picked":["BattleHymn","CarveReality+1"],"picked":"FollowUp+1","floor":13.0},{"not_picked":["Devotion","Wish"],"picked":"ConjureBlade","floor":16.0},{"not_picked":["Tantrum+1","EmptyFist+1"],"picked":"Prostrate+1","floor":18.0},{"not_picked":["Halt","FollowUp+1"],"picked":"SashWhip+1","floor":19.0},{"not_picked":["Adaptation","Indignation"],"picked":"PathToVictory+1","floor":28.0},{"not_picked":["DeceiveReality","EmptyFist+1","Brilliance+1"],"picked":"SKIP","floor":29.0},{"not_picked":["EmptyFist+1","Prostrate"],"picked":"ThirdEye+1","floor":31.0},{"not_picked":["Scrawl","DevaForm"],"picked":"Ragnarok+1","floor":33.0},{"not_picked":[],"picked":"FearNoEvil+1","floor":35},{"not_picked":["Study+1"],"picked":"SKIP","floor":36},{"not_picked":[],"picked":"Halt+1","floor":41},{"not_picked":["BowlingBash+1"],"picked":"SKIP","floor":48}],"player_experience":1124990,"relics_obtained":[{"floor":7.0,"key":"Juzu Bracelet"},{"floor":9.0,"key":"Molten Egg 2"},{"floor":10.0,"key":"Pen Nib"},{"floor":12.0,"key":"Odd Mushroom"},{"floor":17.0,"key":"Oddly Smooth Stone"},{"floor":17.0,"key":"Eternal Feather"},{"floor":17.0,"key":"Unceasing Top"},{"floor":26.0,"key":"StrikeDummy"},{"floor":29.0,"key":"The Courier"},{"floor":37,"key":"WingedGreaves"},{"floor":39,"key":"Blood Vial"},{"floor":41,"key":"White Beast Statue"},{"floor":43,"key":"Orichalcum"}],"event_choices":[{"damage_healed":0.0,"max_hp_gain":0.0,"max_hp_loss":0.0,"gold_gain":0.0,"event_name":"The Cleric","player_choice":"Leave","floor":2.0,"gold_loss":0.0,"damage_taken":0.0},{"damage_healed":0.0,"max_hp_gain":0.0,"max_hp_loss":0.0,"gold_gain":0.0,"event_name":"Mushrooms","player_choice":"Fought Mushrooms","floor":12.0,"gold_loss":0.0,"damage_taken":0.0},{"damage_healed":0.0,"max_hp_gain":0.0,"max_hp_loss":0.0,"gold_gain":0.0,"event_name":"Living Wall","player_choice":"Grow","floor":14.0,"gold_loss":0.0,"damage_taken":0.0,"cards_upgraded":["Crescendo"]},{"damage_healed":0.0,"max_hp_gain":0.0,"max_hp_loss":0.0,"gold_gain":0.0,"event_name":"WeMeetAgain","player_choice":"Gave Potion","floor":20.0,"gold_loss":0.0,"damage_taken":0.0,"relics_obtained":["Dead Branch"]},{"damage_healed":0.0,"max_hp_gain":0.0,"max_hp_loss":0.0,"gold_gain":0.0,"event_name":"Knowing Skull","player_choice":"","floor":22.0,"potions_obtained":[],"gold_loss":0.0,"damage_taken":6.0,"cards_obtained":[]},{"damage_healed":0.0,"max_hp_gain":0.0,"max_hp_loss":0.0,"gold_gain":0.0,"event_name":"The Mausoleum","player_choice":"Opened","floor":25.0,"gold_loss":0.0,"damage_taken":0.0,"relics_obtained":["Pear"]},{"damage_healed":0.0,"max_hp_gain":0.0,"max_hp_loss":0.0,"gold_gain":0.0,"event_name":"Addict","player_choice":"Obtained Relic","floor":27.0,"gold_loss":85.0,"damage_taken":0.0,"relics_obtained":["Darkstone Periapt"]},{"damage_healed":0,"gold_gain":0,"player_choice":"Fight","damage_taken":0,"max_hp_gain":0,"max_hp_loss":0,"event_name":"Mysterious Sphere","floor":37,"gold_loss":0},{"damage_healed":78,"gold_gain":0,"player_choice":"Heal","damage_taken":0,"max_hp_gain":0,"max_hp_loss":11,"event_name":"The Moai Head","floor":38,"gold_loss":0},{"damage_healed":0,"gold_gain":0,"player_choice":"Paid","damage_taken":0,"relics_obtained":["Red Mask"],"max_hp_gain":0,"max_hp_loss":0,"event_name":"Tomb of Lord Red Mask","floor":46,"gold_loss":36}],"is_beta":false,"boss_relics":[{"not_picked":["Black Star","Coffee Dripper"],"picked":"Calling Bell"},{"not_picked":["SlaversCollar","Tiny House"],"picked":"Busted Crown"}],"items_purged_floors":[],"is_endless":false,"potions_floor_spawned":[7,12,13,16,29,33,35,36,48],"killed_by":"Donu and Deca","ascension_level":7}}