{"host":"f55lpzc7830gmx23","time":1608307898,"event":{"mods":["BaseMod","Better Note","Downfall","Hermit","Minty Spire (QoL Compilation)","StSLib","The Blackbeard","The Cursed","The Necromancer"],"gold_per_floor":[116,131,111,126,145,175,8,8,35,35,35,50,71,94,94,94,94,94],"floor_reached":16,"playtime":926,"items_purged":[],"score":156,"play_id":"2a1d41a3-9959-462a-8243-c52ec6b9a2ef","local_time":"20201218171138","is_ascension_mode":true,"campfire_choices":[{"data":"blackbeard:BeatUp","floor":8,"key":"SMITH"},{"floor":11,"key":"REST"},{"data":"blackbeard:Cutlass","floor":15,"key":"SMITH"}],"circlet_count":0,"master_deck":["AscendersBane","blackbeard:BlackbeardStrike","blackbeard:BlackbeardStrike","blackbeard:BlackbeardStrike","blackbeard:BlackbeardStrike","blackbeard:IntimidatingStrike","blackbeard:BlackbeardDefend","blackbeard:BlackbeardDefend","blackbeard:BlackbeardDefend","blackbeard:BlackbeardDefend","blackbeard:Cutlass+1","blackbeard:CloakAndCannonball","blackbeard:GoldenCannonball","blackbeard:GoldenCannonball","blackbeard:GoldenDefense","blackbeard:Salvager","blackbeard:BeatUp+1","Injury","blackbeard:GoldenDefense","blackbeard:Dagger","blackbeard:CloakAndCannonball"],"relics":["blackbeard:LoadTheCannons","TungstenRod","Lantern","blackbeard:CrossedSwords","Centennial Puzzle","Golden Idol"],"acts_visited":["Exordium"],"potions_floor_usage":[6,6,16],"damage_taken":[{"damage":0,"enemies":"Cultist","floor":1,"turns":3},{"damage":6,"enemies":"Small Slimes","floor":2,"turns":4},{"damage":0,"enemies":"2 Louse","floor":4,"turns":3},{"damage":2,"enemies":"Blue Slaver","floor":5,"turns":4},{"damage":28,"enemies":"3 Sentries","floor":6,"turns":9},{"damage":3,"enemies":"3 Louse","floor":12,"turns":3},{"damage":0,"enemies":"Exordium Thugs","floor":13,"turns":4},{"damage":0,"enemies":"2 Fungi Beasts","floor":14,"turns":2},{"damage":64,"enemies":"Hexaghost","floor":16,"turns":12}],"seed_played":"-369235050395474039","potions_obtained":[{"floor":2,"key":"Regen Potion"},{"floor":3,"key":"DuplicationPotion"},{"floor":14,"key":"LiquidMemories"}],"is_trial":false,"path_per_floor":["M","M","?","M","M","E","$","R","T","?","R","M","M","M","R","B"],"character_chosen":"BLACKBEARD_CLASS","items_purchased":["blackbeard:CrossedSwords","blackbeard:BeatUp"],"campfire_rested":1,"item_purchase_floors":[7,7],"current_hp_per_floor":[68,62,62,62,60,47,47,47,47,47,67,64,64,64,64,0,0,0],"gold":94,"neow_bonus":"ONE_RARE_RELIC","is_daily":false,"chose_seed":false,"campfire_upgraded":2,"win_rate":0.0,"timestamp":1608307898,"path_taken":["M","M","?","M","?","E","$","R","T","?","R","M","M","M","R","BOSS"],"items_purchased_type":["Relic","Card"],"build_version":"2020-12-13","purchased_purges":0,"victory":false,"max_hp_per_floor":[68,68,68,68,68,68,68,68,68,68,68,68,68,68,68,68,68,68],"card_choices":[{"not_picked":["blackbeard:Spear","blackbeard:VengefulSpirit"],"picked":"blackbeard:CloakAndCannonball","floor":1},{"not_picked":["blackbeard:Fencing","blackbeard:PiratesWill"],"picked":"blackbeard:GoldenCannonball","floor":2},{"not_picked":["blackbeard:Sharpening","blackbeard:DoubleBottom"],"picked":"blackbeard:GoldenCannonball","floor":4},{"not_picked":["blackbeard:BlindAttacks","blackbeard:CannonballSupply"],"picked":"blackbeard:GoldenDefense","floor":5},{"not_picked":["blackbeard:FieryDefense","blackbeard:BeatUp"],"picked":"blackbeard:Salvager","floor":6},{"not_picked":["blackbeard:Revenge","blackbeard:BeatUp"],"picked":"blackbeard:GoldenDefense","floor":12},{"not_picked":["blackbeard:WeaponProficiency","blackbeard:DeadlyArsenal"],"picked":"blackbeard:Dagger","floor":13},{"not_picked":["blackbeard:PiratesWill","blackbeard:ChaoticDefense"],"picked":"blackbeard:CloakAndCannonball","floor":14}],"player_experience":424100,"relics_obtained":[{"floor":6,"key":"Lantern"},{"floor":9,"key":"Centennial Puzzle"}],"event_choices":[{"damage_healed":0,"gold_gain":0,"player_choice":"Bought 1 Potion","damage_taken":0,"max_hp_gain":0,"max_hp_loss":0,"event_name":"The Woman in Blue","floor":3,"gold_loss":0},{"damage_healed":0,"gold_gain":0,"player_choice":"Take Wound","damage_taken":0,"relics_obtained":["Golden Idol"],"max_hp_gain":0,"max_hp_loss":0,"event_name":"Golden Idol","floor":10,"gold_loss":0,"cards_obtained":["Injury"]}],"is_beta":false,"boss_relics":[],"items_purged_floors":[],"is_endless":false,"potions_floor_spawned":[2,14],"killed_by":"Hexaghost","ascension_level":10}}