{"host":"tyfpg4h531zkrrpn","time":1608271452,"event":{"mods":["Act Like it!","BaseMod","CapriCore","Card Filter","Colored Map","Minty Spire (QoL Compilation)","MostiFishMod","Permanent Neow","Quick Restart","StSLib","Waifu the Spire"],"gold_per_floor":[110,130,130,144,158,158,192,192,192,192,226,242,253,285,285,356,356,372,372,385,163,181,210,225,258,258,284,69,69,90,106,106,186,186,206,206,219,85,104,139,151,215,227,239,251,288,326,357,369,382,394,406,418,163,194,196],"floor_reached":57,"playtime":1649,"items_purged":["Defend_R","Defend_R","Defend_R"],"score":3709,"play_id":"fc1c6a39-4189-47e2-be4e-54091d140ec9","local_time":"20201217220412","is_ascension_mode":true,"campfire_choices":[{"data":"Rage","floor":6,"key":"SMITH"},{"data":"Pommel Strike","floor":8,"key":"SMITH"},{"data":"Pommel Strike","floor":15,"key":"SMITH"},{"floor":29,"key":"RECALL"},{"data":"Bash","floor":32,"key":"SMITH"},{"data":"Feel No Pain","floor":41,"key":"SMITH"},{"data":"MostiFishMod:SparklingWater","floor":45,"key":"SMITH"},{"data":"Panacea","floor":49,"key":"SMITH"},{"data":"Thunderclap","floor":53,"key":"SMITH"}],"circlet_count":0,"master_deck":["AscendersBane","Strike_R","Strike_R","Strike_R","Strike_R","Bash+1","Rage+1","MostiFishMod:RacingGame+1","Thunderclap+1","Pommel Strike+1","Cleave","Pommel Strike+1","Fiend Fire+1","Whirlwind+1","Uppercut+1","MostiFishMod:CullingBlade+1","Pommel Strike+1","MostiFishMod:KingOfFree+1","Iron Wave+1","Dropkick+1","Pummel+1","MostiFishMod:CullingBlade+1","Feel No Pain+1","Iron Wave+1","Rampage+1","MostiFishMod:SparklingWater+1","Panacea+1","MostiFishMod:ButterFly+1"],"relics":["Burning Blood","DaveBox","RhineSuit","Question Card","EGODaCapo","Molten Egg 2","FossilizedHelix","StrikeDummy","Charon\u0027s Ashes","ImportantClient","HaiYi:Twilight","Bottled Lightning","SynthV:C4","ImprovedEquipment","Mercury Hourglass","Juzu Bracelet","Black Star","Medical Kit","MawBank","SentryEyes","DianDianMeat","Toy Ornithopter","Nunchaku","Calipers","Mango","Membership Card","Anchor","Unceasing Top","Eternal Feather"],"acts_visited":["Exordium","TheCity","TheBeyond","TheEnding"],"potions_floor_usage":[56,56],"damage_taken":[{"damage":0,"enemies":"Cultist","floor":1,"turns":2},{"damage":12,"enemies":"Jaw Worm","floor":2,"turns":2},{"damage":0,"enemies":"2 Louse","floor":4,"turns":2},{"damage":0,"enemies":"2 Fungi Beasts","floor":5,"turns":2},{"damage":0,"enemies":"Lagavulin","floor":7,"turns":4},{"damage":0,"enemies":"Gremlin Nob","floor":11,"turns":2},{"damage":0,"enemies":"Gremlin Gang","floor":12,"turns":2},{"damage":0,"enemies":"Large Slime","floor":13,"turns":2},{"damage":0,"enemies":"3 Sentries","floor":14,"turns":3},{"damage":0,"enemies":"The Guardian","floor":16,"turns":5},{"damage":0,"enemies":"Chosen","floor":18,"turns":1},{"damage":0,"enemies":"2 Thieves","floor":20,"turns":2},{"damage":0,"enemies":"Sentry and Sphere","floor":22,"turns":2},{"damage":0,"enemies":"Book of Stabbing","floor":23,"turns":2},{"damage":0,"enemies":"Snecko","floor":24,"turns":2},{"damage":0,"enemies":"Slavers","floor":25,"turns":1},{"damage":0,"enemies":"Gremlin Leader","floor":27,"turns":2},{"damage":0,"enemies":"Centurion and Healer","floor":30,"turns":1},{"damage":0,"enemies":"Sentry and Sphere","floor":31,"turns":1},{"damage":0,"enemies":"Champ","floor":33,"turns":2},{"damage":0,"enemies":"Orb Walker","floor":35,"turns":2},{"damage":0,"enemies":"3 Shapes","floor":37,"turns":2},{"damage":0,"enemies":"Writhing Mass","floor":39,"turns":2},{"damage":0,"enemies":"Giant Head","floor":40,"turns":2},{"damage":0,"enemies":"2 Orb Walkers","floor":42,"turns":2},{"damage":0,"enemies":"Reptomancer","floor":46,"turns":2},{"damage":0,"enemies":"Mind Bloom Boss Battle","floor":47,"turns":1},{"damage":0,"enemies":"3 Darklings","floor":48,"turns":1},{"damage":0,"enemies":"Awakened One","floor":50,"turns":2},{"damage":0,"enemies":"Donu and Deca","floor":51,"turns":2},{"damage":0,"enemies":"Shield and Spear","floor":55,"turns":1},{"damage":0,"enemies":"The Heart","floor":56,"turns":5}],"seed_played":"-3461796414923866266","potions_obtained":[{"floor":2,"key":"PowerPotion"},{"floor":7,"key":"SpeedPotion"},{"floor":48,"key":"PowerPotion"}],"is_trial":false,"path_per_floor":["M","M","?","M","M","R","E","R","T","?","E","M","M","E","R","B",null,"M","?","M","$","M","E","M","E","T","E","$","R","M","M","R","B",null,"M","?","M","$","M","E","R","?","T","?","R","E","?","M","R","B","B",null,"R","$","E","B",null],"character_chosen":"IRONCLAD","items_purchased":["MostiFishMod:KingOfFree+1","Juzu Bracelet","Medical Kit","Membership Card","Anchor"],"campfire_rested":0,"item_purchase_floors":[21,28,38,54,54],"current_hp_per_floor":[74,68,68,74,75,75,75,75,75,70,75,75,75,75,75,75,75,75,75,75,75,75,75,75,75,75,75,75,75,75,75,75,75,75,75,75,75,75,75,75,75,76,76,75,75,81,99,99,99,99,99,99,99,99,99,99],"gold":196,"neow_bonus":"TRANSFORM_CARD","is_daily":false,"chose_seed":false,"campfire_upgraded":8,"win_rate":0.0,"timestamp":1608271452,"path_taken":["M","M","?","M","M","R","E","R","T","?","E","M","M","E","R","BOSS","M","?","M","$","M","E","M","E","T","E","$","R","M","M","R","BOSS","M","?","M","$","M","E","R","?","T","?","R","E","?","M","R","BOSS","BOSS","R","$","E","BOSS"],"items_purchased_type":["Card","Relic","Relic","Relic","Relic"],"build_version":"2020-12-13","purchased_purges":3,"victory":true,"max_hp_per_floor":[75,75,75,75,75,75,75,75,75,75,75,75,75,75,75,75,75,75,75,75,75,75,75,75,75,75,75,75,75,75,75,75,75,75,75,75,75,75,75,75,75,76,76,85,85,85,99,99,99,99,99,99,99,99,99,99],"card_choices":[{"not_picked":["Clash","Spot Weakness","Havoc"],"picked":"SKIP","floor":1},{"not_picked":["MostiFishMod:BrandingRite","Headbutt","Clash"],"picked":"Thunderclap","floor":2},{"not_picked":["Twin Strike","Burning Pact","Thunderclap"],"picked":"Pommel Strike","floor":4},{"not_picked":["Dark Embrace","Flex","Whirlwind"],"picked":"Cleave","floor":5},{"not_picked":["Immolate","Cleave","Shrug It Off"],"picked":"Pommel Strike","floor":7},{"not_picked":["Cleave+1","Headbutt+1","Flex"],"picked":"Fiend Fire+1","floor":11},{"not_picked":["Havoc","Cleave+1","Dual Wield","Intimidate"],"picked":"SKIP","floor":12},{"not_picked":["Fire Breathing","Body Slam+1","Warcry"],"picked":"Whirlwind+1","floor":13},{"not_picked":["Clash+1","Metallicize","Thunderclap+1"],"picked":"Uppercut+1","floor":14},{"not_picked":["MostiFishMod:RacingGame","Double Tap","Demon Form"],"picked":"MostiFishMod:CullingBlade+1","floor":16},{"not_picked":["Flex","Headbutt+1","Iron Wave+1"],"picked":"Pommel Strike+1","floor":18},{"not_picked":["Reckless Charge+1","True Grit","Flex+1","Perfected Strike+1"],"picked":"SKIP","floor":20},{"not_picked":["Inflame","Flex","Rampage+1"],"picked":"Iron Wave+1","floor":22},{"not_picked":["Clash+1","Carnage+1","Twin Strike+1"],"picked":"Dropkick+1","floor":23},{"not_picked":["Combust","MostiFishMod:BrandingRite+1","Warcry","Berserk"],"picked":"SKIP","floor":24},{"not_picked":["Cleave+1","Power Through+1","True Grit","Shrug It Off"],"picked":"SKIP","floor":25},{"not_picked":["Headbutt+1","Havoc","Perfected Strike+1"],"picked":"Pummel+1","floor":27},{"not_picked":["Feel No Pain","Clash+1","Pommel Strike+1"],"picked":"Second Wind","floor":30},{"not_picked":["Warcry","Rage","Heavy Blade+1","Wild Strike+1"],"picked":"SKIP","floor":31},{"not_picked":["Berserk","Feed+1","Double Tap"],"picked":"MostiFishMod:CullingBlade+1","floor":33},{"not_picked":["Sword Boomerang+1","Twin Strike+1","Armaments"],"picked":"Feel No Pain","floor":35},{"not_picked":["Flex","Fire Breathing","Twin Strike+1"],"picked":"Iron Wave+1","floor":37},{"not_picked":["Clothesline+1","Carnage+1","Flex","Whirlwind+1"],"picked":"SKIP","floor":39},{"not_picked":["Seeing Red","Shrug It Off+1","Whirlwind+1","Bloodletting"],"picked":"SKIP","floor":40},{"not_picked":["Reckless Charge+1","Feed+1","Body Slam+1"],"picked":"Rampage+1","floor":42},{"not_picked":["Chrysalis","Madness","HandOfGreed+1"],"picked":"MostiFishMod:SparklingWater","floor":44},{"not_picked":["Blind","Apotheosis","MostiFishMod:Neptune+1"],"picked":"Panacea","floor":44},{"not_picked":["Chrysalis","MostiFishMod:PerfectForm","Panacea"],"picked":"MostiFishMod:ButterFly+1","floor":44},{"not_picked":["MostiFishMod:BrandingRite","Thunderclap+1","Rage","Perfected Strike+1"],"picked":"SKIP","floor":46},{"not_picked":["Bloodletting","Second Wind+1","Carnage+1","Iron Wave+1"],"picked":"SKIP","floor":48},{"not_picked":["Burning Pact","Feed+1","Metallicize","Pummel+1"],"picked":"SKIP","floor":55}],"player_experience":545648,"relics_obtained":[{"floor":1,"key":"Question Card"},{"floor":7,"key":"Oddly Smooth Stone"},{"floor":9,"key":"Molten Egg 2"},{"floor":11,"key":"StrikeDummy"},{"floor":14,"key":"Charon\u0027s Ashes"},{"floor":16,"key":"ImportantClient"},{"floor":23,"key":"SynthV:C4"},{"floor":25,"key":"ImprovedEquipment"},{"floor":27,"key":"Mercury Hourglass"},{"floor":40,"key":"MawBank"},{"floor":40,"key":"SentryEyes"},{"floor":42,"key":"DianDianMeat"},{"floor":43,"key":"Toy Ornithopter"},{"floor":46,"key":"Nunchaku"},{"floor":46,"key":"Calipers"},{"floor":47,"key":"Mango"},{"floor":55,"key":"Unceasing Top"},{"floor":55,"key":"Eternal Feather"}],"event_choices":[{"damage_healed":0,"gold_gain":0,"player_choice":"Ignored","damage_taken":0,"max_hp_gain":0,"max_hp_loss":0,"event_name":"Liars Game","floor":3,"gold_loss":0},{"damage_healed":0,"gold_gain":0,"player_choice":"Success","damage_taken":5,"relics_obtained":["FossilizedHelix"],"max_hp_gain":0,"max_hp_loss":0,"event_name":"Scrap Ooze","floor":10,"gold_loss":0},{"damage_healed":0,"gold_gain":0,"player_choice":"Ignored","damage_taken":0,"max_hp_gain":0,"max_hp_loss":0,"event_name":"The Mausoleum","floor":19,"gold_loss":0},{"cards_removed":["Second Wind"],"damage_healed":0,"gold_gain":0,"player_choice":"Card Removal","damage_taken":0,"max_hp_gain":0,"max_hp_loss":0,"event_name":"Wheel of Change","floor":36,"gold_loss":0},{"damage_healed":0,"gold_gain":0,"player_choice":"Fight","damage_taken":0,"max_hp_gain":0,"max_hp_loss":0,"event_name":"Mysterious Sphere","floor":42,"gold_loss":0},{"damage_healed":0,"gold_gain":0,"player_choice":"Memory 3","damage_taken":10,"max_hp_gain":0,"max_hp_loss":0,"event_name":"SensoryStone","floor":44,"gold_loss":0},{"damage_healed":0,"gold_gain":0,"player_choice":"Fight","damage_taken":0,"max_hp_gain":0,"max_hp_loss":0,"event_name":"MindBloom","floor":47,"gold_loss":0}],"is_beta":false,"boss_relics":[{"not_picked":["Pandora\u0027s Box","Runic Dome"],"picked":"HaiYi:Twilight"},{"not_picked":["FeatherPendant","Tiny House"],"picked":"Black Star"}],"items_purged_floors":[21,28,54],"is_endless":false,"potions_floor_spawned":[2,7,11,14,20,22,25,31,35,40,42,48],"ascension_level":20}}