{"host":"bp6b47iftb3mluh0","time":1608304491,"event":{"mods":["ATMod(阿瑾Mod)","Act Like it!","Alarm Clock","Aspiration","Astrologer","BaseMod","Bestiary","Better Third Choice","Better Vampires","Challenge The Spire","Colored Powertips","Conspire","Curses Come First","Dota2Spire","Downfall","Friendly Minions","Gensokyo","Hallownest","Hermit","Kiyohime（清姬）","Lobotomy","LobotomyExtend","Marisa（F雨　魔理沙）","Marked Mod","Minty Spire (QoL Compilation)","Quick Restart","Rare Cards Sparkle","Red Circlet Mod","Relic Stats","Remilia（蕾米莉亚）","Replay The Spire","Reworked Bosses","Ryuuou龙王","Shop Mod","Spicy Shops","StSLib","The Bug Knight","Uncapped","Waifu the Spire","Youmu（魂魄妖梦）","[地精首领爬塔]The Maniac","vexMod","【东方二次创作】八云紫mod","【遗物卡牌】REMEMod"],"gold_per_floor":[111,111,111,11,11,41,41,69,94,19,32,103,131,151,151,250,250,265,135,153,153,168,168,180,34,114,192,192,204,204,204,204,300,300,318,337,337,337,337,337,27,57,57,57,57,67,84,103,103,103,103],"floor_reached":52,"playtime":2189,"items_purged":["Envy_TH","Doubt","hermit:Strike_Hermit"],"score":844,"play_id":"8f9b5583-887f-4516-8a96-134a34f920de","local_time":"20201218231451","is_ascension_mode":false,"campfire_choices":[{"data":"hermit:NoHoldsBarred","floor":7.0,"key":"SMITH"},{"floor":15.0,"key":"REST"},{"data":"hermit:Roughhouse","floor":23.0,"key":"SMITH"},{"data":"Choke","floor":30.0,"key":"SMITH"},{"data":"hermit:Headshot","floor":32.0,"key":"SMITH"},{"data":"hermit:Dive","floor":40.0,"key":"SMITH"},{"data":"hermit:Vantage","floor":49,"key":"SMITH"}],"circlet_count":0,"master_deck":["hermit:Defend_Hermit","hermit:Defend_Hermit","hermit:Defend_Hermit","hermit:Snapshot","hermit:Covet","Madness","hermit:GoldenBullet+1","Bane","Choke+1","Storm of Steel+1","Pain","hermit:NoHoldsBarred+1","hermit:Headshot+1","hermit:Dive+1","hermit:RoundhouseKick","maniac:Torture","hermit:PistolWhip+1","hermit:Roughhouse+1","Decay","Regret","hermit:FinalCanter","REME_MagicPocketWatch","hermit:Vantage+1","Madness","Madness","hermit:Manifest+1","hermit:TakeAim+1"],"relics":["hermit:ClaspedLocket","REME_ComplimentaryCards","LetterFromLob","Shuriken","Juzu Bracelet","aspiration:VileToxins","MealTicket","Hallownest:BankAccountRelic","ReplayTheSpireMod:TigerMarble","Dota2Spire:ShadowBlade","Darkstone Periapt","Dota2Spire:Mjollnir","MerchantsRug","Dota2Spire:ShivaGuard","Gensokyo:MosesMiracle","Torii","Strange Spoon","Mercury Hourglass","HornCleat","Ring of Hypnosis","ReplayTheSpireMod:Ring of Collecting","Regal Pillow","ReplayTheSpireMod:CursedCoin","Gensokyo:ConquerorOfFear","BargainBundle","vexMod:InvisibilityCloak","aspiration:HatOfInfinitePower","Replay:Rubber Ducky","Ring of Panic","Dota2Spire:EtherealBlade","HonorFeather","ShedSkin_r"],"acts_visited":["Hallownest:Greenpath","Gensokyo:Gensokyoer","TheBeyond"],"potions_floor_usage":[50],"damage_taken":[{"damage":2.0,"enemies":"Hallownest:2_Tiktiks_and_1_Crawlid","floor":1.0,"turns":5.0},{"damage":8.0,"enemies":"Hallownest:eliteVengeflyKing","floor":6.0,"turns":7.0},{"damage":9.0,"enemies":"Hallownest:eliteCrystalGuardian","floor":8.0,"turns":5.0},{"damage":2.0,"enemies":"Hallownest:monsterHuskGuard","floor":11.0,"turns":3.0},{"damage":33.0,"enemies":"Hallownest:eliteMossKnight","floor":13.0,"turns":6.0},{"damage":0.0,"enemies":"2_ Uuma","floor":14.0,"turns":2.0},{"damage":39.0,"enemies":"Hallownest:BossBrokenVessel","floor":16.0,"turns":11.0},{"damage":0.0,"enemies":"Gensokyo:3_Dogs","floor":18.0,"turns":2.0},{"damage":2.0,"enemies":"Gensokyo:AngelMirror","floor":20.0,"turns":3.0},{"damage":13.0,"enemies":"Gensokyo:Monolith_and_Dog","floor":22.0,"turns":4.0},{"damage":18.0,"enemies":"Gensokyo:Wraith","floor":24.0,"turns":4.0},{"damage":92.0,"enemies":"Gensokyo:Eiki","floor":33.0,"turns":9.0},{"damage":0.0,"enemies":"3 Darklings","floor":35.0,"turns":3.0},{"damage":12.0,"enemies":"3 Shapes","floor":36.0,"turns":3.0},{"damage":15.0,"enemies":"Reptomancer","floor":42.0,"turns":6.0},{"damage":75.0,"enemies":"Reptomancer","floor":45.0,"turns":3.0},{"damage":0.0,"enemies":"3 Darklings","floor":46.0,"turns":3.0},{"damage":0,"enemies":"Spire Growth","floor":47,"turns":3},{"damage":0,"enemies":"3 Darklings","floor":48,"turns":2},{"damage":16,"enemies":"bossMod:newShapes","floor":50,"turns":11}],"seed_played":"8944917488689331503","potions_obtained":[{"floor":6.0,"key":"SteroidPotion"},{"floor":8.0,"key":"GamblersBrew"},{"floor":20.0,"key":"AttackPotion"},{"floor":33.0,"key":"BlessingOfTheForge"},{"floor":36.0,"key":"GamblersBrew"},{"floor":42.0,"key":"Slimebound:ThreeZeroPotion"},{"floor":46.0,"key":"Fire Potion"}],"is_trial":false,"path_per_floor":["M","?","?","$","?","E","R","E","T","?","M","?","?","M","R","B",null,"M","$","M","?","M","R","M","$","T","T","?","$","R","?","R","B",null,"M","M","?","?","?","R","$","E","T","?","?","M","M","M","R","B",null,null],"character_chosen":"HERMIT","items_purchased":["Shuriken","MerchantsRug","Dota2Spire:ShivaGuard","Torii","Strange Spoon","Regal Pillow","ReplayTheSpireMod:CursedCoin","BargainBundle","vexMod:InvisibilityCloak","Regen Potion","Elixir","AttackPotion","BlessingOfTheForge","aspiration:HatOfInfinitePower"],"campfire_rested":1,"item_purchase_floors":[4,19,19,25,25,29,29,41,41,41,41,41,41,41],"current_hp_per_floor":[73,73,73,73,73,65,65,56,56,56,54,54,21,21,43,15,93,93,93,91,91,85,85,67,88,88,88,94,111,111,111,111,19,111,111,102,102,102,88,88,103,98,98,98,59,61,65,70,111,100,100],"gold":103,"neow_bonus":"NOSTALGIA","is_daily":false,"chose_seed":false,"campfire_upgraded":6,"win_rate":0.0,"timestamp":1608304491,"path_taken":["M","?","?","$","?","E","R","E","T","?","M","?","?","M","R","BOSS","M","$","M","?","M","R","M","$","T","?","?","$","R","?","R","BOSS","M","M","?","?","?","R","$","E","T","?","?","M","M","M","R","BOSS"],"items_purchased_type":["Relic","Relic","Relic","Relic","Relic","Relic","Relic","Relic","Relic","Potion","Potion","Potion","Potion","Relic"],"build_version":"2020-12-13","purchased_purges":3,"victory":true,"max_hp_per_floor":[75,75,75,75,75,75,75,75,75,75,75,75,75,75,75,75,93,93,93,93,93,93,93,93,99,99,99,105,111,111,111,111,111,111,111,111,111,111,111,111,111,111,111,111,111,111,111,111,111,111,111],"relic_stats":{"Darkstone Periapt":36,"Strange Spoon":[41],"Regal Pillow":0,"Torii":13,"counters":[20,95],"Shuriken":[33],"MealTicket":41,"Juzu Bracelet":3,"obtain_stats":[{"Darkstone Periapt":17,"Regal Pillow":29,"hermit:ClaspedLocket":34,"HonorFeather":45,"Torii":25,"Gensokyo:UndefinedDarkness":31,"Dota2Spire:ShadowBlade":17,"Juzu Bracelet":6,"Dota2Spire:EtherealBlade":43,"Replay:Rubber Ducky":42,"vexMod:InvisibilityCloak":41,"HornCleat":27,"MealTicket":9,"Dota2Spire:Mjollnir":17,"Ring of Panic":43,"aspiration:VileToxins":8,"MerchantsRug":19,"BargainBundle":41,"Ring of Hypnosis":28,"aspiration:Nostalgia":0,"ReplayTheSpireMod:CursedCoin":29,"Gensokyo:MosesMiracle":33,"Dota2Spire:ShivaGuard":19,"Replay:Ancient Bell":17,"Boundary_crack":0,"Gensokyo:ConquerorOfFear":33,"Mercury Hourglass":26,"Strange Spoon":25,"Shuriken":4,"Hallownest:BankAccountRelic":10,"Gensokyo:DayTheSeaSplit":21,"ReplayTheSpireMod:Ring of Collecting":28,"LetterFromLob":1,"ReplayTheSpireMod:TigerMarble":13,"aspiration:HatOfInfinitePower":41,"hermit:Momento":0,"ShedSkin_r":45,"REME_ComplimentaryCards":0},{"Darkstone Periapt":7,"Regal Pillow":11,"hermit:ClaspedLocket":12,"HonorFeather":16,"Torii":11,"Gensokyo:UndefinedDarkness":11,"Dota2Spire:ShadowBlade":7,"Juzu Bracelet":2,"Dota2Spire:EtherealBlade":15,"Replay:Rubber Ducky":15,"vexMod:InvisibilityCloak":14,"HornCleat":11,"MealTicket":3,"Dota2Spire:Mjollnir":7,"Ring of Panic":15,"aspiration:VileToxins":3,"MerchantsRug":8,"BargainBundle":14,"Ring of Hypnosis":11,"aspiration:Nostalgia":0,"ReplayTheSpireMod:CursedCoin":11,"Gensokyo:MosesMiracle":12,"Dota2Spire:ShivaGuard":8,"Replay:Ancient Bell":7,"Boundary_crack":0,"Gensokyo:ConquerorOfFear":12,"Mercury Hourglass":11,"Strange Spoon":11,"Shuriken":1,"Hallownest:BankAccountRelic":3,"Gensokyo:DayTheSeaSplit":9,"ReplayTheSpireMod:Ring of Collecting":11,"LetterFromLob":1,"ReplayTheSpireMod:TigerMarble":5,"aspiration:HatOfInfinitePower":14,"hermit:Momento":0,"ShedSkin_r":16,"REME_ComplimentaryCards":0},{"Darkstone Periapt":39,"Regal Pillow":52,"hermit:ClaspedLocket":61,"HonorFeather":76,"Torii":52,"Gensokyo:UndefinedDarkness":52,"Dota2Spire:ShadowBlade":39,"Juzu Bracelet":12,"Dota2Spire:EtherealBlade":73,"Replay:Rubber Ducky":73,"vexMod:InvisibilityCloak":67,"HornCleat":52,"MealTicket":17,"Dota2Spire:Mjollnir":39,"Ring of Panic":73,"aspiration:VileToxins":17,"MerchantsRug":41,"BargainBundle":67,"Ring of Hypnosis":52,"aspiration:Nostalgia":0,"ReplayTheSpireMod:CursedCoin":52,"Gensokyo:MosesMiracle":61,"Dota2Spire:ShivaGuard":41,"Replay:Ancient Bell":39,"Boundary_crack":0,"Gensokyo:ConquerorOfFear":61,"Mercury Hourglass":52,"Strange Spoon":52,"Shuriken":5,"Hallownest:BankAccountRelic":17,"Gensokyo:DayTheSeaSplit":44,"ReplayTheSpireMod:Ring of Collecting":52,"LetterFromLob":5,"ReplayTheSpireMod:TigerMarble":26,"aspiration:HatOfInfinitePower":67,"hermit:Momento":0,"ShedSkin_r":76,"REME_ComplimentaryCards":0}],"Mercury Hourglass":[216]},"card_choices":[{"not_picked":["hermit:Grudge","hermit:TakeAim"],"picked":"hermit:GoldenBullet","floor":1.0},{"not_picked":["hermit:Ricochet","hermit:Spite"],"picked":"hermit:NoHoldsBarred","floor":6.0},{"not_picked":["hermit:Gestalt","hermit:Grudge","hermit:LuckOfTheDraw"],"picked":"SKIP","floor":8.0},{"not_picked":["hermit:TrackingShot","hermit:NoHoldsBarred"],"picked":"hermit:Headshot","floor":11.0},{"not_picked":["hermit:Ricochet","hermit:Feint"],"picked":"hermit:Dive","floor":13.0},{"not_picked":["hermit:CalledShot","hermit:Quickdraw","hermit:TrackingShot"],"picked":"SKIP","floor":14.0},{"not_picked":["hermit:Purgatory","hermit:FatalDesire"],"picked":"hermit:RoundhouseKick","floor":16.0},{"not_picked":["SnafuTest:CursePact","Shame"],"picked":"Envy_TH","floor":17.0},{"not_picked":["Guardian:Aged","Normality"],"picked":"Replay:Sluggish","floor":17.0},{"not_picked":["Hallownest:curseDreamersLament","Replay:Sluggish"],"picked":"maniac:Torture","floor":17.0},{"not_picked":["hermit:Vantage","hermit:TrackingShot"],"picked":"hermit:PistolWhip+1","floor":18.0},{"not_picked":["hermit:Quickdraw","hermit:TrackingShot","hermit:Desperado+1"],"picked":"SKIP","floor":20.0},{"not_picked":["hermit:Shortfuse","hermit:Spite"],"picked":"hermit:Roughhouse","floor":22.0},{"not_picked":["hermit:Glare+1","hermit:Vantage","hermit:Dive"],"picked":"SKIP","floor":24.0},{"not_picked":["hermit:Adapt","hermit:RoundhouseKick"],"picked":"hermit:FinalCanter","floor":33.0},{"not_picked":["hermit:LuckOfTheDraw+1","hermit:Feint+1","hermit:LowProfile+1"],"picked":"SKIP","floor":35.0},{"not_picked":["hermit:ShadowCloak","hermit:Malice","hermit:LowProfile+1"],"picked":"SKIP","floor":36.0},{"not_picked":["expansioncontent:DonusPower","Survey Options"],"picked":"REME_MagicPocketWatch","floor":37.0},{"not_picked":["hermit:Coalescence+1","hermit:Horror+1"],"picked":"hermit:Manifest+1","floor":42.0},{"not_picked":["hermit:Feint+1","hermit:Quickdraw","hermit:Gestalt"],"picked":"SKIP","floor":46.0},{"not_picked":["hermit:Grudge","hermit:HighCaliber+1"],"picked":"hermit:TakeAim+1","floor":47},{"not_picked":["hermit:Vantage+1","hermit:Desperado","hermit:FullyLoaded+1"],"picked":"SKIP","floor":48}],"player_experience":191535,"relics_obtained":[{"floor":1.0,"key":"LetterFromLob"},{"floor":6.0,"key":"Juzu Bracelet"},{"floor":8.0,"key":"aspiration:VileToxins"},{"floor":9.0,"key":"MealTicket"},{"floor":13.0,"key":"ReplayTheSpireMod:TigerMarble"},{"floor":26.0,"key":"Mercury Hourglass"},{"floor":27.0,"key":"HornCleat"},{"floor":28.0,"key":"Ring of Hypnosis"},{"floor":28.0,"key":"ReplayTheSpireMod:Ring of Collecting"},{"floor":33.0,"key":"Gensokyo:MosesMiracle"},{"floor":33.0,"key":"Gensokyo:ConquerorOfFear"},{"floor":42.0,"key":"Replay:Rubber Ducky"},{"floor":43.0,"key":"Ring of Panic"},{"floor":43.0,"key":"Dota2Spire:EtherealBlade"}],"event_choices":[{"damage_healed":0.0,"max_hp_gain":0.0,"max_hp_loss":0.0,"gold_gain":0.0,"event_name":"SensoryStone","player_choice":"Memory 1","floor":37.0,"gold_loss":0.0,"damage_taken":0.0},{"damage_healed":0.0,"max_hp_gain":0.0,"max_hp_loss":0.0,"gold_gain":0.0,"cards_transformed":["hermit:Strike_Hermit"],"event_name":"Transmorgrifier","player_choice":"Transformed","floor":38.0,"gold_loss":0.0,"damage_taken":0.0,"cards_obtained":["hermit:Vantage"]},{"damage_healed":0.0,"max_hp_gain":0.0,"max_hp_loss":0.0,"gold_gain":0.0,"event_name":"Winding Halls","player_choice":"Embrace Madness","floor":39.0,"gold_loss":0.0,"damage_taken":14.0,"cards_obtained":["Madness","Madness"]},{"damage_healed":0.0,"max_hp_gain":0.0,"max_hp_loss":0.0,"gold_gain":0.0,"event_name":"Upgrade Shrine","player_choice":"Upgraded","floor":44.0,"gold_loss":0.0,"damage_taken":0.0,"cards_upgraded":["Storm of Steel"]}],"is_beta":false,"boss_relics":[{"not_picked":["Ectoplasm","aspiration:RunicSpoon"],"picked":"Replay:Ancient Bell"},{"not_picked":["Strawberry","Dream Catcher"],"picked":"Dota2Spire:ShadowBlade"},{"not_picked":["hermit:Horseshoe","Replay:Bottled Steam"],"picked":"Darkstone Periapt"},{"not_picked":["Dota2Spire:Satanic","Ice Cream"],"picked":"Dota2Spire:Mjollnir"},{"not_picked":["Runic Dome","conspire:SlowCooker"],"picked":"hermit:ClaspedLocket"}],"items_purged_floors":[19,29,41],"is_endless":false,"potions_floor_spawned":[6,8,20,33,36,42,45,46],"ascension_level":0}}