{"host":"uceopoba4zvqsgiy","time":1608333685,"event":{"mods":["Act Like it!","BaseMod","Better Skull","Better Third Choice","Elementarium","GifTheSpireLib","Hermit","Humility","Infinite Spire","Jorbs\u0027s Wanderer Trilogy","Marked Mod","Minty Spire (QoL Compilation)","Potionbrewer","Replay The Spire","Robot Space Explorer","Shade Mod","Spicy Shops","StSLib","Stuff the Spire","The Blue Laboratory","The Cursed","The Dragon Tamer","The Hierophant","The Judge","The Jungle","Wandering Minibosses"],"gold_per_floor":[112,122,122,138,103,129,141,156,156,156,187,187,4,20,20,123,123,137,412,31,31,31,65,83,113,139,156,176,176,205,222,222,321,321,337,387,387,397,53,82,82,92,144,144,175,11,27,43,43,43],"floor_reached":51,"playtime":9358,"items_purged":[],"score":831,"play_id":"8f2c8d06-9fde-42b9-a44b-43ecd56bbce1","local_time":"20201219095125","is_ascension_mode":true,"campfire_choices":[{"floor":15,"key":"REST"},{"floor":32,"key":"REST"},{"floor":41,"key":"REST"},{"floor":44,"key":"REST"},{"floor":49,"key":"REST"}],"circlet_count":0,"master_deck":["Survivor","Neutralize","Well Laid Plans","Replay:Poison Smokescreen","StuffTheSpire:BrimstoneBlast","Draining Mist","Dash","ReplayTheSpireMod:Exploit Weakness","Skewer","infinitespire:Neurotoxin","Toxin Wave","StuffTheSpire:Sprint","After Image","StuffTheSpire:BrimstoneBlast","StuffTheSpire:BumpUp","Tactician","Wraith Form v2+1","Regret","StuffTheSpire:Brawn","Crippling Poison","Endless Agony+1","Blade Dance","Decay","ReplayTheSpireMod:Necrosis","Terror+1","Glass Knife","Regret","Envenom+1","Deadly Poison","Riddle With Holes+1","Languid","Apotheosis"],"relics":["Pandora\u0027s Box","FaceOfCleric","StuffTheSpire:OldFever","StuffTheSpire:HeavyRock","StuffTheSpire:Gunfinga","Frozen Egg 2","Membership Card","Replay:Baseball","WristBlade","Ice Cream","Lizard Tail","Chemical X","Replay:WaspNest","Replay:Wax Seal","ReplayFunnel","Unceasing Top","Cursed Key","infinitespire:Golems Mask","TwistedFunnel","infinitespire:CheckeredPen","Iron Hammer","Basket Of Snakes","Pen Nib","StuffTheSpire:EmeraldSignet","Potion Belt"],"acts_visited":["Exordium","TheCity","TheBeyond"],"potions_floor_usage":[6,6,16,24,28,30,40,42,47],"damage_taken":[{"damage":15,"enemies":"Jaw Worm","floor":1,"turns":3},{"damage":0,"enemies":"Cultist","floor":2,"turns":3},{"damage":4,"enemies":"Small Slimes","floor":4,"turns":3},{"damage":2,"enemies":"Lagavulin","floor":6,"turns":5},{"damage":6,"enemies":"Blue Slaver","floor":7,"turns":3},{"damage":38,"enemies":"Gremlin Nob","floor":8,"turns":4},{"damage":9,"enemies":"Lagavulin","floor":11,"turns":5},{"damage":13,"enemies":"Exordium Thugs","floor":14,"turns":3},{"damage":4,"enemies":"Hexaghost","floor":16,"turns":8},{"damage":3,"enemies":"3 Byrds","floor":18,"turns":3},{"damage":21,"enemies":"Replay:Snechameleon","floor":23,"turns":4},{"damage":6,"enemies":"Shell Parasite","floor":24,"turns":4},{"damage":9,"enemies":"Book of Stabbing","floor":25,"turns":4},{"damage":6,"enemies":"Snecko","floor":27,"turns":4},{"damage":10,"enemies":"Centurion and Healer","floor":28,"turns":4},{"damage":6,"enemies":"Gremlin Leader","floor":30,"turns":5},{"damage":1,"enemies":"Chosen and Byrds","floor":31,"turns":3},{"damage":22,"enemies":"Champ","floor":33,"turns":9},{"damage":26,"enemies":"3 Shapes","floor":35,"turns":4},{"damage":4,"enemies":"2 Orb Walkers","floor":36,"turns":4},{"damage":2,"enemies":"Orb Walker","floor":38,"turns":3},{"damage":9,"enemies":"R_Hoarder","floor":40,"turns":4},{"damage":15,"enemies":"Jaw Worm Horde","floor":42,"turns":3},{"damage":7,"enemies":"Reptomancer","floor":45,"turns":4},{"damage":10,"enemies":"Transient","floor":47,"turns":6},{"damage":13,"enemies":"Writhing Mass","floor":48,"turns":3},{"damage":11,"enemies":"Replay:Hell Engine","floor":50,"turns":5}],"seed_played":"2838768239687942480","potions_obtained":[{"floor":1,"key":"potionbrewer:QuicksilverPotion"},{"floor":2,"key":"Weak Potion"},{"floor":11,"key":"infinitespire:BlackPotion"},{"floor":18,"key":"blueLaboratory:BottleOfRum"},{"floor":27,"key":"blueLaboratory:StoneskinPotion"},{"floor":28,"key":"Block Potion"},{"floor":33,"key":"blueLaboratory:EnvenomedCoating"},{"floor":40,"key":"blueLaboratory:PhilterOfMotion"},{"floor":42,"key":"potionbrewer:CleansingPotion"},{"floor":45,"key":"potionbrewer:CleansingPotion"},{"floor":48,"key":"blueLaboratory:BottledHope"}],"is_trial":false,"path_per_floor":["M","M","?","M","?","E","M","E","T","$","E","?","$","M","R","B",null,"M","?","$","?","?","E","M","E","T","M","M","?","E","M","R","B",null,"M","?","?","M","$","E","R","M","T","R","E","$","M","M","R","B",null],"character_chosen":"THE_SILENT","items_purchased":["Membership Card","Replay:Baseball","Ice Cream","Lizard Tail","Chemical X","TwistedFunnel","infinitespire:CheckeredPen","Iron Hammer","Envenom+1","Deadly Poison","Apotheosis","Potion Belt"],"campfire_rested":5,"item_purchase_floors":[13,13,20,20,20,39,39,39,39,39,46,46],"current_hp_per_floor":[55,55,55,52,69,68,63,26,26,26,18,33,33,21,43,40,68,66,66,66,50,50,30,25,17,17,12,3,3,42,42,67,46,76,51,48,48,47,47,39,66,52,52,79,73,73,64,54,82,72],"gold":43,"neow_bonus":"BOSS_RELIC","is_daily":false,"chose_seed":false,"campfire_upgraded":0,"win_rate":0.0,"timestamp":1608333685,"path_taken":["M","M","?","?","?","E","M","E","T","$","E","?","$","M","R","BOSS","M","?","?","?","?","E","M","E","T","M","M","?","E","M","R","BOSS","M","?","?","?","$","E","R","M","T","R","E","?","M","M","R","BOSS"],"items_purchased_type":["Relic","Relic","Relic","Relic","Relic","Relic","Relic","Relic","Card","Card","Card","Relic"],"build_version":"2020-12-13","purchased_purges":0,"victory":true,"max_hp_per_floor":[70,70,70,71,71,72,73,74,74,74,75,75,75,76,76,77,77,78,78,78,78,78,79,80,81,81,82,83,83,84,85,85,86,86,87,88,88,89,89,90,90,91,91,91,92,92,93,94,94,95],"card_choices":[{"not_picked":["Bane","Dash","Backflip"],"picked":"SKIP","floor":1},{"not_picked":["Hidden Blade","Finisher","Backflip"],"picked":"SKIP","floor":2},{"not_picked":["Backflip","Fluid Movement","Slice"],"picked":"SKIP","floor":4},{"not_picked":["Skewer","Outmaneuver"],"picked":"After Image","floor":6},{"not_picked":["Cloak And Dagger","Dagger Spray","Choke"],"picked":"SKIP","floor":7},{"not_picked":["StuffTheSpire:BumpUp","Fluid Movement"],"picked":"StuffTheSpire:BrimstoneBlast","floor":8},{"not_picked":["Blade Dance","Dagger Throw"],"picked":"StuffTheSpire:BumpUp","floor":11},{"not_picked":["Blade Dance","ReplayTheSpireMod:Shiv Toss"],"picked":"Tactician","floor":14},{"not_picked":["Replay:Bag of Tricks","Storm of Steel"],"picked":"Wraith Form v2+1","floor":16},{"not_picked":["Flechettes","Prepared","StuffTheSpire:BumpUp+1"],"picked":"SKIP","floor":18},{"not_picked":["StuffTheSpire:Shiver+1","Flying Knee+1","Slice"],"picked":"SKIP","floor":23},{"not_picked":["Underhanded Strike+1","StuffTheSpire:MirrorStance","Slice"],"picked":"SKIP","floor":24},{"not_picked":["Choke+1","Glass Knife"],"picked":"Endless Agony+1","floor":25},{"not_picked":["Cloak And Dagger","StuffTheSpire:ClusterCrunch","Underhanded Strike"],"picked":"SKIP","floor":27},{"not_picked":["Dagger Throw+1","Distraction"],"picked":"Blade Dance","floor":28},{"not_picked":["Dagger Spray+1","Replay:Poison Smokescreen","PiercingWail"],"picked":"SKIP","floor":30},{"not_picked":["Outmaneuver","Backflip","StuffTheSpire:Fury+1"],"picked":"SKIP","floor":31},{"not_picked":["Storm of Steel","Atom Bomb"],"picked":"ReplayTheSpireMod:Necrosis","floor":33},{"not_picked":["Backflip","StuffTheSpire:Python"],"picked":"Terror+1","floor":35},{"not_picked":["Prepared","Underhanded Strike+1","Flying Knee"],"picked":"SKIP","floor":38},{"not_picked":["Poisoned Stab","StuffTheSpire:BumpUp"],"picked":"Riddle With Holes+1","floor":40},{"not_picked":["StuffTheSpire:Shiver","ReplayTheSpireMod:Speed Training","Sneak Up"],"picked":"SKIP","floor":42},{"not_picked":["StuffTheSpire:ClusterCrunch+1","Sneak Up+1","StuffTheSpire:Python"],"picked":"SKIP","floor":45},{"not_picked":["Setup","Bullet Time","Poisoned Stab+1"],"picked":"SKIP","floor":47},{"not_picked":["Predator","StuffTheSpire:Python","Backflip+1"],"picked":"SKIP","floor":48}],"player_experience":1542184,"relics_obtained":[{"floor":6,"key":"StuffTheSpire:OldFever"},{"floor":8,"key":"StuffTheSpire:HeavyRock"},{"floor":9,"key":"StuffTheSpire:Gunfinga"},{"floor":11,"key":"Frozen Egg 2"},{"floor":23,"key":"Replay:WaspNest"},{"floor":25,"key":"Replay:Wax Seal"},{"floor":26,"key":"ReplayFunnel"},{"floor":30,"key":"Unceasing Top"},{"floor":36,"key":"infinitespire:Golems Mask"},{"floor":40,"key":"Basket Of Snakes"},{"floor":43,"key":"Pen Nib"},{"floor":45,"key":"StuffTheSpire:EmeraldSignet"}],"event_choices":[{"damage_healed":0,"gold_gain":0,"player_choice":"Trade","damage_taken":0,"relics_obtained":["FaceOfCleric"],"max_hp_gain":0,"max_hp_loss":0,"event_name":"FaceTrader","floor":3,"gold_loss":0},{"damage_healed":17,"gold_gain":0,"player_choice":"Healed","damage_taken":0,"max_hp_gain":0,"max_hp_loss":0,"event_name":"The Cleric","floor":5,"gold_loss":35},{"damage_healed":0,"gold_gain":275,"player_choice":"Desecrate","damage_taken":0,"max_hp_gain":0,"max_hp_loss":0,"event_name":"Golden Shrine","floor":19,"gold_loss":0,"cards_obtained":["Regret"]},{"damage_healed":0,"gold_gain":0,"player_choice":"Read","damage_taken":0,"max_hp_gain":0,"max_hp_loss":0,"event_name":"The Library","floor":22,"gold_loss":0,"cards_obtained":["Crippling Poison"]},{"damage_healed":0,"gold_gain":0,"player_choice":"Smashed Altar","damage_taken":0,"max_hp_gain":0,"max_hp_loss":0,"event_name":"Forgotten Altar","floor":29,"gold_loss":0,"cards_obtained":["Decay"]},{"damage_healed":0,"gold_gain":0,"player_choice":"Fight","damage_taken":0,"max_hp_gain":0,"max_hp_loss":0,"event_name":"Mysterious Sphere","floor":36,"gold_loss":0},{"damage_healed":0,"gold_gain":0,"player_choice":"1 cards matched","damage_taken":0,"max_hp_gain":0,"max_hp_loss":0,"event_name":"Match and Keep!","floor":37,"gold_loss":0,"cards_obtained":["Glass Knife"]}],"is_beta":false,"boss_relics":[{"not_picked":["Snecko Heart","Empty Cage"],"picked":"WristBlade"},{"not_picked":["StuffTheSpire:ModemDavis","Kintsugi"],"picked":"Cursed Key"}],"items_purged_floors":[],"is_endless":false,"potions_floor_spawned":[1,2,11,18,27,28,33,40,42,45,48],"ascension_level":5}}