{"host":"l85rtarfuh0ld3b1","time":1608312322,"event":{"mods":["Act Like it!","BaseMod","BetterRewards","CapriCore","Chen","Decade(王小明)","Gensokyo","KinomotoSakuraMod(木之本樱)","Koishi","Marisa（F雨　魔理沙）","Minty Spire (QoL Compilation)","Nova Terra(诺娃・泰拉)","Permanent Neow","Reimu（博丽灵梦）","Remilia（蕾米莉亚）","Shop Mod","StSLib","TestMod","The Administrix","The Immortal","The Servant 0.9.4","【东方二次创作】八云紫mod"],"gold_per_floor":[115,73,87,101,6949,6977,6813,6847,6847,6874,7273,7303,7336,7627,7627,7700,7700,7713,7713,7645,7645,7451,7451,7481,7481,7533,7533,7088,7088,7106,7119,7119,7189,7189,7207,7207,7207,7256,7266,7266,7293,7293,7293,7312,7312,7323,7375,7408,7408,7408,7408,7408,6705,6730,6730],"floor_reached":56,"playtime":3970,"items_purged":["Strike_MRS","Strike_MRS","Defend_MRS","Defend_MRS","Strike_MRS","Defend_MRS","MasterSpark","UpSweep","Defend_MRS","Poor:ReiMu","Wrath_TH","UnstableBomb","UnstableBomb+1","Orbital+1"],"score":3284,"play_id":"b49144f9-cfb9-45f9-b1a7-f95aa0a97a53","local_time":"20201219012522","is_ascension_mode":true,"campfire_choices":[{"floor":15,"key":"RECALL"},{"data":"JA","floor":23,"key":"SMITH"},{"floor":25,"key":"DIG"},{"floor":27,"key":"DIG"},{"floor":32,"key":"DIG"},{"floor":40,"key":"DIG"},{"floor":45,"key":"DIG"},{"floor":49,"key":"DIG"},{"floor":52,"key":"DIG"}],"circlet_count":0,"master_deck":["SakuraCardTheIllusion+","AscendersBane","WitchLeyline+1","ManaConvection+1","Parasite","Parasite","Panache+1","ClowCardTheDash+1","ButterflyHabitatTemple_purple+1","FlawlessForm+1","ClowCardTheLight+1","ClowCardTheFly+1","ClowCardTheBubbles+1","ClowCardTheChange+1","Solidify+1","Moondial+1","TheWorld+1","JA+1"],"relics":["MiniHakkero","testmod-Temperance","MerchantsRug","SimpleLauncher","testmod-CrystalShield","Chemical X","testmod-Charity","Singing Bowl","Question Card","BreadOfAWashokuLover","PrismaticShard","testmod-IndustrialRevolution","testmod-AssaultLearning","Medical Kit","Membership Card","Darkstone Periapt","Omamori","Mastiff:ReiMu","Tiny Chest","Matryoshka","CeramicFish","Dream Catcher","HandmadeGrimoire","Juzu Bracelet","testmod-HeartOfDaVinci","testmod-Acrobat","KSMOD_SealedBook","KSMOD_Cerberus","Blue Candle","Memoryfragments_purpleEX","KSMOD_MoonBell","testmod-ObsoleteBoomerang","Shovel","White Beast Statue","SproutingBranch","testmod-Alchemist","WingedGreaves","Peace Pipe","testmod-CyclicPeriapt","MagicBroom","APieceOfRedMist","Bow_fan:ReiMu","Cables","BigShroomBag","testmod-ConstraintPeriapt","Ginger","testmod-Maize","KSMOD_SealedWand","Du-Vu Doll","testmod-EqualTreatment","testmod-Muramasa","OldScarf","testmod-TimeTraveler","KSMOD_Yue","KaguraBell:ReiMu","Bird Faced Urn","FossilizedHelix","Charon\u0027s Ashes","CatCart","Chen:Catnip","SproutingBranch","Ring of the Snake","Uniform","Tough Bandages","testmod-Nyarlathotep","Koishi:EchoesOfADeadGirl"],"acts_visited":["Gensokyo:Gensokyo","TheCity","TheBeyond","TheEnding"],"potions_floor_usage":[0,0,0,0,0,0,0,0,0,0,0,0,0,0,0,0,0,0,50,53],"damage_taken":[{"damage":0,"enemies":"Gensokyo:Gryphon","floor":1,"turns":1},{"damage":0,"enemies":"Gensokyo:Python","floor":3,"turns":1},{"damage":0,"enemies":"Gensokyo:3_Fairies","floor":4,"turns":2},{"damage":116,"enemies":"Gensokyo:Aya","floor":6,"turns":1},{"damage":127,"enemies":"Gensokyo:Cirno","floor":8,"turns":4},{"damage":97,"enemies":"Gensokyo:Mamizou","floor":10,"turns":1},{"damage":76,"enemies":"Gensokyo:Aya","floor":12,"turns":1},{"damage":1,"enemies":"Gensokyo:Cirno","floor":13,"turns":4},{"damage":2,"enemies":"Gensokyo:Reimu","floor":16,"turns":1},{"damage":1,"enemies":"3 Byrds","floor":18,"turns":1},{"damage":2,"enemies":"Gremlin Leader","floor":24,"turns":1},{"damage":1,"enemies":"Chosen","floor":30,"turns":1},{"damage":1,"enemies":"Centurion and Healer","floor":31,"turns":1},{"damage":1,"enemies":"Automaton","floor":33,"turns":1},{"damage":2,"enemies":"3 Darklings","floor":35,"turns":1},{"damage":1,"enemies":"Orb Walker","floor":39,"turns":1},{"damage":0,"enemies":"Reptomancer","floor":41,"turns":1},{"damage":2,"enemies":"Writhing Mass","floor":44,"turns":1},{"damage":2,"enemies":"Maw","floor":46,"turns":1},{"damage":5,"enemies":"Orin","floor":47,"turns":2},{"damage":1,"enemies":"Nemesis","floor":48,"turns":1},{"damage":0,"enemies":"Donu and Deca","floor":50,"turns":1},{"damage":0,"enemies":"Shield and Spear","floor":54,"turns":1},{"damage":0,"enemies":"The Heart","floor":55,"turns":3}],"seed_played":"3056254648260314816","potions_obtained":[{"floor":0,"key":"BlessingOfTheForge"},{"floor":0,"key":"Swift Potion"},{"floor":0,"key":"GrandPatriotsElixir:ReiMu"},{"floor":0,"key":"EssenceOfSteel"},{"floor":0,"key":"Fire Potion"},{"floor":0,"key":"BlessingOfTheForge"},{"floor":0,"key":"Swift Potion"},{"floor":0,"key":"GrandPatriotsElixir:ReiMu"},{"floor":0,"key":"EssenceOfSteel"},{"floor":0,"key":"Fire Potion"},{"floor":1,"key":"AttackPotion"},{"floor":3,"key":"EssenceOfSteel"},{"floor":4,"key":"Block Potion"},{"floor":6,"key":"DistilledChaos"},{"floor":8,"key":"BlessingOfTheForge"},{"floor":10,"key":"BlessingOfTheForge"},{"floor":12,"key":"GrandPatriotsElixir:ReiMu"},{"floor":13,"key":"DuplicationPotion"},{"floor":16,"key":"GrandPatriotsElixir:ReiMu"},{"floor":18,"key":"Ancient Potion"},{"floor":24,"key":"Energy Potion"},{"floor":30,"key":"ShroomBrew"},{"floor":31,"key":"Fire Potion"},{"floor":33,"key":"Block Potion"},{"floor":35,"key":"Dexterity Potion"},{"floor":39,"key":"SteroidPotion"},{"floor":41,"key":"Weak Potion"},{"floor":44,"key":"DuplicationPotion"},{"floor":54,"key":"BottledSpark"}],"is_trial":false,"path_per_floor":["M","?","M","M","$","E","$","E","T","E","?","E","E","$","R","B",null,"M","?","$","T","$","R","E","R","T","R","$","?","M","M","R","B",null,"M","?","T","?","M","R","E","?","T","M","R","M","?","E","R","B",null,"R","$","E","B",null],"character_chosen":"MARISA","items_purchased":["MerchantsRug","testmod-IntensifyImprint","testmod-CasingShield","Calipers","StrikeDummy","SimpleLauncher","testmod-CrystalShield","Centennial Puzzle","Chemical X","testmod-Brilliant","testmod-Charity","EntropicBrew","Singing Bowl","OrangePellets","Happy Flower","Question Card","testmod-IWantAll","BreadOfAWashokuLover","Strawberry","testmod-MagicalMallet","testmod-SpacePotion","HornCleat","PrismaticShard","WitchLeyline","Orichalcum","Art of War","HandDrill","Incense Burner","AntiCross","testmod-Register","Anchor","Strange Spoon","Bottled Flame","testmod-Laevatain","Vajra","TheAbacus","ManaConvection","testmod-SpacePotion","testmod-IndustrialRevolution","testmod-AssaultLearning","Medical Kit","Membership Card","Toy Ornithopter","Nunchaku","testmod-SpacePotion","Cauldron","Darkstone Periapt","testmod-DragonStarHat","Lee\u0027s Waffle","Ornamental Fan","testmod-Antiphasic","testmod-FatalChain","testmod-ThousandKnives","Frozen Eye","testmod-InfectionSource","Unceasing Top","Sling","Orbital","ShroomBag","Omamori","testmod-Faith","Meat on the Bone","War Paint","ClockworkSouvenir","Shuriken","Mastiff:ReiMu","Turnip","Bottled Lightning","Orrery","MealTicket","testmod-TurbochargingSystem","TentaclePot:ReiMu","Panache","Pear","Toolbox","StoneCalendar","Bag of Preparation","EscapeVelocity","Sundial","testmod-TheFather","RuthlessExorcism:ReiMu","Tiny Chest","testmod-BlackFramedGlasses","Bronze Scales","PreservedInsect","Pocketwatch","TreasureHunter","Oddly Smooth Stone","Lantern","Molten Egg 2","Toxic Egg 2","Potion Belt","Pantograph","Matryoshka","testmod-ArcanaOfDestiny","Whetstone","Akabeko","Regal Pillow","testmod-LifeArmor","CeramicFish","Dream Catcher","HandmadeGrimoire","testmod-OneHitWonder","Juzu Bracelet","Pen Nib","CaptainsWheel","Ancient Tea Set","Blood Vial","testmod-HeartOfDaVinci","PureWhite:ReiMu","Bag of Marbles","Mummified Hand","testmod-Acrobat","Brimstone","RedBat","KSMOD_SealedBook","AdministrixMod:PrescriptionBottle","Tea:ReiMu","CrazyTorch:ReiMu","Snake Skull","CheatingSign:ReiMu","ThegodofHakurei_purpleEX","EntropicBrew","TheEssenceOfRealm","Fruit Juice","Pan","Boot","AdministrixMod:GoldenChickadee","Fruit Juice","ScarletDevilRocket","KSMOD_GemBrooch","KSMOD_Cerberus","testmod-SpacePotion","Mercury Hourglass","Blue Candle","TwistedFunnel","EntropicBrew","KSMOD_TeddyBear","testmod-Déjàvu","KSMOD_TomoyosHeart","Eternal Feather","Gremlin Horn","KSMOD_RollerSkates","Kunai","Paper Crane","testmod-BouquetWithThorns","Broom","Ninja Scroll","PaperSwan","KSMOD_Compass","testmod-Motorcycle","Paper Frog","testmod-Justice","InkBottle","RomanBracelet","KSMOD_SwordJade","Memoryfragments_purpleEX","ScarletHat","KSMOD_MoonBell","Koishi:LettersToReimu","testmod-ObsoleteBoomerang","Fruit Juice","Fruit Juice","testmod-SpacePotion","Lizard Tail","Shovel","White Beast Statue","SproutingBranch","EntropicBrew","testmod-Fortitude","AmplifyWand","testmod-Alchemist","Letter Opener","KSMOD_TouyasBicycle","EntropicBrew","Frozen Egg 2","testmod-SpacePotion","The Specimen","Gungnir","KSMOD_TaoistSuit","Bottled Tornado","TypeBBloodRedTea","testmod-SpacePotion","Mango","WingedGreaves","Ice Cream","Peace Pipe","testmod-InjuryResistance","Tingsha","testmod-Hope","Gambling Chip","Champion Belt","testmod-CyclicPeriapt","Thread and Needle","FairyMaid","DoubleSpark+1","JA","BigShroomBag","Du-Vu Doll","testmod-EqualTreatment","testmod-Muramasa","Uniform","Tough Bandages","testmod-Nyarlathotep","Fruit Juice"],"campfire_rested":0,"item_purchase_floors":[0,0,0,0,0,0,0,0,0,0,0,0,0,0,0,0,0,0,0,0,0,0,0,0,0,0,0,0,0,0,0,0,0,0,0,0,0,0,0,0,0,0,0,0,0,0,0,0,0,0,0,0,0,0,0,0,0,0,0,0,0,0,0,0,0,0,0,0,0,0,0,0,0,0,0,0,0,0,0,0,0,0,0,0,0,0,0,0,0,0,0,0,0,0,0,0,0,0,0,0,0,0,0,0,0,0,0,0,0,0,0,0,0,0,0,0,0,0,0,0,0,0,0,0,0,0,0,0,0,0,0,0,0,0,0,0,0,0,0,0,0,0,0,0,0,0,0,0,0,0,0,0,0,0,0,0,0,0,0,0,0,0,0,0,0,0,0,0,0,0,0,0,0,0,0,0,0,0,0,0,0,0,0,0,0,0,0,0,0,0,0,0,0,0,0,5,20,22,28,28,28,53,53,53,53],"current_hp_per_floor":[226,227,232,242,380,270,271,300,300,226,227,175,367,375,375,392,479,490,490,491,491,491,491,513,513,514,514,514,538,547,555,555,566,566,572,572,572,573,582,582,601,601,601,612,612,626,640,651,651,662,662,662,667,673,703],"gold":6730,"neow_bonus":"","is_daily":false,"chose_seed":false,"campfire_upgraded":1,"win_rate":0.0,"timestamp":1608312322,"path_taken":["M","?","M","M","$","E","$","E","T","E","?","E","E","$","R","BOSS","M","?","$","?","?","R","E","R","T","R","$","?","M","M","R","BOSS","M","?","?","?","M","R","E","?","T","M","R","M","?","E","R","BOSS","R","$","E","BOSS"],"items_purchased_type":["Relic","Relic","Relic","Relic","Relic","Relic","Relic","Relic","Relic","Relic","Relic","Potion","Relic","Relic","Relic","Relic","Relic","Relic","Relic","Relic","Potion","Relic","Relic","Card","Relic","Relic","Relic","Relic","Relic","Relic","Relic","Relic","Relic","Relic","Relic","Relic","Card","Potion","Relic","Relic","Relic","Relic","Relic","Relic","Potion","Relic","Relic","Relic","Relic","Relic","Relic","Relic","Relic","Relic","Relic","Relic","Relic","Card","Relic","Relic","Relic","Relic","Relic","Relic","Relic","Relic","Relic","Relic","Relic","Relic","Relic","Relic","Card","Relic","Relic","Relic","Relic","Card","Relic","Relic","Relic","Relic","Relic","Relic","Relic","Relic","Card","Relic","Relic","Relic","Relic","Relic","Relic","Relic","Relic","Relic","Relic","Relic","Relic","Relic","Relic","Relic","Relic","Relic","Relic","Relic","Relic","Relic","Relic","Relic","Relic","Relic","Relic","Relic","Relic","Relic","Relic","Relic","Relic","Relic","Relic","Relic","Potion","Relic","Potion","Relic","Relic","Relic","Potion","Relic","Relic","Relic","Potion","Relic","Relic","Relic","Potion","Relic","Relic","Relic","Relic","Relic","Relic","Relic","Relic","Relic","Relic","Relic","Relic","Relic","Relic","Relic","Relic","Relic","Relic","Relic","Relic","Relic","Relic","Relic","Relic","Potion","Potion","Potion","Relic","Relic","Relic","Relic","Potion","Relic","Relic","Relic","Relic","Relic","Potion","Relic","Potion","Relic","Relic","Relic","Relic","Relic","Potion","Relic","Relic","Relic","Relic","Relic","Relic","Relic","Relic","Relic","Relic","Relic","Relic","Card","Card","Relic","Relic","Relic","Relic","Relic","Relic","Relic","Potion"],"build_version":"2020-12-13","purchased_purges":14,"victory":true,"max_hp_per_floor":[226,227,232,242,380,386,387,425,425,435,436,444,488,496,496,508,508,517,517,518,518,518,518,530,530,531,531,531,538,547,555,555,566,566,572,572,572,573,582,582,601,601,601,612,612,626,640,651,651,662,662,662,667,673,703],"card_choices":[{"not_picked":["Rage","Koishi:ParalyzingFear","Compile Driver","Koishi:IdleWhim"],"picked":"Singing Bowl","floor":0},{"not_picked":["MokouMod:EternalBurstReactor","Chen:Sweep","WatchEChange_purple","Perfected Strike"],"picked":"Singing Bowl","floor":0},{"not_picked":["Chen:Sweep","PiercingWail","Body Slam","Monsters_DoubleDeathButterfly_purple"],"picked":"Singing Bowl","floor":0},{"not_picked":["RainPray2:ReiMu","MokouMod:ScorchingColumn","Double Tap","Koishi:JumpScare"],"picked":"Singing Bowl","floor":0},{"not_picked":["AdministrixMod:DreamsMausoleum","StateErode_purple","EmergencyTakeOff:ReiMu","EmptyBody"],"picked":"Singing Bowl","floor":0},{"not_picked":["UnarmedAttack3+1","MokouMod:BlazingComet+1","Turbo+1","MokouMod:Ember+1"],"picked":"Singing Bowl","floor":1},{"not_picked":["Evaluate+1","SashWhip+1","MokouMod:Cataclysm+1","Warcry+1"],"picked":"Singing Bowl","floor":3},{"not_picked":["NightDance+1","PayForSelf:ReiMu+1","Envenom+1","Koishi:FleetingPhantom+1"],"picked":"Singing Bowl","floor":4},{"not_picked":["Luminosity","ClowCardTheShot","NovaMod:RadioactiveSource","Headbutt"],"picked":"Singing Bowl","floor":6},{"not_picked":["DenO_Ax","Chen:Sidestep","StateErode_purple","Koishi:JumpScare"],"picked":"Singing Bowl","floor":8},{"not_picked":["AdministrixMod:ArmillarySphere","AdministrixMod:TouchOfCinnabar","AdministrixMod:ShadowPlay","NovaMod:ArmorPenetration"],"picked":"Singing Bowl","floor":10},{"not_picked":["Umbrella_purple","MokouMod:Cataclysm","Deadline","KillingDoll"],"picked":"Singing Bowl","floor":12},{"not_picked":["ShootTheMoon","NovaMod:SmartServos","MokouMod:Fireball","Perfected Strike"],"picked":"Singing Bowl","floor":13},{"not_picked":["AdministrixMod:HaveItAll","Chen:CurlUp","Sadistic Nature","testmod-FightingIntention"],"picked":"Singing Bowl","floor":16},{"not_picked":["UnderTheZenith","AdministrixMod:FiendishCrimson","DoubleSpark","BloodHunter"],"picked":"Singing Bowl","floor":18},{"not_picked":["MokouMod:CrimsonArmoury","Forethought","AdministrixMod:TrickOfTheLight","Alleviate"],"picked":"Singing Bowl","floor":24},{"not_picked":["Reinforced Body","SporeBomb+1","Koishi:EmbryosDream","Sucker Punch"],"picked":"Singing Bowl","floor":30},{"not_picked":["DenO_Sword","ThirdEye","AdministrixMod:TrickOfTheLight+1","ClowCardTheShadow"],"picked":"Singing Bowl","floor":31},{"not_picked":["Kuuga_Rising","Seek","testmod-Reflect","MokouMod:BurningHiddenBullet"],"picked":"Singing Bowl","floor":33},{"not_picked":["UnarmedAttack7","Chen:Sidestep","ManaConvection+1","NovaMod:Pollution"],"picked":"Singing Bowl","floor":35},{"not_picked":["UnstableBomb","ChainGang","VampireKiss","NovaMod:TripleTap"],"picked":"Singing Bowl","floor":39},{"not_picked":["EnergyRecoil+1","Umbrella_purple","Chen:Rush","FinalSpark"],"picked":"Singing Bowl","floor":41},{"not_picked":["Chen:TauntHiss","Compile Driver","Backflip+1","NonDirectionalLaser"],"picked":"Singing Bowl","floor":44},{"not_picked":["FormRidePegasus","Bane","MokouMod:ScorchingColumn","Hibiki_Attack3"],"picked":"Singing Bowl","floor":46},{"not_picked":["Cloak And Dagger","MokouMod:Cataclysm","NovaMod:Upgrade+1","Hologram+1"],"picked":"Singing Bowl","floor":47},{"not_picked":["NovaMod:Pollution","Chaos","Koishi:PhantomBarrier","KyokaiOfKami:ReiMu"],"picked":"Singing Bowl","floor":48},{"not_picked":["FormRideBasshaa+1","NovaMod:PsychicShield","NovaMod:RaidArtillery+1","Chen:SelfConfidence"],"picked":"Singing Bowl","floor":54}],"player_experience":593078,"relics_obtained":[{"floor":6,"key":"Magic Flower"},{"floor":8,"key":"KSMOD_YukitosBentoBox"},{"floor":9,"key":"Koishi:BloodstainedWhiteRose"},{"floor":10,"key":"MagicBroom"},{"floor":12,"key":"Red Skull"},{"floor":21,"key":"Bow_fan:ReiMu"},{"floor":21,"key":"Cables"},{"floor":24,"key":"testmod-ConstraintPeriapt"},{"floor":25,"key":"Ginger"},{"floor":26,"key":"testmod-Maize"},{"floor":27,"key":"KSMOD_SealedWand"},{"floor":32,"key":"OldScarf"},{"floor":37,"key":"KSMOD_Yue"},{"floor":40,"key":"KaguraBell:ReiMu"},{"floor":41,"key":"Bird Faced Urn"},{"floor":43,"key":"FossilizedHelix"},{"floor":45,"key":"Charon\u0027s Ashes"},{"floor":47,"key":"CatCart"},{"floor":48,"key":"Chen:Catnip"},{"floor":49,"key":"SproutingBranch"},{"floor":52,"key":"Ring of the Snake"},{"floor":54,"key":"Koishi:EchoesOfADeadGirl"}],"event_choices":[{"damage_healed":0,"gold_gain":400,"player_choice":"Sell","damage_taken":0,"max_hp_gain":0,"max_hp_loss":0,"event_name":"恩洛斯的盘子","floor":11,"relics_lost":["testmod-TestBox"],"gold_loss":0},{"cards_removed":["ClowCardTheMirror"],"damage_healed":0,"gold_gain":0,"player_choice":"Elegance","damage_taken":0,"max_hp_gain":0,"max_hp_loss":0,"event_name":"Back to Basics","floor":19,"gold_loss":0},{"damage_healed":0,"gold_gain":0,"player_choice":"Swap Relic","damage_taken":0,"relics_obtained":["Lee\u0027s Waffle"],"max_hp_gain":0,"max_hp_loss":0,"event_name":"给自己的盒子","floor":29,"relics_lost":["Lee\u0027s Waffle"],"gold_loss":0},{"damage_healed":0,"gold_gain":0,"player_choice":"Ignored","damage_taken":0,"max_hp_gain":0,"max_hp_loss":0,"event_name":"Transmorgrifier","floor":36,"gold_loss":0},{"damage_healed":0,"gold_gain":50,"player_choice":"Pray","damage_taken":0,"max_hp_gain":0,"max_hp_loss":0,"event_name":"Golden Shrine","floor":38,"gold_loss":0},{"cards_removed":["Gensokyo:BlessingOfFortitude"],"damage_healed":0,"gold_gain":0,"player_choice":"Purged","damage_taken":0,"max_hp_gain":0,"max_hp_loss":0,"event_name":"Purifier","floor":42,"gold_loss":0},{"damage_healed":0,"gold_gain":0,"player_choice":"Fight","damage_taken":0,"max_hp_gain":0,"max_hp_loss":0,"event_name":"OrinTheCat","floor":47,"gold_loss":0}],"is_beta":false,"boss_relics":[{"not_picked":["AdministrixMod:BloodSoakedVeil","WristBlade"],"picked":"APieceOfRedMist"},{"not_picked":["Runic Pyramid","Fusion Hammer"],"picked":"testmod-TimeTraveler"}],"items_purged_floors":[0,0,0,0,0,0,0,0,0,0,0,5,7,53],"is_endless":false,"potions_floor_spawned":[1,3,4,6,8,10,12,13,16,18,24,30,31,33,35,39,41,44,46,47,48,54],"ascension_level":15}}