{"host":"nez9oevwwftwepnc","time":1608307398,"event":{"mods":["AchievementEnabler","Astrologer","BaseMod","Beaked The Cultist","Better Third Choice","Colored Map","Colored Powertips","Conspire","Downfall","Energized Spire","Hermit","Hubris","Infinite Spire","Mathematician","Minty Spire (QoL Compilation)","Permanent Neow","Quick Restart","Random Character Mod","Replay The Spire","Shop Mod","Spikes Relics","StSLib","The Bug Knight","The Hayseed","The Hierophant","The Mystic","The Necromancer","The Runesmith","The Senshi","The Wild Card","TheArtist","slay the spire mod where everything is the same but ironclad has a cowboy hat","thorton","vexMod"],"gold_per_floor":[115,115,130,130,145,180,65,144,144,144,144,155,172,26,26,123,123,140,140,153,215,230,255,255,286,286,299,71,81,81,94,94,193,193,212,212,312,156,173,173,173],"floor_reached":40,"playtime":2594,"items_purged":["Defend_P","Defend_P","Vigilance"],"score":463,"play_id":"921e54bc-4a66-41f7-9167-50d2ad083c7b","local_time":"20201218110318","is_ascension_mode":false,"campfire_choices":[{"data":"Wallop","floor":11.0,"key":"SMITH"},{"data":"Consecrate","floor":15.0,"key":"SMITH"},{"data":"CutThroughFate","floor":24.0,"key":"SMITH"},{"floor":30.0,"key":"REST"},{"floor":32.0,"key":"REST"}],"circlet_count":0,"master_deck":["Defend_P","Eruption+1","CutThroughFate+1","Consecrate+1","Replay:BluntJabs","DevaForm","Halt","Halt","EmptyFist","Devotion","Wallop+1","Vengeance","Meditate","Vault","Prostrate","Slimebound:Tackle+1","Slimebound:Tackle+1","Slimebound:Tackle+1","Replay:LoomingThreat","ConjureBlade","FollowUp","FlyingSleeves","WindmillStrike","Fasting2","expansioncontent:DecasProtection","BattleHymn","BattleHymn+1"],"relics":["PureWater","hubris:Towel","vexMod:Dragonfruit","hubris:MobiusCoin","conspire:GiftBox","Guardian:PocketSentry","vexMod:FluxCapacitor","ReplayFunnel","Vajra","Meat on the Bone","Sandwich"],"acts_visited":["Exordium","TheCity","TheBeyond"],"potions_floor_usage":[],"damage_taken":[{"damage":7.0,"enemies":"Small Slimes","floor":1.0,"turns":2.0},{"damage":5.0,"enemies":"2 Louse","floor":3.0,"turns":2.0},{"damage":0.0,"enemies":"Cultist","floor":5.0,"turns":2.0},{"damage":0.0,"enemies":"HollowMod:MossKnight","floor":6.0,"turns":3.0},{"damage":16.0,"enemies":"Replay:BlueRogue","floor":8.0,"turns":6.0},{"damage":0.0,"enemies":"Looter","floor":12.0,"turns":2.0},{"damage":0.0,"enemies":"Exordium Wildlife","floor":13.0,"turns":2.0},{"damage":25.0,"enemies":"Fading Forest","floor":16.0,"turns":11.0},{"damage":6.0,"enemies":"3 Byrds","floor":18.0,"turns":5.0},{"damage":10.0,"enemies":"Chosen","floor":20.0,"turns":3.0},{"damage":21.0,"enemies":"conspire:HollyBat","floor":21.0,"turns":6.0},{"damage":15.0,"enemies":"Centurion and Healer","floor":22.0,"turns":4.0},{"damage":10.0,"enemies":"Replay:Snechameleon","floor":23.0,"turns":5.0},{"damage":11.0,"enemies":"conspire:Head Lice","floor":25.0,"turns":4.0},{"damage":0.0,"enemies":"Cultist and Chosen","floor":27.0,"turns":5.0},{"damage":12.0,"enemies":"Shelled Parasite and Fungi","floor":29.0,"turns":3.0},{"damage":28.0,"enemies":"Snake Plant","floor":31.0,"turns":3.0},{"damage":12.0,"enemies":"Collector","floor":33.0,"turns":4.0},{"damage":43.0,"enemies":"3 Darklings","floor":35.0,"turns":4.0},{"damage":13,"enemies":"Orb Walker","floor":39,"turns":3},{"damage":3,"enemies":"Giant Head","floor":40,"turns":4}],"seed_played":"4230705790846531866","potions_obtained":[{"floor":3.0,"key":"SpeedPotion"},{"floor":8.0,"key":"Guardian:BlockOnCardUsePotion"},{"floor":12.0,"key":"Dexterity Potion"},{"floor":16.0,"key":"Swift Potion"},{"floor":20.0,"key":"Elixir"},{"floor":23.0,"key":"Strength Potion"},{"floor":31.0,"key":"DistilledChaos"},{"floor":33.0,"key":"LiquidBronze"}],"is_trial":false,"path_per_floor":["M","?","M","?","M","E","$","E","T","?","R","M","M","$","R","B",null,"M","?","M","M","M","E","R","E","T","M","$","M","R","M","R","B",null,"M","?","?","$","M","E"],"character_chosen":"WATCHER","items_purchased":["Halt","Guardian:PocketSentry","Fasting2","Block Potion","BattleHymn"],"campfire_rested":2,"item_purchase_floors":[7,14,28,28,38],"current_hp_per_floor":[65,65,60,60,60,65,65,49,49,49,49,49,49,49,49,44,77,71,71,61,40,25,15,15,4,4,16,16,16,39,23,46,46,77,46,46,46,46,45,42,42],"gold":173,"neow_bonus":"UPGRADE_CARD","is_daily":false,"chose_seed":false,"campfire_upgraded":3,"win_rate":0.0,"timestamp":1608307398,"path_taken":["M","?","M","?","M","E","$","E","T","?","R","M","?","$","R","BOSS","M","?","M","M","M","E","R","E","T","M","$","M","R","M","R","BOSS","M","?","?","$","M","E"],"items_purchased_type":["Card","Relic","Card","Potion","Card"],"build_version":"2020-12-13","purchased_purges":3,"victory":false,"max_hp_per_floor":[72,72,72,72,72,77,77,77,77,77,77,77,77,77,77,77,77,77,77,77,77,77,77,77,77,77,77,77,77,77,77,77,77,77,77,77,77,77,77,77,77],"card_choices":[{"not_picked":["WheelKick","Evaluate"],"picked":"CutThroughFate","floor":1.0},{"not_picked":["Prostrate","Crescendo"],"picked":"Consecrate","floor":3.0},{"not_picked":["Prostrate","CutThroughFate"],"picked":"Replay:BluntJabs","floor":5.0},{"not_picked":["Evaluate","Replay:Battleflow"],"picked":"DevaForm","floor":6.0},{"not_picked":["CutThroughFate","FlurryOfBlows"],"picked":"EmptyFist","floor":8.0},{"not_picked":["Scrawl","Ragnarok"],"picked":"Devotion","floor":9.0},{"not_picked":["PathToVictory","Replay:Hum"],"picked":"Vengeance","floor":12.0},{"not_picked":["CutThroughFate","Halt"],"picked":"Meditate","floor":13.0},{"not_picked":["Judgement","DevaForm"],"picked":"Vault","floor":16.0},{"not_picked":["Sanctity","Worship"],"picked":"Prostrate","floor":18.0},{"not_picked":["Replay:AtTheReady","EmptyBody","Vengeance"],"picked":"SKIP","floor":20.0},{"not_picked":["Crescendo","Wallop"],"picked":"Replay:LoomingThreat","floor":21.0},{"not_picked":["Prostrate+1","Evaluate+1"],"picked":"ConjureBlade","floor":22.0},{"not_picked":["Nirvana","Wallop+1"],"picked":"FollowUp","floor":23.0},{"not_picked":["EmptyMind","Worship"],"picked":"FlyingSleeves","floor":25.0},{"not_picked":["Collect","FollowUp"],"picked":"WindmillStrike","floor":27.0},{"not_picked":["CutThroughFate","FlurryOfBlows","EmptyBody"],"picked":"SKIP","floor":29.0},{"not_picked":["Tantrum","WreathOfFlame","Halt"],"picked":"SKIP","floor":31.0},{"not_picked":["BowlingBash","Replay:Vibes","ThirdEye+1"],"picked":"SKIP","floor":35.0},{"not_picked":["expansioncontent:TimeRipple","expansioncontent:Torchfire"],"picked":"expansioncontent:DecasProtection","floor":36.0},{"not_picked":["CrushJoints+1","ReachHeaven"],"picked":"BattleHymn+1","floor":39}],"player_experience":515870,"relics_obtained":[{"floor":6.0,"key":"vexMod:Dragonfruit"},{"floor":8.0,"key":"hubris:MobiusCoin"},{"floor":9.0,"key":"conspire:GiftBox"},{"floor":23.0,"key":"ReplayFunnel"},{"floor":25.0,"key":"Vajra"},{"floor":26.0,"key":"Meat on the Bone"}],"event_choices":[{"damage_healed":0.0,"max_hp_gain":0.0,"max_hp_loss":0.0,"gold_gain":0.0,"event_name":"conspire:Investor","player_choice":"Leave","floor":4.0,"gold_loss":0.0,"damage_taken":0.0},{"damage_healed":0.0,"max_hp_gain":0.0,"max_hp_loss":0.0,"gold_gain":0.0,"cards_transformed":["Defend_P"],"event_name":"Transmorgrifier","player_choice":"Transformed","floor":10.0,"gold_loss":0.0,"damage_taken":0.0,"cards_obtained":["Wallop"]},{"damage_healed":0.0,"max_hp_gain":0.0,"max_hp_loss":0.0,"gold_gain":0.0,"event_name":"SensoryStone","player_choice":"Memory 1","floor":36.0,"gold_loss":0.0,"damage_taken":0.0},{"damage_healed":0.0,"max_hp_gain":0.0,"max_hp_loss":0.0,"gold_gain":100.0,"event_name":"Golden Shrine","player_choice":"Pray","floor":37.0,"gold_loss":0.0,"damage_taken":0.0}],"is_beta":false,"boss_relics":[{"not_picked":["beaked:MawFillet","vexMod:NewClearReactor"],"picked":"vexMod:FluxCapacitor"},{"not_picked":["energizedSpire:BlackCloud","conspire:SeveredTorchhead"],"picked":"Sandwich"}],"items_purged_floors":[7,28,38],"is_endless":false,"potions_floor_spawned":[3,8,12,16,20,23,31,33],"killed_by":"Giant Head","ascension_level":0}}