{"host":"gp6kafy53r5vaktt","time":1608296449,"event":{"mods":["BaseMod","Colored Map","Highlight Path","Minty Spire (QoL Compilation)"],"gold_per_floor":[114,39,53,70,82,82,117,131,131,157,185,213,235,262,274,383,395,426,438,468,495,535,582,594,635,647,659,701,730,767,796,808,924,936,963,136,136,190,190,224,224,250,250,278,278,309,319,2,2,2,2,2,2,32,32],"floor_reached":56,"playtime":5071,"items_purged":["Outmaneuver"],"score":1863,"play_id":"a6bf125d-5651-4da0-990a-8c3f0eb6de0a","local_time":"20201218150049","daily_mods":["Draft","Heirloom","DeadlyEvents"],"is_ascension_mode":true,"campfire_choices":[{"data":"Noxious Fumes","floor":6.0,"key":"SMITH"},{"data":"Envenom","floor":15.0,"key":"SMITH"},{"data":"Footwork","floor":24.0,"key":"SMITH"},{"floor":27.0,"key":"REST"},{"data":"Calculated Gamble","floor":32.0,"key":"SMITH"},{"data":"Accuracy","floor":41,"key":"SMITH"},{"data":"Cloak And Dagger","floor":45,"key":"SMITH"},{"floor":49,"key":"RECALL"},{"data":"Cloak And Dagger","floor":52,"key":"SMITH"}],"circlet_count":0,"master_deck":["Dagger Throw","Cloak And Dagger","Noxious Fumes+1","Footwork+1","Flying Knee","Backflip","Cloak And Dagger","Cloak And Dagger+1","Accuracy+1","Cloak And Dagger+1","Dagger Spray","Outmaneuver","Dodge and Roll","Backflip","Calculated Gamble+1","Footwork","Blade Dance","Flechettes+1","Envenom+1","Finisher+1","Bullet Time","Noxious Fumes+1","Cloak And Dagger","Blur+1","Dash+1","CurseOfTheBell","Deflect+1","Backflip+1","Expertise+1","Backflip+1","Madness+1","Madness+1","Adrenaline+1","Accuracy","Cloak And Dagger+1","Accuracy+1","Escape Plan+1","Catalyst+1","Madness+1","Blade Dance+1"],"relics":["Ring of the Snake","Tough Bandages","Ice Cream","Molten Egg 2","Eternal Feather","The Courier","MawBank","WristBlade","Happy Flower","Lantern","Gambling Chip","Bag of Marbles","Letter Opener","Calling Bell","Omamori","Paper Crane","Peace Pipe","Vajra","StoneCalendar","PreservedInsect","Toxic Egg 2","Kunai","CaptainsWheel","Nunchaku","Gremlin Horn","Bag of Preparation","Blood Vial","Bottled Lightning","Potion Belt","Pocketwatch"],"acts_visited":["Exordium","TheCity","TheBeyond","TheEnding"],"potions_floor_usage":[38,50,50,50,55,55,55],"damage_taken":[{"damage":0.0,"enemies":"Cultist","floor":1.0,"turns":3.0},{"damage":0.0,"enemies":"Jaw Worm","floor":3.0,"turns":4.0},{"damage":0.0,"enemies":"Small Slimes","floor":4.0,"turns":3.0},{"damage":0.0,"enemies":"2 Fungi Beasts","floor":5.0,"turns":4.0},{"damage":0.0,"enemies":"Lagavulin","floor":7.0,"turns":5.0},{"damage":7.0,"enemies":"3 Louse","floor":8.0,"turns":4.0},{"damage":2.0,"enemies":"3 Sentries","floor":10.0,"turns":7.0},{"damage":0.0,"enemies":"Lagavulin","floor":11.0,"turns":5.0},{"damage":6.0,"enemies":"Gremlin Nob","floor":12.0,"turns":4.0},{"damage":0.0,"enemies":"Blue Slaver","floor":13.0,"turns":4.0},{"damage":0.0,"enemies":"Exordium Wildlife","floor":14.0,"turns":4.0},{"damage":0.0,"enemies":"The Guardian","floor":16.0,"turns":9.0},{"damage":5.0,"enemies":"Chosen","floor":18.0,"turns":3.0},{"damage":20.0,"enemies":"2 Thieves","floor":20.0,"turns":3.0},{"damage":0.0,"enemies":"Centurion and Healer","floor":21.0,"turns":4.0},{"damage":19.0,"enemies":"Gremlin Leader","floor":22.0,"turns":5.0},{"damage":20.0,"enemies":"Book of Stabbing","floor":23.0,"turns":5.0},{"damage":10.0,"enemies":"Slavers","floor":25.0,"turns":5.0},{"damage":0.0,"enemies":"Gremlin Leader","floor":28.0,"turns":4.0},{"damage":0.0,"enemies":"Snake Plant","floor":29.0,"turns":4.0},{"damage":0.0,"enemies":"Book of Stabbing","floor":30.0,"turns":3.0},{"damage":0.0,"enemies":"Cultist and Chosen","floor":31.0,"turns":4.0},{"damage":0.0,"enemies":"Champ","floor":33.0,"turns":8.0},{"damage":4.0,"enemies":"Orb Walker","floor":35.0,"turns":4.0},{"damage":0,"enemies":"2 Orb Walkers","floor":38,"turns":1},{"damage":0,"enemies":"Reptomancer","floor":40,"turns":4},{"damage":4,"enemies":"Giant Head","floor":42,"turns":6},{"damage":0,"enemies":"Nemesis","floor":44,"turns":1},{"damage":0,"enemies":"Giant Head","floor":46,"turns":5},{"damage":0,"enemies":"3 Shapes","floor":47,"turns":1},{"damage":10,"enemies":"Donu and Deca","floor":50,"turns":7},{"damage":4,"enemies":"Shield and Spear","floor":54,"turns":5},{"damage":24,"enemies":"The Heart","floor":55,"turns":6}],"seed_played":"-7940534506868995371","potions_obtained":[{"floor":4.0,"key":"SneckoOil"},{"floor":5.0,"key":"AttackPotion"},{"floor":7.0,"key":"PowerPotion"},{"floor":13.0,"key":"SneckoOil"},{"floor":20.0,"key":"Explosive Potion"},{"floor":25.0,"key":"Block Potion"},{"floor":29.0,"key":"FearPotion"},{"floor":30.0,"key":"Swift Potion"},{"floor":31.0,"key":"SteroidPotion"},{"floor":38,"key":"AttackPotion"},{"floor":42,"key":"EntropicBrew"},{"floor":44,"key":"EssenceOfSteel"},{"floor":47,"key":"FairyPotion"}],"is_trial":true,"path_per_floor":["M","$","M","M","M","R","E","M","T","E","E","E","M","M","R","B",null,"M","?","M","M","E","E","R","E","T","R","E","M","E","M","R","B",null,"M","$","T","?","?","E","R","E","T","E","R","E","M","$","R","B",null,"R","$","E","B",null],"character_chosen":"THE_SILENT","items_purchased":["Vajra","StoneCalendar","PreservedInsect","Toxic Egg 2","Deflect+1","Backflip+1","Expertise+1","Backflip+1","Escape Plan+1","Catalyst+1","Potion Belt","Madness+1"],"campfire_rested":1,"item_purchase_floors":[36,36,36,36,36,36,36,36,48,48,48,48],"current_hp_per_floor":[70,70,70,70,70,70,70,63,63,61,61,55,55,55,67,67,70,65,65,45,45,26,6,18,8,8,41,41,41,41,41,56,56,70,66,66,66,66,57,57,70,66,66,66,70,70,70,70,70,60,70,70,70,66,44],"gold":32,"neow_bonus":"","is_daily":false,"chose_seed":false,"campfire_upgraded":7,"win_rate":0.0,"timestamp":1608296449,"path_taken":["M","?","M","M","M","R","E","?","T","E","?","E","M","M","R","BOSS","M","?","?","M","?","E","R","E","T","R","E","M","E","M","R","BOSS","M","$","?","?","?","E","R","E","T","E","R","E","M","$","R","BOSS","R","$","E","BOSS"],"items_purchased_type":["Relic","Relic","Relic","Relic","Card","Card","Card","Card","Card","Card","Relic","Card"],"build_version":"2020-12-13","purchased_purges":1,"victory":true,"max_hp_per_floor":[70,70,70,70,70,70,70,70,70,70,70,70,70,70,70,70,70,70,70,70,70,70,70,70,70,70,70,70,70,70,70,70,70,70,70,70,70,70,70,70,70,70,70,70,70,70,70,70,70,70,70,70,70,70,70],"card_choices":[{"not_picked":["Caltrops","Tactician"],"picked":"Dagger Throw","floor":0.0},{"not_picked":["Quick Slash","Acrobatics"],"picked":"Cloak And Dagger","floor":0.0},{"not_picked":["Deadly Poison","Endless Agony"],"picked":"Noxious Fumes","floor":0.0},{"not_picked":["Dodge and Roll","Masterful Stab"],"picked":"Footwork","floor":0.0},{"not_picked":["Bane","Bouncing Flask"],"picked":"Flying Knee","floor":0.0},{"not_picked":["Sucker Punch","Outmaneuver"],"picked":"Backflip","floor":0.0},{"not_picked":["Dodge and Roll","Terror"],"picked":"Cloak And Dagger","floor":0.0},{"not_picked":["Tactician","Terror"],"picked":"Cloak And Dagger","floor":0.0},{"not_picked":["Acrobatics","Cloak And Dagger"],"picked":"Accuracy","floor":0.0},{"not_picked":["Endless Agony","Blade Dance"],"picked":"Cloak And Dagger","floor":0.0},{"not_picked":["Poisoned Stab","Bane"],"picked":"Dagger Spray","floor":0.0},{"not_picked":["Well Laid Plans","Poisoned Stab"],"picked":"Outmaneuver","floor":0.0},{"not_picked":["Slice","Dagger Throw"],"picked":"Dodge and Roll","floor":0.0},{"not_picked":["Tactician","Dagger Throw"],"picked":"Backflip","floor":0.0},{"not_picked":["Setup","Sucker Punch"],"picked":"Outmaneuver","floor":0.0},{"not_picked":["Caltrops","Flying Knee","Sucker Punch"],"picked":"SKIP","floor":1.0},{"not_picked":["Bane","Cloak And Dagger","Sucker Punch"],"picked":"SKIP","floor":3.0},{"not_picked":["Masterful Stab","Deflect"],"picked":"Calculated Gamble","floor":4.0},{"not_picked":["Predator","Heel Hook"],"picked":"Footwork","floor":5.0},{"not_picked":["Night Terror","Quick Slash"],"picked":"Blade Dance","floor":7.0},{"not_picked":["Outmaneuver","Prepared","Flechettes"],"picked":"SKIP","floor":8.0},{"not_picked":["Calculated Gamble","Outmaneuver"],"picked":"Flechettes+1","floor":10.0},{"not_picked":["Outmaneuver","Reflex","Footwork"],"picked":"SKIP","floor":11.0},{"not_picked":["PiercingWail","Noxious Fumes","Underhanded Strike+1"],"picked":"SKIP","floor":12.0},{"not_picked":["Reflex","Bane+1"],"picked":"Envenom","floor":13.0},{"not_picked":["Masterful Stab+1","Outmaneuver"],"picked":"Finisher+1","floor":14.0},{"not_picked":["Storm of Steel","Burst"],"picked":"Bullet Time","floor":16.0},{"not_picked":["Acrobatics","Underhanded Strike+1","Caltrops"],"picked":"SKIP","floor":18.0},{"not_picked":["Concentrate+1","Underhanded Strike+1"],"picked":"Noxious Fumes+1","floor":20.0},{"not_picked":["Sucker Punch+1","Flechettes+1","Well Laid Plans"],"picked":"SKIP","floor":21.0},{"not_picked":["Bane+1","Phantasmal Killer","Reflex"],"picked":"SKIP","floor":22.0},{"not_picked":["Accuracy","Skewer+1","Prepared"],"picked":"SKIP","floor":23.0},{"not_picked":["Sucker Punch+1","Outmaneuver"],"picked":"Cloak And Dagger","floor":25.0},{"not_picked":["Blade Dance+1","Noxious Fumes"],"picked":"Blur+1","floor":28.0},{"not_picked":["Poisoned Stab+1","Expertise"],"picked":"Dash+1","floor":29.0},{"not_picked":["Cloak And Dagger","Bane+1","Outmaneuver"],"picked":"SKIP","floor":30.0},{"not_picked":["Riddle With Holes+1","Well Laid Plans","Dagger Spray+1"],"picked":"SKIP","floor":31.0},{"not_picked":["Masterful Stab+1","Slice+1","Setup+1"],"picked":"SKIP","floor":35.0},{"not_picked":["Acrobatics+1","Dagger Throw+1","Predator+1"],"picked":"SKIP","floor":40},{"not_picked":["Prepared+1","Dagger Spray+1"],"picked":"Adrenaline+1","floor":42},{"not_picked":["Flechettes+1","Riddle With Holes+1"],"picked":"Accuracy","floor":44},{"not_picked":["Dagger Spray+1","Expertise+1"],"picked":"Cloak And Dagger+1","floor":46},{"not_picked":["Sucker Punch+1","Riddle With Holes+1"],"picked":"Accuracy+1","floor":47},{"not_picked":["Slice+1","Choke+1"],"picked":"Blade Dance+1","floor":54}],"player_experience":38495,"relics_obtained":[{"floor":7.0,"key":"Ice Cream"},{"floor":9.0,"key":"Molten Egg 2"},{"floor":10.0,"key":"Eternal Feather"},{"floor":11.0,"key":"The Courier"},{"floor":12.0,"key":"MawBank"},{"floor":22.0,"key":"Happy Flower"},{"floor":23.0,"key":"Lantern"},{"floor":25.0,"key":"Gambling Chip"},{"floor":28.0,"key":"Bag of Marbles"},{"floor":30.0,"key":"Letter Opener"},{"floor":34.0,"key":"Omamori"},{"floor":34.0,"key":"Paper Crane"},{"floor":34.0,"key":"Peace Pipe"},{"floor":37,"key":"Kunai"},{"floor":38,"key":"CaptainsWheel"},{"floor":40,"key":"Nunchaku"},{"floor":42,"key":"Gremlin Horn"},{"floor":43,"key":"Bag of Preparation"},{"floor":44,"key":"Blood Vial"},{"floor":46,"key":"Bottled Lightning"},{"floor":54,"key":"Pocketwatch"}],"event_choices":[{"damage_healed":0.0,"max_hp_gain":0.0,"max_hp_loss":0.0,"gold_gain":0.0,"event_name":"Beggar","player_choice":"Ignored","floor":19.0,"gold_loss":0.0,"damage_taken":0.0},{"damage_healed":0,"gold_gain":0,"player_choice":"Fight","damage_taken":0,"max_hp_gain":0,"max_hp_loss":0,"event_name":"Mysterious Sphere","floor":38,"gold_loss":0},{"damage_healed":0,"gold_gain":0,"player_choice":"Embrace Madness","damage_taken":9,"max_hp_gain":0,"max_hp_loss":0,"event_name":"Winding Halls","floor":39,"gold_loss":0,"cards_obtained":["Madness","Madness"]}],"is_beta":false,"boss_relics":[{"not_picked":["Ring of the Serpent","SlaversCollar"],"picked":"WristBlade"},{"not_picked":["Snecko Eye","Astrolabe"],"picked":"Calling Bell"}],"items_purged_floors":[2],"is_endless":false,"potions_floor_spawned":[4,5,7,13,20,25,29,30,31,38,42,44,47],"ascension_level":1}}