{"host":"pgqkv8mh62pnrbci","time":1608296017,"event":{"mods":["AchievementEnabler","BaseMod","Custom Start","Minty Spire (QoL Compilation)","Replay The Spire","StSLib","SuperFastMode","¡¼?Úª?ø«¡½REMEMod"],"gold_per_floor":[114,114,114,133,54,54,73,87,87,87,12,12,12,46,46,118,118,138,138,152,152,152],"floor_reached":21,"playtime":747,"items_purged":["Sickly"],"score":345,"play_id":"78a4b87a-49de-4949-a82e-e56f6a8f5587","local_time":"20201218215337","is_ascension_mode":true,"campfire_choices":[{"data":"Venomology","floor":6.0,"key":"SMITH"},{"data":"Terror","floor":10.0,"key":"SMITH"},{"data":"Neutralize","floor":12.0,"key":"SMITH"},{"data":"A Thousand Cuts","floor":15.0,"key":"SMITH"}],"circlet_count":0,"master_deck":["AscendersBane","Strike_G","Strike_G","Strike_G","Defend_G","Defend_G","Defend_G","Defend_G","Survivor","Neutralize+1","Venomology+1","Terror+1","Noxious Fumes+1","Hidden Blade","ReplayTheSpireMod:Scrap Shanks","Die Die Die","Pot Of Greed","Pot Of Greed","A Thousand Cuts+1","Envenom","Acrobatics","PiercingWail+1"],"relics":["REME_ComplimentaryCards","Cursed Key","Grinning Jar","Philosopher\u0027s Stone"],"acts_visited":["Exordium","TheCity"],"potions_floor_usage":[21],"damage_taken":[{"damage":1.0,"enemies":"Cultist","floor":1.0,"turns":5.0},{"damage":0.0,"enemies":"Small Slimes","floor":4.0,"turns":5.0},{"damage":5.0,"enemies":"2 Louse","floor":7.0,"turns":2.0},{"damage":4.0,"enemies":"Exordium Wildlife","floor":8.0,"turns":4.0},{"damage":13.0,"enemies":"3 Sentries","floor":14.0,"turns":6.0},{"damage":22.0,"enemies":"The Guardian","floor":16.0,"turns":9.0},{"damage":11.0,"enemies":"2 Thieves","floor":18.0,"turns":3.0},{"damage":17.0,"enemies":"Spheric Guardian","floor":20.0,"turns":4.0},{"damage":23,"enemies":"Shelled Parasite and Fungi","floor":21,"turns":3}],"seed_played":"1717555161684994786","potions_obtained":[{"floor":8.0,"key":"Dexterity Potion"},{"floor":16.0,"key":"FearPotion"}],"is_trial":false,"path_per_floor":["M","?","?","M","$","R","M","M","T","R","$","R","?","E","R","B",null,"M","?","M","M"],"character_chosen":"THE_SILENT","items_purchased":["ReplayTheSpireMod:Scrap Shanks"],"campfire_rested":0,"item_purchase_floors":[5],"current_hp_per_floor":[58,51,51,51,51,51,46,42,42,42,42,42,42,29,29,7,51,40,40,23,0,0],"gold":152,"neow_bonus":"BOSS_RELIC","is_daily":false,"chose_seed":false,"campfire_upgraded":4,"win_rate":0.0,"timestamp":1608296017,"path_taken":["M","?","?","M","$","R","M","M","T","R","$","R","?","E","R","BOSS","M","?","M","M"],"items_purchased_type":["Card"],"build_version":"2020-12-13","purchased_purges":1,"victory":false,"max_hp_per_floor":[66,66,66,66,66,66,66,66,66,66,66,66,66,66,66,66,66,66,66,66,66,66],"card_choices":[{"not_picked":["Distraction","Outmaneuver"],"picked":"Terror","floor":1.0},{"not_picked":["Escape Plan","Endless Agony"],"picked":"Hidden Blade","floor":4.0},{"not_picked":["Prepared","Sucker Punch","ReplayTheSpireMod:The Works"],"picked":"SKIP","floor":7.0},{"not_picked":["Fluid Movement","ReplayTheSpireMod:Tripwire","Dagger Spray"],"picked":"SKIP","floor":8.0},{"not_picked":["Cloak And Dagger","Dagger Spray"],"picked":"A Thousand Cuts","floor":14.0},{"not_picked":["Bullet Time","Replay:Bag of Tricks"],"picked":"Envenom","floor":16.0},{"not_picked":["Slice","Crippling Poison","Poisoned Stab"],"picked":"SKIP","floor":18.0},{"not_picked":["Sucker Punch","Escape Plan"],"picked":"PiercingWail+1","floor":20.0}],"player_experience":551984,"relics_obtained":[{"floor":14.0,"key":"Grinning Jar"}],"event_choices":[{"cards_removed":["Strike_G"],"damage_healed":0.0,"max_hp_gain":0.0,"max_hp_loss":0.0,"gold_gain":0.0,"event_name":"Golden Wing","player_choice":"Card Removal","floor":2.0,"gold_loss":0.0,"damage_taken":7.0},{"damage_healed":0.0,"max_hp_gain":0.0,"max_hp_loss":0.0,"gold_gain":0.0,"cards_transformed":["Defend_G"],"event_name":"Living Wall","player_choice":"Change","floor":13.0,"gold_loss":0.0,"damage_taken":0.0,"cards_obtained":["Die Die Die"]},{"damage_healed":0.0,"max_hp_gain":0.0,"max_hp_loss":0.0,"gold_gain":0.0,"event_name":"The Library","player_choice":"Read","floor":19.0,"gold_loss":0.0,"damage_taken":0.0,"cards_obtained":["Acrobatics"]}],"is_beta":false,"boss_relics":[{"not_picked":["REME_DuelDisc","Black Star"],"picked":"Philosopher\u0027s Stone"}],"items_purged_floors":[11],"is_endless":false,"potions_floor_spawned":[8,16],"killed_by":"Shelled Parasite and Fungi","ascension_level":19}}