{"host":"sv2o2io561l6x04h","time":1608260520,"event":{"mods":["BaseMod","Bestiary","Better Altar","Better Match","Better Note","Better Sensory Stone","Colored Map","Conspire","Custom Start","DeckTracker","Highlight Path","Hubris","Minty Spire (QoL Compilation)","Replay The Spire","Shop Mod","StSLib","The Runesmith"],"gold_per_floor":[117,137,137,150,44,44,44,44,44,44,61,91,91,102,102,201,201,187,187,180,195,211,211,38,38,38,38,38,38,38,38,38,38],"floor_reached":32,"playtime":2152,"items_purged":["Spreading Infection","Runesmith:Strike_RS"],"score":336,"play_id":"2ff385c0-4d86-4f30-97e6-ffc0f119dc7b","local_time":"20201217220200","is_ascension_mode":false,"campfire_choices":[{"data":"Runesmith:Grindstone","floor":6,"key":"SMITH"},{"data":"Runesmith:Grindstone","floor":8,"key":"SMITH"},{"data":"Runesmith:Fortify","floor":10,"key":"SMITH"},{"data":"Runesmith:CraftFirestone","floor":13,"key":"SMITH"},{"data":"Runesmith:Grindstone","floor":15,"key":"SMITH"},{"data":"Runesmith:UnlimitedPower","floor":23,"key":"SMITH"},{"data":"Runesmith:CraftVitae","floor":25,"key":"SMITH"},{"data":"Runesmith:CraftProtectio","floor":29,"key":"SMITH"},{"data":"Runesmith:PoweredAnvil","floor":31,"key":"SMITH"}],"circlet_count":0,"master_deck":["Runesmith:MetallurgicalResearch+1","Runesmith:Strike_RS","Runesmith:Strike_RS","Runesmith:Defend_RS","Runesmith:Defend_RS","Runesmith:CraftFirestone+1","Runesmith:Fortify+1","Runesmith:Grindstone+1","Runesmith:Grindstone+1","Protect","Runesmith:Grindstone+1","Runesmith:CraftProtectio+1","Runesmith:UnlimitedPower+1","Runesmith:StaticCage+1","Runesmith:PoweredAnvil","Runesmith:CraftVitae+1","Runesmith:FieryHammer+1","Runesmith:PoweredAnvil+1"],"relics":["Runesmith:BrokenRuby","hubris:Towel","Eternal Feather","hubris:DisguiseKit","hubris:BottledRain","Replay:Drink Me","ReplayTheSpireMod:CursedCoin"],"acts_visited":["Exordium","TheCity"],"potions_floor_usage":[4,32,32],"damage_taken":[{"damage":0,"enemies":"2 Louse","floor":1,"turns":3},{"damage":3,"enemies":"Cultist","floor":2,"turns":4},{"damage":4,"enemies":"Small Slimes","floor":4,"turns":4},{"damage":2,"enemies":"Exordium Thugs","floor":11,"turns":5},{"damage":24,"enemies":"Gremlin Nob","floor":12,"turns":6},{"damage":5,"enemies":"Red Slaver","floor":14,"turns":4},{"damage":1,"enemies":"Hexaghost","floor":16,"turns":11},{"damage":25,"enemies":"2 Thieves","floor":18,"turns":5},{"damage":16,"enemies":"Shell Parasite","floor":21,"turns":10},{"damage":0,"enemies":"conspire:HollyBat","floor":22,"turns":9},{"damage":7,"enemies":"Colosseum Slavers","floor":32,"turns":8},{"damage":45,"enemies":"Colosseum Nobs","floor":32,"turns":4}],"seed_played":"2401393312129430848","potions_obtained":[{"floor":1,"key":"Adrenaline Potion"},{"floor":11,"key":"Elixir"},{"floor":14,"key":"Explosive Potion"},{"floor":18,"key":"Explosive Potion"}],"is_trial":false,"path_per_floor":["M","M","?","M","?","R","$","R","T","R","M","E","R","M","R","B",null,"M","?","$","M","M","R","$","R","PTL","PTL","T","R","$","R","?"],"character_chosen":"RUNESMITH_CLASS","items_purchased":["ReplayTheSpireMod:CursedCoin","Runesmith:PoweredAnvil","Runesmith:PoweredAnvil"],"campfire_rested":0,"item_purchase_floors":[20,20,24],"current_hp_per_floor":[70,67,67,63,63,69,69,70,70,70,68,44,53,48,57,56,53,28,28,28,12,12,21,21,30,30,30,30,39,39,48,0,0],"gold":38,"neow_bonus":"RANDOM_COLORLESS","is_daily":false,"chose_seed":false,"campfire_upgraded":9,"win_rate":0.0,"timestamp":1608260520,"path_taken":["M","M","?","M","?","R","$","R","T","R","M","E","R","?","R","BOSS","M","?","?","M","M","R","$","R","PTL","PTL","T","R","$","R","?"],"items_purchased_type":["Relic","Card","Card"],"build_version":"2020-12-13","purchased_purges":2,"victory":false,"max_hp_per_floor":[70,70,70,70,70,70,70,70,70,70,70,70,70,70,70,70,53,53,53,53,53,53,53,53,53,53,53,53,53,53,53,53,53],"card_choices":[{"not_picked":["Replay:Sssssssssshield","ReplayTheSpireMod:Uncanny Aura"],"picked":"Flash of Steel","floor":0.0},{"not_picked":["Runesmith:ShiftingStrike","Runesmith:HeatExchange"],"picked":"Runesmith:Grindstone","floor":1},{"not_picked":["Runesmith:ChiselStab","Runesmith:DoubleUp"],"picked":"Runesmith:Grindstone","floor":2},{"not_picked":["Runesmith:HeatedChisel","Runesmith:ElementalConversion","Runesmith:ChiselStab"],"picked":"SKIP","floor":4},{"not_picked":["Runesmith:StaticCage","Runesmith:FrozenChisel","Runesmith:Electrocute"],"picked":"Protect","floor":11},{"not_picked":["Runesmith:MakeshiftArmor","Runesmith:Refine","FlurryOfBlows"],"picked":"Runesmith:Grindstone","floor":12},{"not_picked":["Runesmith:StaticCage","Runesmith:ShiftingStrike","Meditate"],"picked":"Runesmith:CraftProtectio","floor":14},{"not_picked":["Runesmith:Duplicate","Runesmith:ArcReactor","Establishment"],"picked":"Runesmith:UnlimitedPower","floor":16},{"not_picked":["Runesmith:Permafrost","Runesmith:EarthShield","Fasting2"],"picked":"Runesmith:StaticCage+1","floor":18},{"not_picked":["Runesmith:ChiselStab","Runesmith:Reinforce","Replay:AtTheReady"],"picked":"Runesmith:CraftVitae","floor":21},{"not_picked":["Runesmith:Prism","Runesmith:Grindstone","CarveReality"],"picked":"Runesmith:FieryHammer+1","floor":22}],"player_experience":189894,"relics_obtained":[{"floor":9,"key":"hubris:DisguiseKit"},{"floor":12,"key":"hubris:BottledRain"}],"event_choices":[{"damage_healed":0,"gold_gain":0,"player_choice":"Paid Gold","damage_taken":0,"relics_obtained":["Eternal Feather"],"max_hp_gain":0,"max_hp_loss":0,"event_name":"WeMeetAgain","floor":5,"gold_loss":106},{"cards_removed":["Runesmith:Defend_RS"],"damage_healed":0,"gold_gain":0,"player_choice":"Give","damage_taken":0,"max_hp_gain":0,"max_hp_loss":0,"event_name":"betterNote:BetterNote","floor":19,"gold_loss":0,"cards_obtained":["Runesmith:Defend_RS"]},{"damage_healed":0,"gold_gain":0,"player_choice":"Fight","damage_taken":0,"max_hp_gain":0,"max_hp_loss":0,"event_name":"Colosseum","floor":32,"gold_loss":0},{"damage_healed":0,"gold_gain":0,"player_choice":"Fought Nobs","damage_taken":0,"max_hp_gain":0,"max_hp_loss":0,"event_name":"Colosseum","floor":32,"gold_loss":0}],"is_beta":false,"boss_relics":[{"not_picked":["conspire:SeveredTorchhead","Snecko Eye"],"picked":"Replay:Drink Me"}],"items_purged_floors":[20,24],"is_endless":false,"potions_floor_spawned":[1,11,14,18],"killed_by":"Colosseum Nobs","ascension_level":0}}