{"host":"npubv26u89aif4fa","time":1608283264,"event":{"mods":["Astrologer","BaseMod","Better Vampires","Colored Powertips","GifTheSpireLib","GungeonMod","HornydragonMod","Hubris","Jedi Mod","Minty Spire (QoL Compilation)","Nova Terra(诺娃・泰拉)","Quick Restart","Remilia（蕾米莉亚）","Replay The Spire","StSLib","Td1madao Mod","The Administrix","The Alterego","The Bug Knight","The Cursed","The Dragon Tamer","The Hayseed","The Runesmith","TheWitcher","Yuri Mod","Yuyuko","【东方二次创作】八云紫mod"],"gold_per_floor":[117,117,130,147,147,147,180,180,480,480,4,35,53,87,87,184,184,201,259,43,56,56,88,88,102,102,115,126,152,152,165,165,260,260,271,288,298,312,322,322,356,356,383,383,394,62,89,100,100,100,100,100,63,88,88,88,88],"floor_reached":55,"playtime":6436,"items_purged":["DTMod:Strike","Strike_G"],"score":939,"play_id":"69bb8e82-3bad-4535-a019-b6a6a75fce45","local_time":"20201218172104","is_ascension_mode":false,"metric_token":1751,"campfire_choices":[{"floor":6.0,"key":"RECALL"},{"data":"DTMod:MagiciansMark","floor":10.0,"key":"SMITH"},{"data":"DTMod:Strike","floor":15.0,"key":"PURGE"},{"data":"Secret Technique","floor":24.0,"key":"SMITH"},{"floor":30.0,"key":"REST"},{"data":"DTMod:Training","floor":32.0,"key":"SMITH"},{"floor":40.0,"key":"REST"},{"floor":42.0,"key":"REST"},{"floor":49,"key":"REST"},{"data":"DTMod:Dissolve","floor":52,"key":"SMITH"}],"dtmod_dragon_data":[0,50,3,2,14,5],"circlet_count":0,"master_deck":["DTMod:DoubleHit","DTMod:TargetDefense","DTMod:TargetDefense","DTMod:TargetDefense","DTMod:TargetDefense","DTMod:SwitchingTactic","Strike_RM","Secret Technique+1","DTMod:ComboAttack","DTMod:StunTrap","DTMod:PurifyingFlame","DTMod:StunTrap","DTMod:Training","DTMod:MagiciansMark+1","DTMod:Cover","DTMod:CleansingStrike","DTMod:StarRain","DTMod:DragonDance","DTMod:Conduct","DTMod:Training+1","DTMod:FierySynthesis+1","DTMod:TriAttack+1","DTMod:HeatWave+1","DTMod:DragonDance","DTMod:DarkBreath+1","DTMod:DarkBreath+1","Dark Shackles","DTMod:TauntingStrike+1","DTMod:DarkBreath+1","DTMod:PurifyingFlame+1","DTMod:InvisibleFlame","DTMod:ComboAttack+1","DTMod:Haste","DTMod:Inferno+1","DTMod:BalancedStrike+1","DTMod:FlameSlash+1","DTMod:MagiciansMark+1","DTMod:ComboAttack+1","DTMod:MaximumCharge+1","DTMod:Inferno+1","DTMod:GearUp","DTMod:Dissolve+1","DTMod:HeadStart","Blind","DTMod:Hide","DTMod:BurningForce+1","DTMod:Dissolve","DTMod:GearUp","DTMod:Feint+1","DTMod:BalancedStrike+1"],"relics":["DTMod:PactStone","Dream Catcher","hubris:Icosahedron","Old Coin","Molten Egg 2","Toolbox","jedi:Pinwheel","jedi:archwizardhat","SlaversCollar","hubris:Metronome","jedi:cryingmask","DemoMod:ClearGuonStone","hubris:ToyBattleship","Anchor","DTMod:OddArmor","DemoMod:PoisonVial","Eternal Feather"],"acts_visited":["Exordium","TheCity","TheBeyond","TheEnding"],"potions_floor_usage":[54],"damage_taken":[{"damage":0.0,"enemies":"Small Slimes","floor":1.0,"turns":3.0},{"damage":0.0,"enemies":"Cultist","floor":3.0,"turns":4.0},{"damage":0.0,"enemies":"Jaw Worm","floor":4.0,"turns":2.0},{"damage":0.0,"enemies":"Lagavulin","floor":7.0,"turns":8.0},{"damage":4.0,"enemies":"3 Sentries","floor":12.0,"turns":8.0},{"damage":0.0,"enemies":"2 Fungi Beasts","floor":13.0,"turns":3.0},{"damage":22.0,"enemies":"Lagavulin","floor":14.0,"turns":8.0},{"damage":0.0,"enemies":"Slime Boss","floor":16.0,"turns":6.0},{"damage":0.0,"enemies":"3 Byrds","floor":18.0,"turns":3.0},{"damage":0.0,"enemies":"2 Thieves","floor":21.0,"turns":3.0},{"damage":0.0,"enemies":"Replay:Snechameleon","floor":23.0,"turns":3.0},{"damage":0.0,"enemies":"Sentry and Sphere","floor":25.0,"turns":3.0},{"damage":0.0,"enemies":"Cultist and Chosen","floor":27.0,"turns":5.0},{"damage":0.0,"enemies":"Snake Plant","floor":28.0,"turns":2.0},{"damage":0.0,"enemies":"Slavers","floor":29.0,"turns":4.0},{"damage":0.0,"enemies":"Snecko","floor":31.0,"turns":2.0},{"damage":0.0,"enemies":"Champ","floor":33.0,"turns":8.0},{"damage":0.0,"enemies":"3 Darklings","floor":35.0,"turns":3.0},{"damage":0.0,"enemies":"3 Shapes","floor":36.0,"turns":4.0},{"damage":0.0,"enemies":"Spire Growth","floor":37.0,"turns":3.0},{"damage":0.0,"enemies":"Writhing Mass","floor":38.0,"turns":6.0},{"damage":0.0,"enemies":"Transient","floor":39.0,"turns":5.0},{"damage":0.0,"enemies":"Giant Head","floor":41.0,"turns":6.0},{"damage":0,"enemies":"3 Darklings","floor":45,"turns":3},{"damage":0,"enemies":"Nemesis","floor":47,"turns":3},{"damage":0,"enemies":"Jaw Worm Horde","floor":48,"turns":2},{"damage":4,"enemies":"Replay:Hell Engine","floor":50,"turns":7},{"damage":0,"enemies":"Shield and Spear","floor":54,"turns":3},{"damage":67,"enemies":"The Heart","floor":55,"turns":9}],"seed_played":"5179413024376658502","potions_obtained":[{"floor":3.0,"key":"Block Potion"},{"floor":4.0,"key":"SteroidPotion"},{"floor":13.0,"key":"LifebloodPotion"},{"floor":18.0,"key":"Milkshake"},{"floor":23.0,"key":"PowerPotion"},{"floor":31.0,"key":"SkillPotion"},{"floor":36.0,"key":"FearPotion"},{"floor":45,"key":"Swift Potion"}],"is_trial":false,"path_per_floor":["M","?","M","M","?","R","E","?","T","R","$","E","M","E","R","B",null,"M","?","$","M","?","E","R","M","T","M","M","E","R","M","R","B",null,"M","M","M","M","M","R","E","R","T","?","M","$","E","M","R","B",null,"R","$","E","B"],"character_chosen":"THE_DT","items_purchased":["Molten Egg 2","DTMod:DragonDance","Toolbox","DTMod:DarkBreath+1","Dark Shackles","DTMod:OddArmor","DTMod:Dissolve","ColorlessPotion","DTMod:BalancedStrike+1"],"campfire_rested":4,"item_purchase_floors":[11,11,11,20,20,46,46,46,53],"current_hp_per_floor":[45,45,45,45,45,45,45,45,45,45,45,41,41,19,19,19,45,45,34,34,34,34,34,34,34,34,34,34,34,43,43,43,43,43,43,43,43,43,43,43,43,43,43,43,43,43,43,43,43,39,43,43,43,43,0,0,0],"gold":88,"neow_bonus":"RANDOM_COLORLESS_2","is_daily":false,"chose_seed":false,"campfire_upgraded":4,"win_rate":0.0,"timestamp":1608283264,"path_taken":["M","?","?","M","?","R","E","?","T","R","$","E","M","E","R","BOSS","M","?","?","M","?","E","R","M","T","M","M","E","R","?","R","BOSS","M","M","M","M","M","R","E","R","T","?","M","$","E","M","R","BOSS","R","$","E","BOSS"],"items_purchased_type":["Relic","Card","Relic","Card","Card","Relic","Card","Potion","Card"],"build_version":"2020-12-13","purchased_purges":2,"victory":false,"max_hp_per_floor":[45,45,45,45,45,45,45,45,45,45,45,45,45,45,45,45,45,45,45,45,45,43,43,43,43,43,43,43,43,43,43,43,43,43,43,43,43,43,43,43,43,43,43,43,43,43,43,43,43,43,43,43,43,43,43,43,43],"card_choices":[{"not_picked":["jedi:LeechingStrike","ReplayTheSpireMod:Brewmster"],"picked":"Secret Technique","floor":0.0},{"not_picked":["DTMod:ShieldDrain","DTMod:Feint"],"picked":"DTMod:ComboAttack","floor":1.0},{"not_picked":["DTMod:BizarreTactic","DTMod:Feint"],"picked":"DTMod:PurifyingFlame","floor":3.0},{"not_picked":["DTMod:MasterPlan","DTMod:Observe"],"picked":"DTMod:StunTrap","floor":4.0},{"not_picked":["DTMod:RecklessFlurry","DTMod:Astonish","DTMod:MasterPlan"],"picked":"SKIP","floor":7.0},{"not_picked":["DTMod:Feint+1","DTMod:MagicField"],"picked":"DTMod:Conduct","floor":12.0},{"not_picked":["DTMod:ComboAttack+1","DTMod:CleansingStrike+1"],"picked":"DTMod:Training","floor":13.0},{"not_picked":["DTMod:ShieldDrain+1","DTMod:ForkedFire+1"],"picked":"DTMod:FierySynthesis+1","floor":14.0},{"not_picked":["DTMod:GearUp","DTMod:HeadStart"],"picked":"DTMod:TriAttack+1","floor":16.0},{"not_picked":["DTMod:ComboAttack+1","DTMod:StarRain+1"],"picked":"DTMod:HeatWave+1","floor":18.0},{"not_picked":["DTMod:Training","DTMod:ComboAttack+1"],"picked":"DTMod:DragonDance","floor":19.0},{"not_picked":["DTMod:HeatWave+1","DTMod:Overwhelm"],"picked":"DTMod:TauntingStrike+1","floor":21.0},{"not_picked":["DTMod:EchoTactic","DTMod:TauntingStrike+1"],"picked":"DTMod:DarkBreath+1","floor":23.0},{"not_picked":["DTMod:DeepFocus+1","DTMod:Punisher+1","DTMod:Threaten+1"],"picked":"SKIP","floor":25.0},{"not_picked":["DTMod:CleansingStrike+1","DTMod:CalculatedDefense"],"picked":"DTMod:PurifyingFlame+1","floor":27.0},{"not_picked":["DTMod:Training","DTMod:Hide"],"picked":"DTMod:InvisibleFlame","floor":28.0},{"not_picked":["DTMod:Safeguard","DTMod:QuickFly+1"],"picked":"DTMod:ComboAttack+1","floor":29.0},{"not_picked":["DTMod:Adaptation","DTMod:Threaten"],"picked":"DTMod:Haste","floor":31.0},{"not_picked":["DTMod:ExcessFootwork","DTMod:OpeningTactic+1"],"picked":"DTMod:Inferno+1","floor":33.0},{"not_picked":["DTMod:BurningEnergy+1","DTMod:WarmUp"],"picked":"DTMod:BalancedStrike+1","floor":35.0},{"not_picked":["DTMod:Cover","DTMod:LastStand"],"picked":"DTMod:FlameSlash+1","floor":36.0},{"not_picked":["DTMod:PurifyingFlame+1","DTMod:FlameSlash+1"],"picked":"DTMod:MagiciansMark+1","floor":37.0},{"not_picked":["DTMod:ComboAttack+1","DTMod:InvisibleFlame+1","DTMod:MasterPlan"],"picked":"SKIP","floor":38.0},{"not_picked":["DTMod:InvisibleFlame+1","DTMod:MasterPlan"],"picked":"DTMod:ComboAttack+1","floor":38.0},{"not_picked":["DTMod:BurningEnergy","DTMod:Punisher+1"],"picked":"DTMod:MaximumCharge+1","floor":39.0},{"not_picked":["DTMod:HeatWave+1","DTMod:Overwhelm"],"picked":"DTMod:Inferno+1","floor":40.0},{"not_picked":["DTMod:LowKick+1","DTMod:MagiciansMark+1"],"picked":"DTMod:GearUp","floor":41.0},{"not_picked":["DTMod:FlameSlash+1","DTMod:BuildUp+1"],"picked":"DTMod:BurningForce+1","floor":45},{"not_picked":["DTMod:MaximumCharge+1","DTMod:Feint+1"],"picked":"DTMod:GearUp","floor":47},{"not_picked":["DTMod:CrossStep","DTMod:BreakAttack+1","DTMod:BurningEnergy"],"picked":"SKIP","floor":48},{"not_picked":["DTMod:Training","DTMod:Hide+1"],"picked":"DTMod:Feint+1","floor":49},{"not_picked":["DTMod:TauntingStrike+1","DTMod:Feint+1","DTMod:DragonDance+1"],"picked":"SKIP","floor":54}],"player_experience":107524,"relics_obtained":[{"floor":7.0,"key":"Dream Catcher"},{"floor":9.0,"key":"Old Coin"},{"floor":12.0,"key":"jedi:Pinwheel"},{"floor":14.0,"key":"jedi:archwizardhat"},{"floor":19.0,"key":"hubris:Metronome"},{"floor":23.0,"key":"jedi:cryingmask"},{"floor":29.0,"key":"DemoMod:ClearGuonStone"},{"floor":41.0,"key":"hubris:ToyBattleship"},{"floor":43.0,"key":"Anchor"},{"floor":47,"key":"DemoMod:PoisonVial"},{"floor":54,"key":"Eternal Feather"}],"event_choices":[{"damage_healed":0.0,"max_hp_gain":0.0,"max_hp_loss":0.0,"gold_gain":0.0,"cards_transformed":["DTMod:Strike"],"event_name":"Transmorgrifier","player_choice":"Transformed","floor":2.0,"gold_loss":0.0,"damage_taken":0.0,"cards_obtained":["DTMod:StunTrap"]},{"damage_healed":0,"gold_gain":0,"player_choice":"4 cards matched","damage_taken":0,"max_hp_gain":0,"max_hp_loss":0,"event_name":"Match and Keep!","floor":44,"gold_loss":0,"cards_obtained":["DTMod:Dissolve","DTMod:HeadStart","Blind","DTMod:Hide"]},{"damage_healed":0,"gold_gain":0,"player_choice":"4 cards matched","damage_taken":0,"max_hp_gain":0,"max_hp_loss":0,"event_name":"Match and Keep!","floor":44,"gold_loss":0,"cards_obtained":["DTMod:Dissolve","DTMod:HeadStart","Blind","DTMod:Hide"]}],"is_beta":false,"boss_relics":[{"not_picked":["ReplayTheSpireMod:DimensionalGlitch","Runesmith:UraniumAnvil"],"picked":"SlaversCollar"},{"not_picked":["hubris:VirtuousBlindfold","hubris:CrackedHourglass","Cursed Key"]}],"items_purged_floors":[20,46],"is_endless":false,"potions_floor_spawned":[3,4,13,14,18,23,25,29,31,36,45,47],"killed_by":"The Heart","ascension_level":0}}