{"host":"w7o06k3e8uel8euj","time":1608261299,"event":{"mods":["AchievementEnabler","BaseMod","Colored Powertips","Custom Start","DeckTracker","Keyboard Shortcuts","Minty Spire (QoL Compilation)","Quick Restart","Relic Stats","StSLib","SuperFastMode","everything is the same but u backflip on backflip"],"gold_per_floor":[116,131,147,163,215,241,256,290,290,304,335,355,355,372,372,477,477,495,495,514,579,429,429,454,504,585,616,692,692,742,776,776,879,879,890,988,1001,1051,1101,1427,1181,1281,1281,1331,1356,1406,1440,602,602,602,602,602,141,166,166],"floor_reached":56,"playtime":1338,"items_purged":["Defend_G","Strike_G","Parasite","Writhe"],"score":2014,"play_id":"72a9ca3f-b363-44be-9288-8d7f574c14d3","local_time":"20201218121459","is_ascension_mode":true,"campfire_choices":[{"data":"Finisher","floor":15.0,"key":"SMITH"},{"data":"Prepared","floor":23.0,"key":"SMITH"},{"data":"Terror","floor":29.0,"key":"SMITH"},{"data":"Reflex","floor":32.0,"key":"SMITH"},{"floor":49.0,"key":"RECALL"},{"data":"Storm of Steel","floor":52.0,"key":"SMITH"}],"circlet_count":0,"master_deck":["Strike_G","Strike_G","Defend_G","Defend_G","Defend_G","Survivor","Neutralize","Blade Dance","Prepared+1","Finisher+1","Blade Dance","Die Die Die","PiercingWail","Terror+1","Reflex+1","After Image","Accuracy","Acrobatics+1","Storm of Steel+1","Reflex","Tactician+1","Backflip+1","Well Laid Plans","Impatience","Purity","Malaise","Infinite Blades+1","After Image"],"relics":["Ring of the Snake","Brimstone","PreservedInsect","Orichalcum","Dream Catcher","Shuriken","White Beast Statue","Ginger","Empty Cage","SsserpentHead","Gremlin Horn","Kunai","Matryoshka","Mummified Hand","Toy Ornithopter","Ancient Tea Set","Cursed Key","Unceasing Top","Old Coin","Anchor","Thread and Needle","Blue Candle","Eternal Feather","Lantern","TheAbacus","Ice Cream","Letter Opener","Orrery","Bag of Marbles","Pen Nib"],"acts_visited":["Exordium","TheCity","TheBeyond","TheEnding"],"potions_floor_usage":[55,55],"damage_taken":[{"damage":0.0,"enemies":"Cultist","floor":1.0,"turns":3.0},{"damage":0.0,"enemies":"Jaw Worm","floor":2.0,"turns":2.0},{"damage":0.0,"enemies":"2 Louse","floor":3.0,"turns":2.0},{"damage":0.0,"enemies":"Exordium Wildlife","floor":4.0,"turns":2.0},{"damage":5.0,"enemies":"3 Sentries","floor":6.0,"turns":5.0},{"damage":11.0,"enemies":"Large Slime","floor":7.0,"turns":3.0},{"damage":0.0,"enemies":"Lagavulin","floor":8.0,"turns":2.0},{"damage":1.0,"enemies":"Blue Slaver","floor":10.0,"turns":2.0},{"damage":0.0,"enemies":"Gremlin Nob","floor":11.0,"turns":2.0},{"damage":4.0,"enemies":"3 Louse","floor":12.0,"turns":2.0},{"damage":0.0,"enemies":"2 Fungi Beasts","floor":14.0,"turns":2.0},{"damage":0.0,"enemies":"Slime Boss","floor":16.0,"turns":5.0},{"damage":0.0,"enemies":"3 Byrds","floor":18.0,"turns":4.0},{"damage":0.0,"enemies":"Chosen","floor":20.0,"turns":4.0},{"damage":17.0,"enemies":"Snake Plant","floor":21.0,"turns":3.0},{"damage":13.0,"enemies":"Book of Stabbing","floor":24.0,"turns":3.0},{"damage":8.0,"enemies":"Slavers","floor":27.0,"turns":2.0},{"damage":0.0,"enemies":"Book of Stabbing","floor":31.0,"turns":1.0},{"damage":0.0,"enemies":"Collector","floor":33.0,"turns":3.0},{"damage":0.0,"enemies":"Orb Walker","floor":35.0,"turns":2.0},{"damage":25.0,"enemies":"2 Orb Walkers","floor":36.0,"turns":4.0},{"damage":4.0,"enemies":"3 Shapes","floor":37.0,"turns":2.0},{"damage":28.0,"enemies":"Nemesis","floor":40.0,"turns":3.0},{"damage":0.0,"enemies":"Mind Bloom Boss Battle","floor":42.0,"turns":3.0},{"damage":1.0,"enemies":"Reptomancer","floor":45.0,"turns":1.0},{"damage":0.0,"enemies":"Nemesis","floor":47.0,"turns":3.0},{"damage":27.0,"enemies":"Awakened One","floor":50.0,"turns":3.0},{"damage":0.0,"enemies":"Shield and Spear","floor":54.0,"turns":1.0},{"damage":94,"enemies":"The Heart","floor":55,"turns":6}],"seed_played":"5795335933423026714","potions_obtained":[{"floor":2.0,"key":"BlessingOfTheForge"},{"floor":3.0,"key":"SteroidPotion"},{"floor":8.0,"key":"LiquidBronze"},{"floor":11.0,"key":"Energy Potion"},{"floor":20.0,"key":"Block Potion"},{"floor":24.0,"key":"EssenceOfSteel"},{"floor":35.0,"key":"SteroidPotion"},{"floor":45.0,"key":"EntropicBrew"},{"floor":54.0,"key":"FairyPotion"}],"is_trial":false,"path_per_floor":["M","M","M","M","T","E","M","E","T","M","E","M","?","M","R","B",null,"M","?","M","M","$","R","E","?","T","E","T","R","?","E","R","B",null,"M","?","M","?","?","E","$","?","T","?","E","?","E","$","R","B",null,"R","$","E","B",null],"character_chosen":"THE_SILENT","items_purchased":["Accuracy","Anchor","TheAbacus","Ice Cream","Letter Opener","Orrery","Bag of Marbles"],"campfire_rested":0,"item_purchase_floors":[22,41,48,48,48,53,53],"current_hp_per_floor":[63,63,63,63,63,58,47,47,47,46,46,42,42,42,42,42,63,63,63,63,46,46,46,33,33,33,25,25,25,25,25,25,25,59,59,34,30,30,30,2,2,2,2,20,19,9,9,9,24,17,55,67,67,67,19],"gold":166,"neow_bonus":"THREE_CARDS","is_daily":false,"chose_seed":false,"campfire_upgraded":5,"win_rate":0.0,"timestamp":1608261299,"path_taken":["M","M","M","M","?","E","M","E","T","M","E","M","?","M","R","BOSS","M","?","M","?","$","R","E","?","T","E","?","R","?","E","R","BOSS","M","?","M","?","?","E","$","?","T","?","E","?","E","$","R","BOSS","R","$","E","BOSS"],"items_purchased_type":["Card","Relic","Relic","Relic","Relic","Relic","Relic"],"build_version":"2020-12-13","purchased_purges":4,"victory":true,"max_hp_per_floor":[70,70,70,70,70,70,70,70,70,70,70,70,70,70,70,70,70,70,70,70,70,70,70,70,70,70,70,70,70,70,70,70,70,70,70,70,70,70,70,70,70,70,70,70,70,70,70,67,67,67,67,67,67,67,67],"relic_stats":{"Gremlin Horn":[13,13],"counters":[29,80],"Blue Candle":[1],"Eternal Feather":27,"PreservedInsect":429,"Pen Nib":[2],"Ginger":[5],"Letter Opener":[95],"Orichalcum":[78],"Cursed Key":1,"SsserpentHead":500,"Dream Catcher":0,"TheAbacus":[24],"Shuriken":[67],"Mummified Hand":[28],"Kunai":[51],"obtain_stats":[{"Ice Cream":48,"Lantern":47,"Gremlin Horn":24,"Ginger":13,"Empty Cage":17,"Ancient Tea Set":31,"Cursed Key":34,"Old Coin":40,"SsserpentHead":19,"Dream Catcher":8,"Matryoshka":27,"TheAbacus":48,"Mummified Hand":28,"Kunai":26,"Ring of the Snake":0,"Blue Candle":43,"Thread and Needle":42,"Eternal Feather":45,"PreservedInsect":5,"Pen Nib":54,"Letter Opener":48,"Orichalcum":6,"White Beast Statue":11,"Anchor":41,"Brimstone":0,"Shuriken":9,"Orrery":53,"Bag of Marbles":53,"Toy Ornithopter":28,"Unceasing Top":36},{"Ice Cream":26,"Lantern":26,"Gremlin Horn":16,"Ginger":10,"Empty Cage":12,"Ancient Tea Set":18,"Cursed Key":19,"Old Coin":23,"SsserpentHead":13,"Dream Catcher":7,"Matryoshka":17,"TheAbacus":26,"Mummified Hand":17,"Kunai":16,"Ring of the Snake":0,"Blue Candle":24,"Thread and Needle":24,"Eternal Feather":25,"PreservedInsect":4,"Pen Nib":28,"Letter Opener":26,"Orichalcum":5,"White Beast Statue":9,"Anchor":23,"Brimstone":0,"Shuriken":7,"Orrery":27,"Bag of Marbles":27,"Toy Ornithopter":17,"Unceasing Top":21},{"Ice Cream":70,"Lantern":70,"Gremlin Horn":46,"Ginger":25,"Empty Cage":32,"Ancient Tea Set":49,"Cursed Key":52,"Old Coin":63,"SsserpentHead":36,"Dream Catcher":19,"Matryoshka":48,"TheAbacus":70,"Mummified Hand":48,"Kunai":46,"Ring of the Snake":0,"Blue Candle":66,"Thread and Needle":66,"Eternal Feather":67,"PreservedInsect":9,"Pen Nib":74,"Letter Opener":70,"Orichalcum":14,"White Beast Statue":23,"Anchor":63,"Brimstone":0,"Shuriken":19,"Orrery":73,"Bag of Marbles":73,"Toy Ornithopter":48,"Unceasing Top":58}],"Toy Ornithopter":19,"Unceasing Top":[10],"Ring of the Snake":[58]},"card_choices":[{"not_picked":["Concentrate","Deflect"],"picked":"Dagger Throw","floor":0.0},{"not_picked":["Accuracy","Dodge and Roll"],"picked":"Blade Dance","floor":1.0},{"not_picked":["Deflect","Sucker Punch","Dodge and Roll"],"picked":"SKIP","floor":2.0},{"not_picked":["Bane","Quick Slash"],"picked":"Prepared","floor":3.0},{"not_picked":["Sucker Punch","Calculated Gamble","Tools of the Trade"],"picked":"SKIP","floor":4.0},{"not_picked":["Poisoned Stab","Outmaneuver"],"picked":"Finisher","floor":6.0},{"not_picked":["Bane","Underhanded Strike"],"picked":"Blade Dance","floor":7.0},{"not_picked":["Concentrate","Bane"],"picked":"Die Die Die","floor":8.0},{"not_picked":["Sucker Punch","Prepared"],"picked":"PiercingWail","floor":10.0},{"not_picked":["Deflect","Noxious Fumes"],"picked":"Terror","floor":11.0},{"not_picked":["Blade Dance","Poisoned Stab"],"picked":"Reflex","floor":12.0},{"not_picked":["Backflip","Deflect"],"picked":"After Image","floor":14.0},{"not_picked":["Bouncing Flask","Dodge and Roll+1","Setup"],"picked":"SKIP","floor":18.0},{"not_picked":["Prepared","Outmaneuver","Masterful Stab"],"picked":"SKIP","floor":20.0},{"not_picked":["Slice","Prepared","Predator+1"],"picked":"SKIP","floor":21.0},{"not_picked":["Quick Slash","Bane","Concentrate"],"picked":"SKIP","floor":24.0},{"not_picked":["Reflex","Underhanded Strike"],"picked":"Acrobatics+1","floor":27.0},{"not_picked":["Bane+1","Dagger Throw+1","All Out Attack"],"picked":"SKIP","floor":31.0},{"not_picked":["Burst","Doppelganger"],"picked":"Storm of Steel","floor":33.0},{"not_picked":["Deadly Poison+1","Noxious Fumes"],"picked":"Reflex","floor":35.0},{"not_picked":["Dodge and Roll","Cloak And Dagger"],"picked":"Tactician+1","floor":37.0},{"not_picked":["Expertise+1","Finisher+1","Flechettes+1"],"picked":"SKIP","floor":40.0},{"not_picked":["Flying Knee+1","Setup"],"picked":"Backflip+1","floor":42.0},{"not_picked":["Footwork","Dodge and Roll"],"picked":"Well Laid Plans","floor":45.0},{"not_picked":["HandOfGreed","Jack Of All Trades"],"picked":"Impatience","floor":46.0},{"not_picked":["Discovery","Trip"],"picked":"Purity","floor":46.0},{"not_picked":["Finisher+1","Bane","Skewer+1"],"picked":"SKIP","floor":47.0},{"not_picked":["Deflect","Sucker Punch"],"picked":"Malaise","floor":53.0},{"not_picked":["Distraction","Deadly Poison+1"],"picked":"Infinite Blades+1","floor":53.0},{"not_picked":["Dodge and Roll","Outmaneuver+1"],"picked":"After Image","floor":54.0}],"player_experience":556608,"relics_obtained":[{"floor":5.0,"key":"PreservedInsect"},{"floor":6.0,"key":"Orichalcum"},{"floor":8.0,"key":"Dream Catcher"},{"floor":9.0,"key":"Shuriken"},{"floor":11.0,"key":"White Beast Statue"},{"floor":24.0,"key":"Gremlin Horn"},{"floor":26.0,"key":"Kunai"},{"floor":27.0,"key":"Matryoshka"},{"floor":28.0,"key":"Mummified Hand"},{"floor":28.0,"key":"Toy Ornithopter"},{"floor":31.0,"key":"Ancient Tea Set"},{"floor":36.0,"key":"Unceasing Top"},{"floor":40.0,"key":"Old Coin"},{"floor":42.0,"key":"Thread and Needle"},{"floor":43.0,"key":"Blue Candle"},{"floor":45.0,"key":"Eternal Feather"},{"floor":47.0,"key":"Lantern"},{"floor":54.0,"key":"Pen Nib"}],"event_choices":[{"cards_removed":["Dagger Throw"],"damage_healed":0.0,"max_hp_gain":0.0,"max_hp_loss":0.0,"gold_gain":0.0,"event_name":"WeMeetAgain","player_choice":"Gave Card","floor":13.0,"gold_loss":0.0,"damage_taken":0.0,"relics_obtained":["Ginger"]},{"damage_healed":0.0,"max_hp_gain":0.0,"max_hp_loss":0.0,"gold_gain":0.0,"event_name":"FaceTrader","player_choice":"Trade","floor":19.0,"gold_loss":0.0,"damage_taken":0.0,"relics_obtained":["SsserpentHead"]},{"damage_healed":0.0,"max_hp_gain":0.0,"max_hp_loss":0.0,"gold_gain":0.0,"event_name":"The Mausoleum","player_choice":"Ignored","floor":25.0,"gold_loss":0.0,"damage_taken":0.0},{"damage_healed":0.0,"max_hp_gain":0.0,"max_hp_loss":0.0,"gold_gain":0.0,"event_name":"Ghosts","player_choice":"Ignored","floor":30.0,"gold_loss":0.0,"damage_taken":0.0},{"damage_healed":0.0,"max_hp_gain":0.0,"max_hp_loss":0.0,"gold_gain":0.0,"event_name":"Mysterious Sphere","player_choice":"Fight","floor":36.0,"gold_loss":0.0,"damage_taken":0.0},{"cards_removed":["Defend_G"],"damage_healed":0.0,"max_hp_gain":0.0,"max_hp_loss":0.0,"gold_gain":0.0,"event_name":"Falling","player_choice":"Removed Skill","floor":38.0,"gold_loss":0.0,"damage_taken":0.0},{"damage_healed":0.0,"max_hp_gain":0.0,"max_hp_loss":0.0,"gold_gain":0.0,"event_name":"Tomb of Lord Red Mask","player_choice":"Ignored","floor":39.0,"gold_loss":0.0,"damage_taken":0.0},{"damage_healed":0.0,"max_hp_gain":0.0,"max_hp_loss":0.0,"gold_gain":0.0,"event_name":"MindBloom","player_choice":"Fight","floor":42.0,"gold_loss":0.0,"damage_taken":0.0},{"damage_healed":18.0,"max_hp_gain":0.0,"max_hp_loss":0.0,"gold_gain":0.0,"event_name":"Winding Halls","player_choice":"Writhe","floor":44.0,"gold_loss":0.0,"damage_taken":0.0,"cards_obtained":["Writhe"]},{"damage_healed":0.0,"max_hp_gain":0.0,"max_hp_loss":0.0,"gold_gain":0.0,"event_name":"SensoryStone","player_choice":"Memory 3","floor":46.0,"gold_loss":0.0,"damage_taken":10.0}],"is_beta":false,"boss_relics":[{"not_picked":["Sozu","Coffee Dripper"],"picked":"Empty Cage"},{"not_picked":["Fusion Hammer","Pandora\u0027s Box"],"picked":"Cursed Key"}],"items_purged_floors":[22,41,48,53],"is_endless":false,"potions_floor_spawned":[2,3,8,11,12,14,16,18,20,21,24,27,31,33,35,36,37,40,42,45,47,54],"ascension_level":6}}