{"host":"a61r67bv2jut9r88","time":1608259075,"event":{"mods":["BaseMod","Minty Spire (QoL Compilation)","Replay The Spire","Shop Mod","StSLib","SuperFastMode","The Runesmith"],"gold_per_floor":[114,114,124,49,69,102,102,115,115,132,166,241,241,258,258,359,359,370,388,421,435,435,435],"floor_reached":22,"playtime":1140,"items_purged":["Defend_G"],"score":198,"play_id":"58277c65-03da-4e29-a1c3-f6347b1fb708","local_time":"20201218103755","is_ascension_mode":false,"campfire_choices":[{"floor":7,"key":"REST"},{"data":"Replay:Poison Smokescreen","floor":13,"key":"SMITH"}],"circlet_count":0,"master_deck":["Strike_G","Strike_G","Strike_G","Strike_G","Strike_G","Defend_G","Defend_G","Defend_G","Defend_G","Survivor","Neutralize","Replay:Poison Smokescreen+1","Die Die Die","Neutralize","Prepared","Slice","Prepared+1","Corpse Explosion","Bouncing Flask+1","Poison Darts"],"relics":["Ring of the Snake","Toy Ornithopter","PreservedInsect","Mummified Hand","SlaversCollar","Red Mask"],"acts_visited":["Exordium","TheCity"],"potions_floor_usage":[16,18,22],"damage_taken":[{"damage":0,"enemies":"Cultist","floor":1,"turns":5},{"damage":0,"enemies":"Jaw Worm","floor":3,"turns":3},{"damage":0,"enemies":"Small Slimes","floor":5,"turns":2},{"damage":17,"enemies":"Lagavulin","floor":6,"turns":7},{"damage":4,"enemies":"Gremlin Gang","floor":8,"turns":2},{"damage":4,"enemies":"Red Slaver","floor":10,"turns":4},{"damage":4,"enemies":"Gremlin Nob","floor":11,"turns":3},{"damage":10,"enemies":"Lots of Slimes","floor":14,"turns":4},{"damage":73,"enemies":"Fading Forest","floor":16,"turns":11},{"damage":14,"enemies":"Shell Parasite","floor":18,"turns":5},{"damage":2,"enemies":"Chosen","floor":19,"turns":6},{"damage":37,"enemies":"Masked Bandits","floor":20,"turns":4},{"damage":9,"enemies":"Snake Plant","floor":21,"turns":4},{"damage":18,"enemies":"3 Cultists","floor":22,"turns":3}],"seed_played":"-788062948944457616","potions_obtained":[{"floor":3,"key":"Elixir"},{"floor":8,"key":"Adrenaline Potion"},{"floor":10,"key":"SteroidPotion"},{"floor":20,"key":"Dexterity Potion"},{"floor":21,"key":"Block Potion"}],"is_trial":false,"path_per_floor":["M","?","M","$","M","E","R","M","T","M","E","?","R","M","R","B",null,"M","M","?","M","M"],"character_chosen":"THE_SILENT","items_purchased":[],"campfire_rested":1,"item_purchase_floors":[],"current_hp_per_floor":[70,70,70,70,70,53,70,66,66,62,58,51,51,41,62,20,70,61,59,22,13,0,0],"gold":435,"neow_bonus":"THREE_CARDS","is_daily":false,"chose_seed":false,"campfire_upgraded":1,"win_rate":0.0,"timestamp":1608259075,"path_taken":["M","?","M","$","M","E","R","M","T","?","E","?","R","M","R","BOSS","M","?","?","M","M"],"items_purchased_type":[],"build_version":"2020-12-13","purchased_purges":1,"victory":false,"max_hp_per_floor":[70,70,70,70,70,70,70,70,70,70,70,70,70,70,70,70,70,70,70,70,70,70,70],"card_choices":[{"not_picked":["Bane","Reflex"],"picked":"Replay:Poison Smokescreen","floor":0},{"not_picked":["Dodge and Roll","Deflect","Underhanded Strike"],"picked":"SKIP","floor":1},{"not_picked":["Poisoned Stab","Reflex","ReplayTheSpireMod:Exploit Weakness"],"picked":"SKIP","floor":3},{"not_picked":["Riddle With Holes","ReplayTheSpireMod:Scrap Shanks"],"picked":"Prepared","floor":5},{"not_picked":["Infinite Blades","Cloak And Dagger","ReplayTheSpireMod:Tripwire"],"picked":"SKIP","floor":6},{"not_picked":["Infinite Blades","Sucker Punch"],"picked":"Slice","floor":8},{"not_picked":["All Out Attack","Skewer"],"picked":"Prepared","floor":10},{"not_picked":["Backflip","Expertise","Cloak And Dagger"],"picked":"SKIP","floor":11},{"not_picked":["Deflect","PiercingWail","Finisher"],"picked":"SKIP","floor":14},{"not_picked":["Atom Bomb","Phantasmal Killer"],"picked":"Corpse Explosion","floor":16},{"not_picked":["Sneak Up","Cloak And Dagger+1","Riddle With Holes+1"],"picked":"SKIP","floor":18},{"not_picked":["PiercingWail","Deflect+1"],"picked":"Bouncing Flask+1","floor":19},{"not_picked":["Quick Slash","Toxin Wave"],"picked":"Poison Darts","floor":20},{"not_picked":["Dagger Spray","Cloak And Dagger","ReplayTheSpireMod:The Works+1"],"picked":"SKIP","floor":21}],"player_experience":347054,"relics_obtained":[{"floor":6,"key":"Toy Ornithopter"},{"floor":9,"key":"PreservedInsect"},{"floor":11,"key":"Mummified Hand"},{"floor":20,"key":"Red Mask"}],"event_choices":[{"damage_healed":0,"gold_gain":0,"player_choice":"2 cards matched","damage_taken":0,"max_hp_gain":0,"max_hp_loss":0,"event_name":"Match and Keep!","floor":2,"gold_loss":0,"cards_obtained":["Die Die Die","Neutralize"]},{"damage_healed":0,"gold_gain":75,"player_choice":"Touch","damage_taken":7,"max_hp_gain":0,"max_hp_loss":0,"event_name":"FaceTrader","floor":12,"gold_loss":0},{"damage_healed":0,"gold_gain":0,"player_choice":"Fought Bandits","damage_taken":0,"max_hp_gain":0,"max_hp_loss":0,"event_name":"Masked Bandits","floor":20,"gold_loss":0}],"is_beta":false,"boss_relics":[{"not_picked":["Coffee Dripper","Philosopher\u0027s Stone"],"picked":"SlaversCollar"}],"items_purged_floors":[4],"is_endless":false,"potions_floor_spawned":[3,8,10,14,20,21],"killed_by":"3 Cultists","ascension_level":0}}