{"host":"3srbdas3e7jgqz5l","time":1608321581,"event":{"mods":["BaseMod","Downfall","Minty Spire (QoL Compilation)","StSLib"],"gold_per_floor":[114,124,199,199,212,212,246,246,325,339,353,379,0,26,26,125,125,141,66,83,97,114,114,141,141,141,141,151,186,186,204,204,309,309,327,344,121,121,121,121,0,10,37,70,95,120,120,151,151,151,151,151,3,35,35],"floor_reached":56,"playtime":7940,"items_purged":["FollowUp"],"score":1424,"play_id":"48bcd178-c5bc-4a04-8741-0c99a92e462d","local_time":"20201218195941","is_ascension_mode":true,"campfire_choices":[{"data":"ForeignInfluence","floor":6.0,"key":"SMITH"},{"data":"SashWhip","floor":8.0,"key":"SMITH"},{"floor":15.0,"key":"REST"},{"data":"TalkToTheHand","floor":23.0,"key":"SMITH"},{"floor":27.0,"key":"REST"},{"data":"MentalFortress","floor":32.0,"key":"SMITH"},{"floor":40,"key":"RECALL"},{"data":"expansioncontent:Chronoboost","floor":49,"key":"SMITH"},{"data":"ClearTheMind","floor":52,"key":"SMITH"}],"circlet_count":0,"master_deck":["Eruption","BowlingBash+1","SashWhip+1","ForeignInfluence+1","Vengeance+1","ThirdEye","ReachHeaven+1","EmptyMind+1","Protect+1","BattleHymn","LessonLearned","Halt+1","Blasphemy+1","Judgement+1","Halt","Evaluate+1","Meditate+1","TalkToTheHand+1","Wallop+1","FlurryOfBlows+1","Adaptation","ClearTheMind+1","MentalFortress+1","Perseverance","Prostrate+1","WheelKick+1","MentalFortress+1","expansioncontent:Chronoboost+1","Crescendo+1","MentalFortress+1","DevaForm","ThirdEye+1"],"relics":["PureWater","CaptainsWheel","Dream Catcher","Kunai","Oddly Smooth Stone","Incense Burner","Bronze Scales","Pandora\u0027s Box","Peace Pipe","Nilry\u0027s Codex","Sundial","InkBottle","Philosopher\u0027s Stone","Membership Card","Red Mask","Pocketwatch","Nunchaku","Centennial Puzzle","Du-Vu Doll","ClockworkSouvenir","Happy Flower","Bottled Lightning"],"acts_visited":["Exordium","TheCity","TheBeyond","TheEnding"],"potions_floor_usage":[42,44,50],"damage_taken":[{"damage":0.0,"enemies":"2 Louse","floor":1.0,"turns":2.0},{"damage":4.0,"enemies":"Jaw Worm","floor":2.0,"turns":3.0},{"damage":0.0,"enemies":"Cultist","floor":5.0,"turns":2.0},{"damage":13.0,"enemies":"3 Sentries","floor":7.0,"turns":3.0},{"damage":9.0,"enemies":"Large Slime","floor":10.0,"turns":2.0},{"damage":0.0,"enemies":"3 Louse","floor":11.0,"turns":1.0},{"damage":3.0,"enemies":"Gremlin Nob","floor":12.0,"turns":2.0},{"damage":19.0,"enemies":"Lagavulin","floor":14.0,"turns":7.0},{"damage":4.0,"enemies":"Slime Boss","floor":16.0,"turns":10.0},{"damage":2.0,"enemies":"Chosen","floor":18.0,"turns":3.0},{"damage":0.0,"enemies":"3 Byrds","floor":20.0,"turns":2.0},{"damage":0.0,"enemies":"Snecko","floor":21.0,"turns":4.0},{"damage":9.0,"enemies":"Snake Plant","floor":22.0,"turns":3.0},{"damage":4.0,"enemies":"Book of Stabbing","floor":24.0,"turns":3.0},{"damage":0.0,"enemies":"Chosen and Byrds","floor":28.0,"turns":3.0},{"damage":0.0,"enemies":"Gremlin Leader","floor":29.0,"turns":3.0},{"damage":1.0,"enemies":"Snecko","floor":31.0,"turns":5.0},{"damage":27.0,"enemies":"Collector","floor":33.0,"turns":9.0},{"damage":0.0,"enemies":"Orb Walker","floor":35.0,"turns":6.0},{"damage":0,"enemies":"3 Darklings","floor":36,"turns":5},{"damage":5,"enemies":"Writhing Mass","floor":42,"turns":4},{"damage":0,"enemies":"Giant Head","floor":44,"turns":9},{"damage":6,"enemies":"Reptomancer","floor":46,"turns":5},{"damage":0,"enemies":"Giant Head","floor":48,"turns":7},{"damage":0,"enemies":"Awakened One","floor":50,"turns":8},{"damage":6,"enemies":"Shield and Spear","floor":54,"turns":5},{"damage":53,"enemies":"The Heart","floor":55,"turns":9}],"seed_played":"-7265308260220016548","potions_obtained":[{"floor":1.0,"key":"BottledMiracle"},{"floor":2.0,"key":"Fruit Juice"},{"floor":10.0,"key":"BlessingOfTheForge"},{"floor":11.0,"key":"sneckomod:MuddlingPotion"},{"floor":20.0,"key":"BottledMiracle"},{"floor":24.0,"key":"GamblersBrew"},{"floor":33.0,"key":"Weak Potion"},{"floor":36,"key":"sneckomod:MuddlingPotion"},{"floor":44,"key":"Energy Potion"}],"is_trial":false,"path_per_floor":["M","M","?","?","M","R","E","R","T","M","M","E","$","E","R","B",null,"M","?","M","M","M","R","E","?","T","R","M","E","?","M","R","B",null,"M","M","$","?","?","R","?","M","T","E","T","E","?","E","R","B",null,"R","$","E","B",null],"character_chosen":"WATCHER","items_purchased":["Incense Burner","BattleHymn","Membership Card","MentalFortress","ClockworkSouvenir","Happy Flower"],"campfire_rested":2,"item_purchase_floors":[13,13,37,37,53,53],"current_hp_per_floor":[65,66,55,55,55,55,42,42,42,33,33,30,30,11,32,28,70,68,68,68,68,59,59,55,39,39,60,60,60,60,59,59,32,70,70,70,70,70,66,66,66,61,61,61,61,55,55,55,55,55,66,66,66,60,7],"gold":35,"neow_bonus":"ONE_RARE_RELIC","is_daily":false,"chose_seed":false,"campfire_upgraded":6,"win_rate":0.0,"timestamp":1608321581,"path_taken":["M","M","?","?","M","R","E","R","T","?","M","E","$","E","R","BOSS","M","?","M","M","M","R","E","?","T","R","M","E","?","M","R","BOSS","M","M","$","?","?","R","?","M","T","E","?","E","?","E","R","BOSS","R","$","E","BOSS"],"items_purchased_type":["Relic","Card","Relic","Card","Relic","Relic"],"build_version":"2020-12-13","purchased_purges":1,"victory":true,"max_hp_per_floor":[65,70,70,70,70,70,70,70,70,70,70,70,70,70,70,70,70,70,70,70,70,70,70,70,70,70,70,70,70,70,70,70,70,70,70,70,70,70,66,66,66,66,66,66,66,66,66,66,66,66,66,66,66,66,66],"card_choices":[{"not_picked":["Indignation","Evaluate"],"picked":"BowlingBash","floor":1.0},{"not_picked":["PathToVictory","Collect"],"picked":"SashWhip","floor":2.0},{"not_picked":["PathToVictory","Worship"],"picked":"Vengeance","floor":5.0},{"not_picked":["BowlingBash","PathToVictory"],"picked":"ThirdEye","floor":7.0},{"not_picked":["FlyingSleeves","CutThroughFate"],"picked":"ReachHeaven","floor":10.0},{"not_picked":["JustLucky","Weave"],"picked":"EmptyMind","floor":11.0},{"not_picked":["Worship","Study"],"picked":"Protect","floor":12.0},{"not_picked":["Fasting2","ThirdEye"],"picked":"LessonLearned","floor":14.0},{"not_picked":["Nirvana","Pray"],"picked":"Halt","floor":15.0},{"not_picked":["Brilliance","Ragnarok"],"picked":"Blasphemy","floor":16.0},{"not_picked":["FlyingSleeves","SashWhip+1","FollowUp"],"picked":"SKIP","floor":18.0},{"not_picked":["Prostrate+1","PathToVictory"],"picked":"Wallop+1","floor":20.0},{"not_picked":["SashWhip+1","ForeignInfluence","EmptyMind"],"picked":"SKIP","floor":21.0},{"not_picked":["BowlingBash","Scrawl","Weave"],"picked":"SKIP","floor":22.0},{"not_picked":["JustLucky","CutThroughFate"],"picked":"FlurryOfBlows","floor":24.0},{"not_picked":["JustLucky","EmptyBody"],"picked":"Adaptation","floor":27.0},{"not_picked":["FlurryOfBlows","FlyingSleeves"],"picked":"ClearTheMind","floor":28.0},{"not_picked":["Vengeance","Indignation"],"picked":"MentalFortress","floor":29.0},{"not_picked":["CutThroughFate","Wallop"],"picked":"Prostrate+1","floor":31.0},{"not_picked":["EmptyBody","SashWhip"],"picked":"WheelKick+1","floor":35.0},{"not_picked":["Adaptation+1","Consecrate+1","Study"],"picked":"SKIP","floor":36},{"not_picked":["The Bomb","expansioncontent:Sear"],"picked":"expansioncontent:Chronoboost","floor":38},{"not_picked":["LikeWater","JustLucky+1","Nirvana"],"picked":"SKIP","floor":42},{"not_picked":["SashWhip+1","Meditate+1"],"picked":"Crescendo+1","floor":44},{"not_picked":["SashWhip+1","Evaluate+1"],"picked":"MentalFortress+1","floor":46},{"not_picked":["Indignation","Prostrate"],"picked":"DevaForm","floor":48},{"not_picked":["Worship","EmptyFist+1"],"picked":"ThirdEye+1","floor":54}],"player_experience":440338,"relics_obtained":[{"floor":7.0,"key":"Dream Catcher"},{"floor":9.0,"key":"Kunai"},{"floor":12.0,"key":"Oddly Smooth Stone"},{"floor":14.0,"key":"Bronze Scales"},{"floor":24.0,"key":"Peace Pipe"},{"floor":25.0,"key":"Nilry\u0027s Codex"},{"floor":26.0,"key":"Sundial"},{"floor":29.0,"key":"InkBottle"},{"floor":44,"key":"Pocketwatch"},{"floor":45,"key":"Nunchaku"},{"floor":46,"key":"Centennial Puzzle"},{"floor":48,"key":"Du-Vu Doll"},{"floor":54,"key":"Bottled Lightning"}],"event_choices":[{"damage_healed":0.0,"max_hp_gain":0.0,"max_hp_loss":0.0,"gold_gain":75.0,"event_name":"World of Goop","player_choice":"Gather Gold","floor":3.0,"gold_loss":0.0,"damage_taken":11.0},{"damage_healed":0.0,"max_hp_gain":0.0,"max_hp_loss":0.0,"gold_gain":0.0,"cards_transformed":["Strike_P"],"event_name":"Transmorgrifier","player_choice":"Transformed","floor":4.0,"gold_loss":0.0,"damage_taken":0.0,"cards_obtained":["ForeignInfluence"]},{"cards_removed":["JustLucky"],"damage_healed":0.0,"max_hp_gain":0.0,"max_hp_loss":0.0,"gold_gain":0.0,"event_name":"Beggar","player_choice":"Gave Gold","floor":19.0,"gold_loss":75.0,"damage_taken":0.0},{"damage_healed":0.0,"max_hp_gain":0.0,"max_hp_loss":0.0,"gold_gain":0.0,"event_name":"Cursed Tome","player_choice":"Obtained Book","floor":25.0,"gold_loss":0.0,"damage_taken":16.0},{"damage_healed":0.0,"max_hp_gain":0.0,"max_hp_loss":0.0,"gold_gain":0.0,"event_name":"The Library","player_choice":"Read","floor":30.0,"gold_loss":0.0,"damage_taken":0.0,"cards_obtained":["Perseverance"]},{"damage_healed":0,"gold_gain":0,"player_choice":"Memory 1","damage_taken":0,"max_hp_gain":0,"max_hp_loss":0,"event_name":"SensoryStone","floor":38,"gold_loss":0},{"damage_healed":0,"gold_gain":0,"player_choice":"Max HP","damage_taken":0,"max_hp_gain":0,"max_hp_loss":4,"event_name":"Winding Halls","floor":39,"gold_loss":0},{"damage_healed":0,"gold_gain":0,"player_choice":"Paid","damage_taken":0,"relics_obtained":["Red Mask"],"max_hp_gain":0,"max_hp_loss":0,"event_name":"Tomb of Lord Red Mask","floor":41,"gold_loss":121},{"cards_removed":["Vigilance"],"damage_healed":0,"gold_gain":0,"player_choice":"Removed Skill","damage_taken":0,"max_hp_gain":0,"max_hp_loss":0,"event_name":"Falling","floor":47,"gold_loss":0}],"is_beta":false,"boss_relics":[{"not_picked":["Calling Bell","Astrolabe"],"picked":"Pandora\u0027s Box"},{"not_picked":["Coffee Dripper","Black Star"],"picked":"Philosopher\u0027s Stone"}],"items_purged_floors":[37],"is_endless":false,"potions_floor_spawned":[1,2,10,11,20,24,28,33,36,44],"ascension_level":1}}