{"host":"mq7pyadb5kndcn8l","time":1608316882,"event":{"mods":["AchievementEnabler","Act Like it!","Aspiration","BaseMod","Better Altar","Better Match","Better Note","Better Sensory Stone","Better Skull","Better Third Choice","BetterRewards","Block Reminder","CCEM","Challenge The Spire","ChefMod","Colored Map","Colored Powertips","Conspire","Defuse TimeMaze Blight","Dio Mod","Displayed Cursed Tome","Dota2Spire","Downfall","Duelist Mod","Energized Spire","Friendly Minions","GifTheSpireLib","Gremlin Skip","Highlight Path","Hubris","Ironclad Rager","Jedi Mod","Mad Scientist","Marked Mod","Mimic Mod","Minty Spire (QoL Compilation)","Permanent Neow","QueenMod","Quick Restart","Random Character Button","Rare Cards Sparkle","Relic Filter","Relic Sorter","Replay The Spire","Reworked Bosses","Shade Mod","Shop Mod","Spicy Shops","Spikes Relics","StSLib","Stuff the Spire","SuperFastMode","The Blue Laboratory","The Death Knight","The Exalted","The Necromancer","The Poker Player","TheBandit","Thieving Mod","Thrall Mod","Trackpad","Transform Curses","Unceasing Turn Reminder","Wandering Minibosses","vexMod"],"gold_per_floor":[112,19,19,29,29,64,64,98,121,50,64,79,91,124,124,128,794,813,813,824,841,418,418,444,458,458,17,17,46,58,91,91,186,186,204,4,447,462,482,482,507,507,552,566,566,591,608,55,55,55,55,55,55,82,82],"floor_reached":56,"playtime":2565,"items_purged":["Shade:CarefulCut","Shade:Defend_Shade","Shade:Strike_Shade","Shade:Strike_Shade","Shade:Strike_Shade","Shade:Defend_Shade","Shade:Defend_Shade","Shade:StitchTogether+1"],"score":2621,"play_id":"9cdc397b-6b29-4d38-ade6-788a9ea139ce","local_time":"20201218134122","is_ascension_mode":true,"campfire_choices":[{"data":"Shade:AnimateDead","floor":7,"key":"SMITH"},{"data":"Shade:SkeletonArmy","floor":15,"key":"SMITH"},{"data":"Shade:CommandSoldier","floor":23,"key":"SMITH"},{"data":"Shade:Coordination","floor":28,"key":"SMITH"},{"data":"Pot Of Greed","floor":32,"key":"SMITH"},{"floor":40,"key":"RECALL"},{"data":"Shade:LichForm","floor":42,"key":"SMITH"},{"data":"Shade:SkeletonArmy","floor":45,"key":"SMITH"},{"data":"Shade:Carnophage","floor":49,"key":"SMITH"},{"data":"Pot Of Greed","floor":52,"key":"SMITH"}],"circlet_count":0,"master_deck":["Shade:Defend_Shade+1","Shade:AnimateDead+1","Shade:AblativeArmor+1","Replay:SS_hec_2+1","Shade:CommandSoldier+1","Shade:Bonestorm","Shade:FleshToFlesh","Shade:SkeletonArmy+1","Shade:Coordination+1","Pot Of Greed+1","Pot Of Greed+1","Shade:FleshLikeOak+1","Shade:SkeletonArmy+1","Shade:LichForm+1","Shade:FleshLikeOak+1","Shade:FleshLikeOak","Shade:Carnophage+1","Shade:OpenGraves","Shade:Carnophage+1"],"relics":["Shade:YorickSkull","Dota2Spire:CrimsonGuard","aspiration:DSix","Replay:Wax Seal","Dota2Spire:Dagon","hubris:TenFootPole","MerchantsRug","hubris:DisguiseKit","BicycleWheel","hubris:CrystalStatue","SpikesRelics:DaevaFist","Bromod:ArcaneVictory","vexMod:RockOfEvil","Iron Hammer","jedi:arcanewood","Grinning Jar","trackpad:SneckoScepter","jedi:shrinkray","CCEMRelics:PorcelainBowl","Philosopher\u0027s Stone","Lantern","Nunchaku","Orichalcum","hubris:Reverence","Dota2Spire:PowerTreads","Replay:Ringing Soul","vexMod:BarristanHead"],"acts_visited":["Exordium","TheCity","TheBeyond","TheEnding"],"potions_floor_usage":[6,55,55,55],"damage_taken":[{"damage":0,"enemies":"Cultist","floor":1,"turns":2},{"damage":0,"enemies":"Jaw Worm","floor":4,"turns":2},{"damage":7,"enemies":"Gremlin Nob","floor":6,"turns":6},{"damage":0,"enemies":"3 Sentries","floor":8,"turns":6},{"damage":0,"enemies":"Lagavulin","floor":10,"turns":4},{"damage":0,"enemies":"Small Slimes","floor":11,"turns":3},{"damage":0,"enemies":"Exordium Thugs","floor":12,"turns":4},{"damage":0,"enemies":"2 Fungi Beasts","floor":13,"turns":3},{"damage":0,"enemies":"Replay:BlueRogue","floor":14,"turns":7},{"damage":0,"enemies":"The Guardian","floor":16,"turns":7},{"damage":0,"enemies":"Shell Parasite","floor":18,"turns":3},{"damage":0,"enemies":"Spheric Guardian","floor":20,"turns":2},{"damage":0,"enemies":"3 Cultists","floor":21,"turns":4},{"damage":0,"enemies":"theDuelist:KaibaA2","floor":24,"turns":5},{"damage":0,"enemies":"Snecko","floor":25,"turns":3},{"damage":0,"enemies":"conspire:SneckoGhost","floor":29,"turns":4},{"damage":0,"enemies":"conspire:HollyBat","floor":30,"turns":4},{"damage":0,"enemies":"theDuelist:KaibaA2","floor":31,"turns":3},{"damage":0,"enemies":"StardustCrusaders","floor":33,"turns":3},{"damage":0,"enemies":"Orb Walker","floor":35,"turns":2},{"damage":0,"enemies":"3 Darklings","floor":38,"turns":2},{"damage":0,"enemies":"Transient","floor":39,"turns":5},{"damage":0,"enemies":"Reptomancer","floor":41,"turns":4},{"damage":0,"enemies":"Sphere and 2 Shapes","floor":44,"turns":2},{"damage":0,"enemies":"Nemesis","floor":46,"turns":4},{"damage":0,"enemies":"3 Darklings","floor":47,"turns":2},{"damage":0,"enemies":"Jotaro","floor":50,"turns":5},{"damage":0,"enemies":"Shield and Spear","floor":54,"turns":3},{"damage":0,"enemies":"The Heart","floor":55,"turns":6}],"seed_played":"-2785880254083776026","potions_obtained":[{"floor":1,"key":"Reflective Coating"},{"floor":4,"key":"hexamod:EctoCoolerPotion"},{"floor":8,"key":"blueLaboratory:BottleOfRum"},{"floor":14,"key":"DistilledChaos"},{"floor":18,"key":"Languid Potion"},{"floor":19,"key":"EssenceOfSteel"},{"floor":31,"key":"Block Potion"}],"is_trial":false,"path_per_floor":["M","$","?","M","?","E","R","E","T","E","M","M","M","E","R","B",null,"M","?","M","M","$","R","E","M","T","$","R","E","M","E","R","B",null,"M","$","?","M","M","R","E","R","T","M","R","E","M","$","R","B",null,"R","$","E","B",null],"character_chosen":"SHADE","items_purchased":["Shade:StitchTogether","Shade:AblativeArmor+1","hubris:TenFootPole","Dota2Spire:Dagon","MerchantsRug","Replay:SS_hec_2","aspiration:DSix","Shade:CommandSoldier","Guide Book","Replay:Wax Seal","Iron Hammer","Grinning Jar","trackpad:SneckoScepter","Shade:OpenGraves"],"campfire_rested":0,"item_purchase_floors":[0,0,0,0,0,0,0,0,0,2,22,27,27,48],"current_hp_per_floor":[18,18,18,18,18,21,21,31,31,41,51,61,65,65,65,65,65,65,65,65,65,65,65,65,65,65,65,65,65,65,65,65,65,65,65,65,21,26,37,37,52,52,52,55,55,65,68,71,71,71,71,71,71,74,74],"gold":82,"neow_bonus":"","is_daily":false,"chose_seed":false,"campfire_upgraded":9,"win_rate":0.0,"timestamp":1608316882,"path_taken":["M","$","?","M","?","E","R","E","T","E","M","M","M","E","R","BOSS","M","?","?","M","?","R","E","M","T","$","?","E","M","E","R","BOSS","M","$","?","M","M","R","E","R","T","?","?","E","M","$","R","BOSS","R","$","E","BOSS"],"items_purchased_type":["Card","Card","Relic","Relic","Relic","Card","Relic","Card","Relic","Relic","Relic","Relic","Relic","Card"],"build_version":"2020-12-13","purchased_purges":8,"victory":true,"max_hp_per_floor":[65,65,65,65,65,65,65,65,65,65,65,65,65,65,65,65,65,65,65,65,65,65,65,65,65,65,65,65,65,65,65,65,65,65,65,65,65,65,65,65,65,65,65,65,65,65,68,71,71,71,71,71,71,74,74],"card_choices":[{"not_picked":["Shade:ExtraLimbs","Shade:WallOfFlesh","Shade:CoffinDance"],"picked":"SKIP","floor":1},{"not_picked":["Shade:SoulToxin","Shade:RavenousHorde","Shade:Awaken"],"picked":"SKIP","floor":4},{"not_picked":["Shade:ScuttlingHand","Shade:FreshBones","Negative_Energy_Javelin"],"picked":"Shade:Bonestorm","floor":6},{"not_picked":["Shade:Trample","Shade:SpontaneousRitual","Shade:RavenousHorde","Negative_Energy_Javelin"],"picked":"SKIP","floor":8},{"not_picked":["Shade:SpectralStrikes","Shade:SkeletonHug","Life_Tap"],"picked":"Shade:FleshToFlesh","floor":10},{"not_picked":["Shade:Doomsay","Shade:FingerOfDeath","Shade:FeralStrike","Vampiric_Strike"],"picked":"SKIP","floor":11},{"not_picked":["Shade:Excise","Shade:Premonition","Shade:ScuttlingHand","Death_March_Dance"],"picked":"SKIP","floor":12},{"not_picked":["Shade:FuneraryArmor","Shade:ClawBack","Shade:SanguineRitual","Bone_Bullets"],"picked":"SKIP","floor":13},{"not_picked":["Shade:PotionOfRestlessness","Shade:ClawBack","Blood_Shield"],"picked":"Shade:SkeletonArmy","floor":14},{"not_picked":["Shade:GreaterAnimation","Shade:OfferingToTheBeyond","Summon_Death_Knight"],"picked":"Shade:Coordination","floor":16},{"not_picked":["Shade:SanguineRitual+1","Shade:FingerOfDeath","Shade:Frenzy","Negative_Energy_Mist"],"picked":"SKIP","floor":18},{"not_picked":["Shade:FleshToFlesh+1","Shade:Excise","Shade:CloudOfShrapnel","Shackles_Of_Pain"],"picked":"SKIP","floor":20},{"not_picked":["Shade:ScuttlingHand","Shade:BoneShards","Shade:GreyBargain","Necrotic_Claws"],"picked":"SKIP","floor":21},{"not_picked":["Shade:BoneShards","Shade:UnbarTheGrave","Shade:CoffinDance","Bone_Armory"],"picked":"SKIP","floor":24},{"not_picked":["Shade:AncientSpear+1","Shade:ClawBack","Shade:FreshBones+1","Bones_to_Steel"],"picked":"SKIP","floor":25},{"not_picked":["Shade:DangerousRitual+1","Shade:StitchTogether","Shade:Excise","Negative_Energy_Javelin"],"picked":"SKIP","floor":29},{"not_picked":["Shade:PotionOfRestlessness","Shade:FuneraryArmor+1","Bones_to_Steel"],"picked":"Shade:FleshLikeOak","floor":30},{"not_picked":["Shade:SkeletonHug","Shade:FuneraryJewels","Bones_to_Steel"],"picked":"Shade:SkeletonArmy","floor":31},{"not_picked":["Shade:SoulPierce","Shade:SelfBurial","Reap_The_Weak"],"picked":"Shade:LichForm","floor":33},{"not_picked":["Shade:Trample+1","Shade:AncientSpear+1","Shade:BoneShards","Blood_Whip"],"picked":"SKIP","floor":35},{"not_picked":["Shade:WallOfFlesh+1","Shade:BoneShards+1","Shade:ExtraLimbs","Strike_from_Beyond"],"picked":"SKIP","floor":38},{"not_picked":["Shade:Awaken","Shade:SkeletonHug+1","Bone_Spikes"],"picked":"Shade:FleshLikeOak+1","floor":39},{"not_picked":["Shade:FuneraryArmor+1","Shade:ClawBack+1","Shade:Consume","Death_March_Dance"],"picked":"SKIP","floor":41},{"not_picked":["Shade:Premonition","Shade:FuneraryArmor","Chill_Blood"],"picked":"Shade:FleshLikeOak","floor":44},{"not_picked":["Shade:BoneShards+1","Shade:CoffinDance+1","Shade:CommandSoldier+1","Toxic_Smoke_Screen"],"picked":"SKIP","floor":46},{"not_picked":["Shade:LichForm","Shade:FleshToFlesh+1","Negative_Energy_Burst"],"picked":"Shade:Carnophage","floor":47},{"not_picked":["Shade:FingerOfDeath","Shade:CloudOfShrapnel+1","Consume_Illness"],"picked":"Shade:Carnophage+1","floor":54}],"player_experience":869054,"relics_obtained":[{"floor":6,"key":"BicycleWheel"},{"floor":8,"key":"hubris:CrystalStatue"},{"floor":10,"key":"SpikesRelics:DaevaFist"},{"floor":14,"key":"Bromod:ArcaneVictory"},{"floor":24,"key":"jedi:arcanewood"},{"floor":26,"key":"Dota2Spire:CrimsonGuard"},{"floor":29,"key":"jedi:shrinkray"},{"floor":31,"key":"CCEMRelics:PorcelainBowl"},{"floor":41,"key":"hubris:Reverence"},{"floor":43,"key":"Dota2Spire:PowerTreads"},{"floor":46,"key":"Replay:Ringing Soul"},{"floor":54,"key":"vexMod:BarristanHead"}],"event_choices":[{"damage_healed":0,"gold_gain":0,"player_choice":"Got Potions","damage_taken":0,"max_hp_gain":0,"max_hp_loss":0,"event_name":"Lab","floor":19,"gold_loss":0},{"damage_healed":0,"gold_gain":443,"player_choice":"RE RE RE GO GO GO UP UP GO ","damage_taken":110,"relics_obtained":["Lantern","Nunchaku","Orichalcum"],"max_hp_gain":0,"max_hp_loss":0,"event_name":"betterSkull:BetterSkull","floor":37,"gold_loss":0,"cards_upgraded":["Shade:FleshLikeOak","Shade:Defend_Shade"]}],"is_beta":false,"boss_relics":[{"not_picked":["StuffTheSpire:ModemDavis","aspiration:PoetsPen"],"picked":"vexMod:RockOfEvil"},{"not_picked":["vexMod:EndlessSickness","hubris:ScarierMask"],"picked":"Philosopher\u0027s Stone"}],"items_purged_floors":[0,0,2,2,22,36,48,48],"is_endless":false,"potions_floor_spawned":[1,4,8,14,18,25,30,31,33,38,41,44],"ascension_level":7}}