{"host":"2n2g1vowfllvjtvi","time":1608326288,"event":{"mods":["AchievementEnabler","BaseMod","Custom Start","GifTheSpireLib","Keyboard Shortcuts","Minty Spire (QoL Compilation)","Quick Restart","Rare Cards Sparkle","StSLib","SuperFastMode"],"gold_per_floor":[117,117,127,52,52,52,92,17,17,58,58,133,60,81,81,174,174,192,192,192,15,25,25,56,56,56],"floor_reached":25,"playtime":479,"items_purged":["Strike_R","Strike_R"],"score":438,"play_id":"6315424e-7103-41fd-88b9-abd4d7276acd","local_time":"20201219061808","is_ascension_mode":true,"campfire_choices":[{"data":"Shockwave","floor":6.0,"key":"SMITH"},{"data":"Blood for Blood","floor":11.0,"key":"SMITH"},{"data":"Armaments","floor":15.0,"key":"SMITH"},{"floor":23,"key":"REST"}],"circlet_count":0,"master_deck":["AscendersBane","Defend_R","Defend_R","Defend_R","Defend_R","Bash","Shockwave+1","Wild Strike","Flame Barrier","Blood for Blood+1","Fire Breathing","Armaments+1","Berserk","Hemokinesis+1","Exhume","Seeing Red","Rupture","Battle Trance+1","Burning Pact"],"relics":["Burning Blood","NeowsBlessing","Mercury Hourglass","Bloody Idol","Champion Belt","Bird Faced Urn","WingedGreaves","Sozu","Eternal Feather"],"acts_visited":["Exordium","TheCity"],"potions_floor_usage":[],"damage_taken":[{"damage":0.0,"enemies":"Cultist","floor":1.0,"turns":1.0},{"damage":0.0,"enemies":"Jaw Worm","floor":3.0,"turns":1.0},{"damage":0.0,"enemies":"Gremlin Nob","floor":7.0,"turns":1.0},{"damage":25.0,"enemies":"3 Sentries","floor":10.0,"turns":7.0},{"damage":4.0,"enemies":"Small Slimes","floor":14.0,"turns":4.0},{"damage":12.0,"enemies":"The Guardian","floor":16.0,"turns":10.0},{"damage":19,"enemies":"Spheric Guardian","floor":18,"turns":5},{"damage":21,"enemies":"Shell Parasite","floor":22,"turns":4},{"damage":36,"enemies":"Book of Stabbing","floor":24,"turns":5},{"damage":2,"enemies":"Snake Plant","floor":25,"turns":3}],"seed_played":"-477553584436224533","potions_obtained":[{"floor":1.0,"key":"GamblersBrew"},{"floor":10.0,"key":"EssenceOfSteel"},{"floor":16.0,"key":"Strength Potion"}],"is_trial":false,"path_per_floor":["M","T","M","?","?","R","E","$","T","E","R","?","$","M","R","B",null,"M","?","?","$","M","R","E","M"],"character_chosen":"IRONCLAD","items_purchased":["Fire Breathing","Rupture"],"campfire_rested":1,"item_purchase_floors":[13,21],"current_hp_per_floor":[74,74,75,75,49,49,55,55,55,36,36,25,25,27,27,23,62,53,53,53,53,47,69,50,48,48],"gold":56,"neow_bonus":"THREE_ENEMY_KILL","is_daily":false,"chose_seed":false,"campfire_upgraded":3,"win_rate":0.0,"timestamp":1608326288,"path_taken":["M","?","?","?","?","R","E","$","T","E","R","?","$","?","R","BOSS","M","?","?","?","M","R","E","?"],"items_purchased_type":["Card","Card"],"build_version":"2020-12-13","purchased_purges":2,"victory":false,"max_hp_per_floor":[75,75,75,75,75,75,75,75,75,75,75,75,75,75,75,75,75,75,75,75,75,75,75,75,75,75],"card_choices":[{"not_picked":["Havoc","Body Slam"],"picked":"Shockwave","floor":1.0},{"not_picked":["Headbutt","Combust"],"picked":"Wild Strike","floor":3.0},{"not_picked":["Combust","Havoc"],"picked":"Flame Barrier","floor":7.0},{"not_picked":["Anger","Ghostly Armor"],"picked":"Blood for Blood","floor":10.0},{"not_picked":["Blood for Blood","Iron Wave"],"picked":"Armaments","floor":14.0},{"not_picked":["Exhume","Corruption"],"picked":"Berserk","floor":16.0},{"not_picked":["Intimidate","Perfected Strike"],"picked":"Hemokinesis+1","floor":18},{"not_picked":["Reckless Charge","Wild Strike"],"picked":"Battle Trance+1","floor":22},{"not_picked":["Body Slam","Combust"],"picked":"Burning Pact","floor":24}],"player_experience":434548,"relics_obtained":[{"floor":2.0,"key":"Mercury Hourglass"},{"floor":7.0,"key":"Champion Belt"},{"floor":9.0,"key":"Bird Faced Urn"},{"floor":10.0,"key":"WingedGreaves"},{"floor":24,"key":"Eternal Feather"}],"event_choices":[{"cards_removed":["Strike_R"],"damage_healed":0.0,"max_hp_gain":0.0,"max_hp_loss":0.0,"gold_gain":0.0,"event_name":"The Cleric","player_choice":"Card Removal","floor":4.0,"gold_loss":75.0,"damage_taken":0.0},{"damage_healed":0.0,"max_hp_gain":0.0,"max_hp_loss":0.0,"gold_gain":0.0,"event_name":"Golden Idol","player_choice":"Take Damage","floor":5.0,"gold_loss":0.0,"damage_taken":26.0,"relics_obtained":["Golden Idol"]},{"damage_healed":0.0,"max_hp_gain":0.0,"max_hp_loss":0.0,"gold_gain":75.0,"event_name":"World of Goop","player_choice":"Gather Gold","floor":12.0,"gold_loss":0.0,"damage_taken":11.0},{"damage_healed":0,"gold_gain":0,"player_choice":"Gave Idol","damage_taken":0,"relics_obtained":["Bloody Idol"],"max_hp_gain":0,"max_hp_loss":0,"event_name":"Forgotten Altar","floor":19,"relics_lost":["Golden Idol"],"gold_loss":0},{"damage_healed":0,"gold_gain":0,"cards_transformed":["Strike_R","Strike_R"],"player_choice":"Became Test Subject","damage_taken":0,"max_hp_gain":0,"max_hp_loss":0,"event_name":"Drug Dealer","floor":20,"gold_loss":0,"cards_obtained":["Exhume","Seeing Red"]}],"is_beta":false,"boss_relics":[{"not_picked":["Fusion Hammer","Runic Pyramid"],"picked":"Sozu"}],"items_purged_floors":[8,21],"is_endless":false,"potions_floor_spawned":[1,10,16,18],"killed_by":"Snake Plant","ascension_level":15}}