{"host":"ai2zab3l3qrfb1vu","time":1608249941,"event":{"mods":["2.2 Compatiblity","Act Like it!","BaseMod","BetterRewards","Friendly Minions","Gensokyo","GifTheSpireLib","Highlight Path","Hubris","Infinite Spire","MarisaÅiñ∂âJÅ@ñÇóùçπÅj","Mimic Mod","Minty Spire (QoL Compilation)","Relic Filter","Replay The Spire","Shop Mod","StSLib","The Alterego","Wandering Minibosses","Åy?ï˚ìÒéü?çÏÅzî™â]éámod"],"gold_per_floor":[110,127,141,41,216,251,126,126,160,52,52,64,95,112,112,214,214,226,226,242,242,242,272,272,291,291,152,152,152,152],"floor_reached":29,"playtime":2635,"items_purged":["Defend_MRS","Strike_MRS","Doubt","Defend_MRS"],"score":351,"play_id":"4a88e225-a7e9-4b79-8f53-ed4dfe565693","local_time":"20201217170541","is_ascension_mode":false,"campfire_choices":[{"data":"UltimateShortwave","floor":11,"key":"SMITH"},{"data":"CasketOfStar","floor":15,"key":"SMITH"},{"data":"ReplayTheSpireMod:Echoes of Time","floor":24,"key":"SMITH"},{"data":"SprinkleStarSeal","floor":28,"key":"SMITH"}],"circlet_count":0,"master_deck":["Strike_MRS","Strike_MRS","Defend_MRS","Defend_MRS","MasterSpark","UpSweep","Singularity","Acceleration","UltimateShortwave+1","ChargingUp+1","Violence","CasketOfStar+1","MagicChant","ReplayTheSpireMod:Echoes of Time+1","SprinkleStarSeal+1"],"relics":["BewitchedHakkero","Replay:WaspNest","hubris:PeanutButter","Replay:Ringing Soul","Replay:Baseball","BargainBundle","MerchantsRug","Ancient Tea Set","Coffee Dripper","RampagingMagicTools","SlaversCollar","Philosopher\u0027s Stone","Gensokyo:RedStar","hubris:MobiusCoin","Ornamental Fan"],"acts_visited":["Exordium","Gensokyo:Gensokyoer"],"potions_floor_usage":[3,6,12,14,20,23,29],"damage_taken":[{"damage":0,"enemies":"Cultist","floor":1,"turns":3},{"damage":0,"enemies":"Jaw Worm","floor":2,"turns":3},{"damage":0,"enemies":"Small Slimes","floor":3,"turns":3},{"damage":40,"enemies":"3 Sentries","floor":6,"turns":7},{"damage":0,"enemies":"Red Slaver","floor":9,"turns":5},{"damage":3,"enemies":"Red Slaver","floor":12,"turns":5},{"damage":0,"enemies":"Lagavulin","floor":13,"turns":3},{"damage":0,"enemies":"2 Fungi Beasts","floor":14,"turns":2},{"damage":17,"enemies":"Hexaghost","floor":16,"turns":4},{"damage":0,"enemies":"Gensokyo:2_Gloops","floor":18,"turns":4},{"damage":7,"enemies":"Gensokyo:Chomper","floor":20,"turns":3},{"damage":33,"enemies":"Gensokyo:Koishi","floor":23,"turns":4},{"damage":27,"enemies":"Gensokyo:Wraith","floor":25,"turns":4},{"damage":25,"enemies":"Gensokyo:Slime_Group","floor":29,"turns":2}],"seed_played":"2023236712640043433","potions_obtained":[{"floor":1,"key":"BlessingOfTheForge"},{"floor":3,"key":"Adrenaline Potion"},{"floor":13,"key":"Explosive Potion"},{"floor":16,"key":"Energy Potion"},{"floor":18,"key":"Adrenaline Potion"}],"is_trial":false,"path_per_floor":["M","M","M","$","?","E","$","?","MIM","$","R","M","E","M","R","B",null,"M","AVR","M","?","?","E","R","M","T","$","R","M"],"character_chosen":"MARISA","items_purchased":["Singularity","Replay:WaspNest","hubris:PeanutButter","BargainBundle","Strawberry","DistilledChaos","BlessingOfTheForge","Elixir","MerchantsRug","Violence","Ornamental Fan"],"campfire_rested":0,"item_purchase_floors":[0,0,0,10,10,10,10,10,10,10,27],"current_hp_per_floor":[75,75,75,75,75,38,38,41,41,51,51,48,51,51,51,34,94,94,94,90,90,68,35,35,11,11,11,11,0,0],"gold":152,"neow_bonus":"","is_daily":false,"chose_seed":false,"campfire_upgraded":4,"win_rate":0.0,"timestamp":1608249941,"path_taken":["M","M","M","$","?","E","$","?","MIM","?","R","M","E","M","R","BOSS","M","AVR","M","?","?","E","R","M","T","$","R","?"],"items_purchased_type":["Card","Relic","Relic","Relic","Relic","Potion","Potion","Potion","Relic","Card","Relic"],"build_version":"2020-12-13","purchased_purges":4,"victory":false,"max_hp_per_floor":[75,75,75,75,75,78,78,81,81,91,91,91,94,94,94,94,94,94,94,97,97,100,100,100,103,103,103,103,103,103],"card_choices":[{"not_picked":["Singularity","DC"],"picked":"Acceleration","floor":1},{"not_picked":["AsteroidBelt","Singularity","WitchLeyline"],"picked":"SKIP","floor":2},{"not_picked":["MysteriousBeam","RefractionSpark","6A"],"picked":"SKIP","floor":3},{"not_picked":["ManaRampage","Acceleration"],"picked":"UltimateShortwave","floor":6},{"not_picked":["StarlightTyphoon","MilkyWay","ShootTheMoon"],"picked":"SKIP","floor":12},{"not_picked":["OneTimeOff","Occultation"],"picked":"CasketOfStar","floor":13},{"not_picked":["EarthLightRay","LuminesStrike","GalacticHalo"],"picked":"SKIP","floor":14},{"not_picked":["WitchOfGreed+1","Acceleration","MysteriousBeam+1"],"picked":"SKIP","floor":18},{"not_picked":["SporeBomb","GrandCross"],"picked":"MagicChant","floor":20},{"not_picked":["infinitespire:SealOfDarkness+","infinitespire:Punishment"],"picked":"ReplayTheSpireMod:Echoes of Time","floor":22},{"not_picked":["UnstableBomb","ShootingEcho","ManaConvection"],"picked":"SKIP","floor":23},{"not_picked":["DC","UnstableBomb"],"picked":"SprinkleStarSeal","floor":25}],"player_experience":550131,"relics_obtained":[{"floor":6,"key":"Replay:Ringing Soul"},{"floor":9,"key":"Replay:Baseball"},{"floor":13,"key":"Ancient Tea Set"},{"floor":23,"key":"hubris:MobiusCoin"}],"event_choices":[{"damage_healed":0,"gold_gain":175,"player_choice":"AGREE","damage_taken":0,"max_hp_gain":0,"max_hp_loss":0,"event_name":"Liars Game","floor":5,"gold_loss":0,"cards_obtained":["Doubt"]}],"is_beta":false,"boss_relics":[{"not_picked":["hubris:ScarierMask","Replay:Ancient Bell"],"picked":"Replay:Grab Bag"},{"not_picked":["Busted Crown","Sozu"],"picked":"Coffee Dripper"},{"not_picked":["Fusion Hammer","Ectoplasm"],"picked":"RampagingMagicTools"},{"not_picked":["Empty Cage","Kintsugi"],"picked":"SlaversCollar"},{"not_picked":["hubris:Stopwatch","Runic Pyramid"],"picked":"BewitchedHakkero"}],"items_purged_floors":[0,4,7,10],"is_endless":false,"potions_floor_spawned":[1,3,13,16,18],"killed_by":"Gensokyo:Slime_Group","ascension_level":0}}