{"host":"26mrfot5w7uj2ebc","time":1608313329,"event":{"mods":["AchievementEnabler","BaseMod","Colored Map","Minty Spire (QoL Compilation)"],"gold_per_floor":[116,66,83,83,99,99,99,117,117,117,145,159,179,10,10,112,112,126,138,154,174,184,204,204,220,220,220,236,236,7,7,7,103,103,117,127,147,147,147,147,165,184,262,68,101,101,119,134,134,134,134],"floor_reached":50,"playtime":2431,"items_purged":[],"score":607,"play_id":"9a8c73ea-aece-4c73-9e24-7f8248592ee3","local_time":"20201219024209","is_ascension_mode":false,"campfire_choices":[{"data":"Defragment","floor":6.0,"key":"SMITH"},{"floor":10.0,"key":"RECALL"},{"floor":15.0,"key":"REST"},{"floor":24.0,"key":"REST"},{"floor":29.0,"key":"REST"},{"data":"Machine Learning","floor":32.0,"key":"SMITH"},{"data":"Fission","floor":40.0,"key":"SMITH"},{"floor":49,"key":"REST"}],"circlet_count":0,"master_deck":["Zap","Dualcast","Defragment+1","Sweeping Beam","Ghostly Armor","Turbo","Conserve Battery","Ball Lightning","Electrodynamics","White Noise","Heatsinks","Machine Learning+1","Beam Cell+1","Skim","BootSequence+1","Ball Lightning+1","Capacitor","Stack","Aggregate","Melter+1","Stack","Fission+1","Ball Lightning+1","BootSequence+1","Melter+1","Hologram","Conserve Battery+1","Stack","White Noise+1","Steam Power","Loop","Force Field","Consume+1","Loop","Stack"],"relics":["Cracked Core","NeowsBlessing","Blue Candle","Matryoshka","Dead Branch","Pandora\u0027s Box","Nunchaku","Bottled Lightning","Sling","Whetstone","Vajra","Astrolabe","Bottled Tornado","Darkstone Periapt"],"acts_visited":["Exordium","TheCity","TheBeyond"],"potions_floor_usage":[48,50],"damage_taken":[{"damage":0.0,"enemies":"Cultist","floor":1.0,"turns":1.0},{"damage":0.0,"enemies":"Jaw Worm","floor":3.0,"turns":1.0},{"damage":0.0,"enemies":"Small Slimes","floor":5.0,"turns":1.0},{"damage":9.0,"enemies":"Gremlin Gang","floor":8.0,"turns":3.0},{"damage":30.0,"enemies":"Lagavulin","floor":11.0,"turns":6.0},{"damage":1.0,"enemies":"2 Fungi Beasts","floor":12.0,"turns":3.0},{"damage":6.0,"enemies":"Lots of Slimes","floor":13.0,"turns":3.0},{"damage":0.0,"enemies":"Slime Boss","floor":16.0,"turns":6.0},{"damage":3.0,"enemies":"Chosen","floor":18.0,"turns":4.0},{"damage":10.0,"enemies":"3 Byrds","floor":19.0,"turns":2.0},{"damage":11.0,"enemies":"3 Cultists","floor":20.0,"turns":3.0},{"damage":32.0,"enemies":"Shelled Parasite and Fungi","floor":21.0,"turns":4.0},{"damage":10.0,"enemies":"Centurion and Healer","floor":22.0,"turns":3.0},{"damage":0.0,"enemies":"Snake Plant","floor":23.0,"turns":3.0},{"damage":2.0,"enemies":"3 Cultists","floor":25.0,"turns":3.0},{"damage":10.0,"enemies":"Cultist and Chosen","floor":28.0,"turns":2.0},{"damage":66.0,"enemies":"Collector","floor":33.0,"turns":9.0},{"damage":20.0,"enemies":"3 Darklings","floor":35.0,"turns":4.0},{"damage":0.0,"enemies":"3 Shapes","floor":36.0,"turns":3.0},{"damage":0.0,"enemies":"Sphere and 2 Shapes","floor":37.0,"turns":5.0},{"damage":35.0,"enemies":"Writhing Mass","floor":41.0,"turns":5.0},{"damage":0.0,"enemies":"4 Shapes","floor":42.0,"turns":2.0},{"damage":18.0,"enemies":"Nemesis","floor":45.0,"turns":7.0},{"damage":35.0,"enemies":"Maw","floor":47.0,"turns":5.0},{"damage":23,"enemies":"Spire Growth","floor":48,"turns":4},{"damage":35,"enemies":"Awakened One","floor":50,"turns":8}],"seed_played":"1914722203298334081","potions_obtained":[{"floor":3.0,"key":"Dexterity Potion"},{"floor":11.0,"key":"LiquidMemories"},{"floor":19.0,"key":"Regen Potion"},{"floor":21.0,"key":"FairyPotion"},{"floor":23.0,"key":"Regen Potion"},{"floor":33.0,"key":"EntropicBrew"},{"floor":45.0,"key":"FairyPotion"},{"floor":48,"key":"EssenceOfSteel"}],"is_trial":false,"path_per_floor":["M","?","M","?","M","R","?","M","T","R","E","M","M","$","R","B",null,"M","M","M","M","M","M","R","M","T","?","M","R","$","T","R","B",null,"M","M","M","$","T","R","M","M","T","$","E","?","M","M","R","B"],"character_chosen":"DEFECT","items_purchased":["EssenceOfSteel","Weak Potion","Ball Lightning","Sling","Regen Potion","Loop","Block Potion","Force Field"],"campfire_rested":4,"item_purchase_floors":[14,14,14,30,30,44,44,44],"current_hp_per_floor":[75,75,75,63,63,63,63,54,54,54,24,23,17,17,39,39,75,72,62,51,19,14,14,36,43,43,43,33,55,55,55,55,4,75,55,55,55,55,55,55,20,20,20,20,2,2,5,7,29,0,0],"gold":134,"neow_bonus":"THREE_ENEMY_KILL","is_daily":false,"chose_seed":false,"campfire_upgraded":3,"win_rate":0.0,"timestamp":1608313329,"path_taken":["M","?","M","?","?","R","?","M","T","R","E","?","M","$","R","BOSS","M","M","?","M","M","M","R","M","T","?","?","R","?","?","R","BOSS","M","M","M","?","?","R","M","?","T","$","E","?","M","M","R","BOSS"],"items_purchased_type":["Potion","Potion","Card","Relic","Potion","Card","Potion","Card"],"build_version":"2020-12-13","purchased_purges":0,"victory":false,"max_hp_per_floor":[75,75,75,75,75,75,75,75,75,75,75,75,75,75,75,75,75,75,75,75,75,75,75,75,75,75,75,75,75,75,75,75,75,75,75,75,75,75,75,75,75,75,75,75,75,75,75,75,75,75,75],"card_choices":[{"not_picked":["Cold Snap","Chaos"],"picked":"Defragment","floor":1.0},{"not_picked":["Steam","Compile Driver"],"picked":"Melter","floor":3.0},{"not_picked":["Steam","Compile Driver"],"picked":"Sweeping Beam","floor":5.0},{"not_picked":["Steam Power","FTL"],"picked":"Turbo","floor":8.0},{"not_picked":["Barrage","Leap"],"picked":"Go for the Eyes","floor":11.0},{"not_picked":["Glacier","Turbo"],"picked":"Ball Lightning","floor":12.0},{"not_picked":["Glacier","Lockon"],"picked":"Conserve Battery","floor":13.0},{"not_picked":["Thunder Strike","Hyperbeam"],"picked":"Electrodynamics","floor":16.0},{"not_picked":["Streamline","Sunder"],"picked":"Skim","floor":18.0},{"not_picked":["Turbo","Chaos"],"picked":"BootSequence+1","floor":19.0},{"not_picked":["Beam Cell","Cold Snap+1"],"picked":"Ball Lightning","floor":20.0},{"not_picked":["Compile Driver+1","Ball Lightning"],"picked":"Capacitor","floor":21.0},{"not_picked":["Redo","Steam"],"picked":"Stack","floor":22.0},{"not_picked":["Darkness","BootSequence"],"picked":"Aggregate","floor":23.0},{"not_picked":["Stack+1","Genetic Algorithm"],"picked":"Melter+1","floor":25.0},{"not_picked":["Auto Shields","Compile Driver"],"picked":"Stack","floor":28.0},{"not_picked":["All For One","Meteor Strike"],"picked":"Fission","floor":33.0},{"not_picked":["Lockon","Gash+1"],"picked":"Hologram","floor":35.0},{"not_picked":["Steam+1","Streamline+1"],"picked":"Conserve Battery+1","floor":36.0},{"not_picked":["Redo","Streamline"],"picked":"Stack","floor":37.0},{"not_picked":["Machine Learning","Coolheaded"],"picked":"White Noise+1","floor":41.0},{"not_picked":["Ball Lightning+1","Compile Driver"],"picked":"Steam Power","floor":42.0},{"not_picked":["Redo","Sunder"],"picked":"Consume+1","floor":45.0},{"not_picked":["Streamline","Glacier"],"picked":"Loop","floor":47.0},{"not_picked":["Sweeping Beam","Genetic Algorithm+1"],"picked":"Stack","floor":48}],"player_experience":171793,"relics_obtained":[{"floor":9.0,"key":"Matryoshka"},{"floor":11.0,"key":"Dead Branch"},{"floor":26.0,"key":"Nunchaku"},{"floor":26.0,"key":"Bottled Lightning"},{"floor":31.0,"key":"Whetstone"},{"floor":31.0,"key":"Vajra"},{"floor":39.0,"key":"Bottled Tornado"},{"floor":45.0,"key":"Darkstone Periapt"}],"event_choices":[{"cards_removed":["Defend_B"],"damage_healed":0.0,"max_hp_gain":0.0,"max_hp_loss":0.0,"gold_gain":0.0,"event_name":"The Cleric","player_choice":"Card Removal","floor":2.0,"gold_loss":50.0,"damage_taken":0.0},{"damage_healed":0.0,"max_hp_gain":0.0,"max_hp_loss":0.0,"gold_gain":0.0,"event_name":"Scrap Ooze","player_choice":"Success","floor":4.0,"gold_loss":0.0,"damage_taken":12.0,"relics_obtained":["Blue Candle"]},{"cards_removed":["Melter"],"damage_healed":0.0,"max_hp_gain":0.0,"max_hp_loss":0.0,"gold_gain":0.0,"event_name":"NoteForYourself","player_choice":"Took Card","floor":7.0,"gold_loss":0.0,"damage_taken":0.0,"cards_obtained":["Ghostly Armor"]},{"cards_removed":["Go for the Eyes"],"damage_healed":0.0,"max_hp_gain":0.0,"max_hp_loss":0.0,"gold_gain":0.0,"event_name":"Wheel of Change","player_choice":"Card Removal","floor":27.0,"gold_loss":0.0,"damage_taken":0.0},{"cards_removed":["Ball Lightning"],"damage_healed":0.0,"max_hp_gain":0.0,"max_hp_loss":0.0,"gold_gain":0.0,"event_name":"Falling","player_choice":"Removed Attack","floor":46.0,"gold_loss":0.0,"damage_taken":0.0}],"is_beta":false,"boss_relics":[{"not_picked":["SlaversCollar","Coffee Dripper"],"picked":"Pandora\u0027s Box"},{"not_picked":["Busted Crown","Empty Cage"],"picked":"Astrolabe"}],"items_purged_floors":[],"is_endless":false,"potions_floor_spawned":[3,11,19,20,21,23,33,35,37,45,48],"killed_by":"Awakened One","ascension_level":0}}