{"host":"48v21mwuis3vmwwb","time":1608281462,"event":{"mods":["AchievementEnabler","BaseMod","Colored Map","Colored Powertips","Highlight Path","Minty Spire (QoL Compilation)","Rare Cards Sparkle"],"gold_per_floor":[119,119,134,147,147,180,198,230,254,269,280,280,298,317,317,419,419,433,450,450,469,488,488,488,488],"floor_reached":24,"playtime":2243,"items_purged":[],"score":214,"play_id":"7cebb56a-bc2e-4310-9460-3ced86e627b6","local_time":"20201218195102","is_ascension_mode":false,"campfire_choices":[{"floor":12,"key":"REST"},{"floor":15,"key":"REST"},{"floor":23,"key":"REST"}],"circlet_count":0,"master_deck":["Strike_G","Strike_G","Strike_G","Strike_G","Strike_G","Defend_G","Defend_G","Defend_G","Defend_G","Defend_G","Survivor","Neutralize","Infinite Blades","Blade Dance","A Thousand Cuts","Dash","All Out Attack","Envenom","Flying Knee","Corpse Explosion","Terror+1","Skewer+1","Poisoned Stab+1","Noxious Fumes","Bouncing Flask+1","Caltrops","Dagger Spray"],"relics":["Ring of the Snake","NeowsBlessing","Oddly Smooth Stone","PreservedInsect","Regal Pillow","Astrolabe","MutagenicStrength"],"acts_visited":["Exordium","TheCity"],"potions_floor_usage":[6,16,16,21,22],"damage_taken":[{"damage":0,"enemies":"Small Slimes","floor":1,"turns":1},{"damage":0,"enemies":"Cultist","floor":3,"turns":1},{"damage":0,"enemies":"Jaw Worm","floor":4,"turns":1},{"damage":9,"enemies":"Gremlin Nob","floor":6,"turns":4},{"damage":20,"enemies":"Lots of Slimes","floor":7,"turns":5},{"damage":18,"enemies":"3 Sentries","floor":8,"turns":4},{"damage":1,"enemies":"Blue Slaver","floor":10,"turns":4},{"damage":15,"enemies":"Exordium Wildlife","floor":11,"turns":4},{"damage":3,"enemies":"Looter","floor":13,"turns":4},{"damage":2,"enemies":"3 Louse","floor":14,"turns":4},{"damage":56,"enemies":"Slime Boss","floor":16,"turns":10},{"damage":29,"enemies":"2 Thieves","floor":18,"turns":3},{"damage":40,"enemies":"Shell Parasite","floor":19,"turns":6},{"damage":3,"enemies":"Snecko","floor":21,"turns":3},{"damage":16,"enemies":"Centurion and Healer","floor":22,"turns":6},{"damage":42,"enemies":"Shelled Parasite and Fungi","floor":24,"turns":4}],"seed_played":"7243209088806238671","potions_obtained":[{"floor":1,"key":"FairyPotion"},{"floor":3,"key":"Strength Potion"},{"floor":8,"key":"AttackPotion"},{"floor":11,"key":"SkillPotion"},{"floor":16,"key":"Block Potion"},{"floor":19,"key":"Poison Potion"},{"floor":22,"key":"CunningPotion"}],"is_trial":false,"path_per_floor":["M","?","M","M","$","E","M","E","T","M","M","R","M","M","R","B",null,"M","M","?","M","M","R","M"],"character_chosen":"THE_SILENT","items_purchased":[],"campfire_rested":3,"item_purchase_floors":[],"current_hp_per_floor":[70,70,70,70,70,61,41,23,23,22,7,43,40,38,70,14,70,41,1,1,21,5,41,0,0],"gold":488,"neow_bonus":"THREE_ENEMY_KILL","is_daily":false,"chose_seed":false,"campfire_upgraded":0,"win_rate":0.0,"timestamp":1608281462,"path_taken":["M","?","M","M","$","E","M","E","T","?","M","R","M","M","R","BOSS","M","M","?","M","M","R","M"],"items_purchased_type":[],"build_version":"2020-12-13","purchased_purges":0,"victory":false,"max_hp_per_floor":[70,70,70,70,70,70,70,70,70,70,70,70,70,70,70,70,70,70,70,70,70,70,70,70,70],"card_choices":[{"not_picked":["Flying Knee","Acrobatics"],"picked":"Infinite Blades","floor":1},{"not_picked":["Quick Slash","Blur"],"picked":"Blade Dance","floor":3},{"not_picked":["Slice","Outmaneuver"],"picked":"A Thousand Cuts","floor":4},{"not_picked":["Flechettes","Calculated Gamble"],"picked":"Dash","floor":6},{"not_picked":["Expertise","Infinite Blades"],"picked":"All Out Attack","floor":7},{"not_picked":["Prepared","Outmaneuver"],"picked":"Envenom","floor":8},{"not_picked":["Blade Dance","Backflip"],"picked":"Prepared","floor":10},{"not_picked":["Dodge and Roll","Quick Slash"],"picked":"Sucker Punch","floor":11},{"not_picked":["Leg Sweep","Dagger Throw"],"picked":"Flying Knee","floor":13},{"not_picked":["Deadly Poison","Sucker Punch"],"picked":"Unload","floor":14},{"not_picked":["Doppelganger","Glass Knife"],"picked":"Corpse Explosion","floor":16},{"not_picked":["Heel Hook+1","Dash"],"picked":"Noxious Fumes","floor":18},{"not_picked":["Endless Agony+1","Cloak And Dagger"],"picked":"Bouncing Flask+1","floor":19},{"not_picked":["Poisoned Stab","Blade Dance"],"picked":"Caltrops","floor":21},{"not_picked":["Flying Knee+1","PiercingWail"],"picked":"Dagger Spray","floor":22}],"player_experience":82505,"relics_obtained":[{"floor":6,"key":"Oddly Smooth Stone"},{"floor":8,"key":"PreservedInsect"},{"floor":9,"key":"Regal Pillow"}],"event_choices":[{"damage_healed":0,"gold_gain":0,"player_choice":"Ignored","damage_taken":0,"max_hp_gain":0,"max_hp_loss":0,"event_name":"Purifier","floor":2,"gold_loss":0},{"damage_healed":0,"gold_gain":0,"player_choice":"Inject Mutagens","damage_taken":0,"relics_obtained":["MutagenicStrength"],"max_hp_gain":0,"max_hp_loss":0,"event_name":"Drug Dealer","floor":20,"gold_loss":0}],"is_beta":false,"boss_relics":[{"not_picked":["Cursed Key","Coffee Dripper"],"picked":"Astrolabe"}],"items_purged_floors":[],"is_endless":false,"potions_floor_spawned":[1,3,8,11,13,14,16,19,22],"killed_by":"Shelled Parasite and Fungi","ascension_level":0}}