{"host":"rmsq46plbpwfbxcc","time":1608302756,"event":{"mods":["AchievementEnabler","BaseMod","Colored Map","DeckTracker","Minty Spire (QoL Compilation)","Permanent Neow","SuperFastMode"],"gold_per_floor":[117,135,60,76,76,76,37,66,66,97,97,111,111,131,131,202,202,221,231,263,263,263,263,313,313,359,359,386,386,311,311,311],"floor_reached":31,"playtime":909,"items_purged":[],"score":491,"play_id":"ae9d08ba-539c-43f6-a8db-73056af1e99d","local_time":"20201218234556","is_ascension_mode":true,"campfire_choices":[{"data":"Neutralize","floor":6,"key":"SMITH"},{"data":"Glass Knife","floor":11,"key":"SMITH"},{"floor":15,"key":"REST"},{"data":"Terror","floor":23,"key":"SMITH"},{"data":"Blade Dance","floor":25,"key":"SMITH"},{"data":"Cloak And Dagger","floor":27,"key":"SMITH"}],"circlet_count":0,"master_deck":["AscendersBane","Defend_G","Defend_G","Defend_G","Defend_G","Defend_G","Survivor","Neutralize+1","Dramatic Entrance","Cloak And Dagger+1","Blade Dance+1","PiercingWail","Footwork","Glass Knife+1","Choke","Terror+1","Tools of the Trade","CurseOfTheBell","Blur","Venomology","Bite","Bite","Bite","Bite"],"relics":["Ring of the Snake","Peace Pipe","Unceasing Top","Ice Cream","Prayer Wheel","Calling Bell","Potion Belt","Question Card","Ginger","Red Mask","Art of War","Juzu Bracelet"],"acts_visited":["Exordium","TheCity"],"potions_floor_usage":[8,10,18,18,20,20,28,28],"damage_taken":[{"damage":0,"enemies":"Small Slimes","floor":1,"turns":4},{"damage":0,"enemies":"Jaw Worm","floor":2,"turns":3},{"damage":0,"enemies":"Cultist","floor":4,"turns":4},{"damage":11,"enemies":"3 Sentries","floor":8,"turns":9},{"damage":19,"enemies":"Gremlin Nob","floor":10,"turns":4},{"damage":0,"enemies":"Looter","floor":12,"turns":3},{"damage":0,"enemies":"2 Fungi Beasts","floor":14,"turns":2},{"damage":29,"enemies":"Slime Boss","floor":16,"turns":10},{"damage":8,"enemies":"Spheric Guardian","floor":18,"turns":5},{"damage":0,"enemies":"Shell Parasite","floor":19,"turns":6},{"damage":26,"enemies":"Masked Bandits","floor":20,"turns":6},{"damage":13,"enemies":"Slavers","floor":28,"turns":6},{"damage":10,"enemies":"Snake Plant","floor":31,"turns":1}],"seed_played":"3849883530928117730","potions_obtained":[{"floor":2,"key":"LiquidMemories"},{"floor":8,"key":"SkillPotion"},{"floor":16,"key":"EntropicBrew"},{"floor":18,"key":"Weak Potion"},{"floor":20,"key":"Poison Potion"}],"is_trial":false,"path_per_floor":["M","M","?","M","$","R","$","E","T","E","R","M","?","M","R","B",null,"M","M","?","?","?","R","?","R","T","R","E","?","?","M"],"character_chosen":"THE_SILENT","items_purchased":["Footwork"],"campfire_rested":1,"item_purchase_floors":[7],"current_hp_per_floor":[59,59,59,59,59,59,59,48,48,29,29,29,11,11,30,1,50,42,42,16,16,16,16,16,16,16,16,3,3,3,0,0],"gold":311,"neow_bonus":"RANDOM_COLORLESS","is_daily":false,"chose_seed":false,"campfire_upgraded":5,"win_rate":0.0,"timestamp":1608302756,"path_taken":["M","M","?","M","$","R","$","E","T","E","R","M","?","?","R","BOSS","M","M","?","?","?","R","?","R","T","R","E","?","?","M"],"items_purchased_type":["Card"],"build_version":"2020-12-13","purchased_purges":0,"victory":false,"max_hp_per_floor":[66,66,66,66,66,66,66,66,66,66,66,66,66,66,66,66,66,66,66,66,66,66,66,66,66,66,66,66,46,46,46,46],"card_choices":[{"not_picked":["Impatience","Forethought"],"picked":"Dramatic Entrance","floor":0},{"not_picked":["Flying Knee","Underhanded Strike"],"picked":"Cloak And Dagger","floor":1},{"not_picked":["Glass Knife","Terror"],"picked":"Blade Dance","floor":2},{"not_picked":["Bane","Backflip"],"picked":"PiercingWail","floor":4},{"not_picked":["Acrobatics","Flechettes","Riddle With Holes"],"picked":"SKIP","floor":8},{"not_picked":["Outmaneuver","Cloak And Dagger"],"picked":"Glass Knife","floor":10},{"not_picked":["Well Laid Plans","All Out Attack"],"picked":"Choke","floor":12},{"not_picked":["Deflect","Flying Knee"],"picked":"Terror","floor":14},{"not_picked":["All Out Attack","Dagger Spray","PiercingWail"],"picked":"SKIP","floor":14},{"not_picked":["Malaise","Venomology"],"picked":"Tools of the Trade","floor":16},{"not_picked":["Prepared","Underhanded Strike+1","Choke"],"picked":"Blur","floor":18},{"not_picked":["Bane","Sucker Punch","Prepared","Glass Knife"],"picked":"SKIP","floor":18},{"not_picked":["Underhanded Strike","Outmaneuver","Calculated Gamble","Dodge and Roll"],"picked":"SKIP","floor":19},{"not_picked":["Sucker Punch+1","Underhanded Strike","Setup","Caltrops"],"picked":"SKIP","floor":19},{"not_picked":["Distraction","Catalyst","Acrobatics+1"],"picked":"Venomology","floor":28}],"player_experience":1331672,"relics_obtained":[{"floor":8,"key":"Peace Pipe"},{"floor":9,"key":"Unceasing Top"},{"floor":10,"key":"Ice Cream"},{"floor":17,"key":"Potion Belt"},{"floor":17,"key":"Question Card"},{"floor":17,"key":"Ginger"},{"floor":20,"key":"Red Mask"},{"floor":26,"key":"Art of War"},{"floor":28,"key":"Juzu Bracelet"}],"event_choices":[{"cards_removed":["Strike_G"],"damage_healed":0,"gold_gain":0,"player_choice":"Card Removal","damage_taken":0,"max_hp_gain":0,"max_hp_loss":0,"event_name":"The Cleric","floor":3,"gold_loss":75},{"damage_healed":0,"gold_gain":0,"player_choice":"Success","damage_taken":18,"relics_obtained":["Prayer Wheel"],"max_hp_gain":0,"max_hp_loss":0,"event_name":"Scrap Ooze","floor":13,"gold_loss":0},{"damage_healed":0,"gold_gain":0,"player_choice":"Fought Bandits","damage_taken":0,"max_hp_gain":0,"max_hp_loss":0,"event_name":"Masked Bandits","floor":20,"gold_loss":0},{"damage_healed":0,"gold_gain":0,"player_choice":"Ignored","damage_taken":0,"max_hp_gain":0,"max_hp_loss":0,"event_name":"Ghosts","floor":21,"gold_loss":0},{"damage_healed":0,"gold_gain":0,"player_choice":"Ignored","damage_taken":0,"max_hp_gain":0,"max_hp_loss":0,"event_name":"Cursed Tome","floor":22,"gold_loss":0},{"damage_healed":0,"gold_gain":50,"player_choice":"Stole From Cult","damage_taken":0,"max_hp_gain":0,"max_hp_loss":0,"event_name":"Nest","floor":24,"gold_loss":0},{"damage_healed":0,"gold_gain":0,"player_choice":"Became a vampire","damage_taken":0,"max_hp_gain":0,"max_hp_loss":20,"event_name":"Vampires","floor":29,"gold_loss":0,"cards_obtained":["Bite","Bite","Bite","Bite","Bite"]},{"cards_removed":["Bite"],"damage_healed":0,"gold_gain":0,"player_choice":"Gave Gold","damage_taken":0,"max_hp_gain":0,"max_hp_loss":0,"event_name":"Beggar","floor":30,"gold_loss":75}],"is_beta":false,"boss_relics":[{"not_picked":["Ectoplasm","SacredBark"],"picked":"Calling Bell"}],"items_purged_floors":[],"is_endless":false,"potions_floor_spawned":[2,8,16,18,20],"killed_by":"Snake Plant","ascension_level":16}}