{"host":"usewcu4ohw2wtmxk","time":1608284536,"event":{"mods":["AchievementEnabler","BaseMod","Colored Powertips","Minty Spire (QoL Compilation)","Permanent Neow","Quick Restart","Relic Stats","StSLib"],"gold_per_floor":[119,119,129,147,164,164,174,174,174,174,184,210,228,228,228,228,228],"floor_reached":16,"playtime":430,"items_purged":[],"score":208,"play_id":"1957672a-3977-4456-a696-734da0a521b2","local_time":"20201218174216","is_ascension_mode":true,"campfire_choices":[{"data":"Dualcast","floor":6.0,"key":"SMITH"},{"data":"Creative AI","floor":8,"key":"SMITH"},{"data":"Zap","floor":10,"key":"SMITH"},{"floor":15,"key":"REST"}],"circlet_count":0,"master_deck":["AscendersBane","Strike_B","Strike_B","Strike_B","Strike_B","Defend_B","Defend_B","Defend_B","Defend_B","Zap+1","Dualcast+1","Creative AI+1","Cold Snap","Seek","Hologram","Core Surge","Heatsinks","Recycle+1"],"relics":["Cracked Core","Happy Flower"],"acts_visited":["Exordium"],"potions_floor_usage":[7,11,16],"damage_taken":[{"damage":0.0,"enemies":"Cultist","floor":1.0,"turns":4.0},{"damage":0.0,"enemies":"2 Louse","floor":3.0,"turns":2.0},{"damage":0.0,"enemies":"Jaw Worm","floor":4.0,"turns":5.0},{"damage":31.0,"enemies":"Large Slime","floor":5.0,"turns":9.0},{"damage":13,"enemies":"Lots of Slimes","floor":7,"turns":5},{"damage":7,"enemies":"3 Louse","floor":11,"turns":3},{"damage":18,"enemies":"Lagavulin","floor":12,"turns":6},{"damage":7,"enemies":"Blue Slaver","floor":13,"turns":3},{"damage":24,"enemies":"Hexaghost","floor":16,"turns":9}],"seed_played":"8715879931585671482","potions_obtained":[{"floor":4.0,"key":"FocusPotion"},{"floor":5.0,"key":"Regen Potion"},{"floor":7,"key":"DistilledChaos"},{"floor":11,"key":"Strength Potion"},{"floor":13,"key":"Block Potion"}],"is_trial":false,"path_per_floor":["M","?","M","M","M","R","M","R","T","R","M","E","M","?","R","B"],"character_chosen":"DEFECT","items_purchased":[],"campfire_rested":1,"item_purchase_floors":[],"current_hp_per_floor":[64,64,64,64,33,33,34,34,34,34,27,9,2,2,23,0,0],"gold":228,"neow_bonus":"ONE_RANDOM_RARE_CARD","is_daily":false,"chose_seed":false,"campfire_upgraded":3,"win_rate":0.0,"timestamp":1608284536,"path_taken":["M","?","M","?","M","R","?","R","T","R","M","E","M","?","R","BOSS"],"items_purchased_type":[],"build_version":"2020-12-13","purchased_purges":0,"victory":false,"max_hp_per_floor":[71,71,71,71,71,71,71,71,71,71,71,71,71,71,71,71,71],"relic_stats":{"Happy Flower":[4],"counters":[9,46],"obtain_stats":[{"Happy Flower":12,"Cracked Core":0},{"Happy Flower":7,"Cracked Core":0},{"Happy Flower":34,"Cracked Core":0}]},"card_choices":[{"not_picked":["Heatsinks","Lockon"],"picked":"Cold Snap","floor":1.0},{"not_picked":["Hologram","FTL","Double Energy"],"picked":"SKIP","floor":3.0},{"not_picked":["Reprogram","Beam Cell","Conserve Battery"],"picked":"SKIP","floor":4.0},{"not_picked":["Cold Snap","Steam"],"picked":"Core Surge","floor":5.0},{"not_picked":["Steam","Heatsinks","Reinforced Body"],"picked":"SKIP","floor":7},{"not_picked":["Streamline","Cold Snap","Scrape"],"picked":"SKIP","floor":11},{"not_picked":["Leap","Self Repair"],"picked":"Heatsinks","floor":12},{"not_picked":["Self Repair","Undo"],"picked":"Recycle","floor":13}],"player_experience":289271,"relics_obtained":[{"floor":12,"key":"Happy Flower"}],"event_choices":[{"damage_healed":0.0,"max_hp_gain":0.0,"max_hp_loss":0.0,"gold_gain":0.0,"event_name":"Match and Keep!","player_choice":"2 cards matched","floor":2.0,"gold_loss":0.0,"damage_taken":0.0,"cards_obtained":["Seek","Hologram"]},{"damage_healed":0,"gold_gain":0,"player_choice":"Upgraded","damage_taken":0,"max_hp_gain":0,"max_hp_loss":0,"event_name":"Upgrade Shrine","floor":14,"gold_loss":0,"cards_upgraded":["Recycle"]}],"is_beta":false,"boss_relics":[],"items_purged_floors":[],"is_endless":false,"potions_floor_spawned":[4,5,7,11,13],"killed_by":"Hexaghost","ascension_level":20}}