{"host":"lgr0ufi017x11auv","time":1608328064,"event":{"mods":["AchievementEnabler","BaseMod","Better Third Choice","BetterRewards","Colored Map","Colored Powertips","Downfall","Gremlin Mod","Hubris","Hunter ??","Infinite Spire","Minty Spire (QoL Compilation)","Permanent Neow","Quick Restart","Rare Cards Sparkle","Relic Stats","Replay The Spire","Shop Mod","StSLib","The Dragon Tamer","The Necromancer","vexMod"],"gold_per_floor":[117,131,56,231,231,275,275,308,308,346,15,15,15,29,29,158,158,173,173,223,1,14,47,47,82,82,102,102,102,102,122,122,251,251,275,275,275,2,2,2,42,60,60,132,132,132,132,132,132,261,261,284,299,299,143,167,167,167,167,243,265,265,265,272,122,122,233,233,237,243,243,243,68,68,68,68,93,119,153,153,180,30,30,139,139,152,150,20,20,20,44,44,58,58,58,58,80,80,80,80,68,68],"floor_reached":101,"playtime":2275,"items_purged":["Strike_B","Strike_B","Strike_B","Strike_B","Dualcast","Parasite","Defend_B","Doubt","Capacitor+1"],"score":1745,"play_id":"ee3823f4-df42-441f-8385-7fe8958b488c","local_time":"20201218224744","is_ascension_mode":true,"campfire_choices":[{"data":"Zap","floor":7.0,"key":"SMITH"},{"floor":15.0,"key":"REST"},{"floor":24,"key":"REST"},{"floor":28,"key":"REST"},{"floor":30,"key":"REST"},{"floor":32,"key":"REST"},{"data":"Electrodynamics","floor":40,"key":"SMITH"},{"floor":45,"key":"REST"},{"data":"Biased Cognition","floor":49,"key":"SMITH"},{"floor":57,"key":"RECALL"},{"floor":59,"key":"REST"},{"floor":66,"key":"REST"},{"floor":74,"key":"REST"},{"floor":76,"key":"REST"},{"floor":83,"key":"REST"},{"floor":92,"key":"REST"},{"floor":96,"key":"REST"},{"floor":98,"key":"REST"},{"floor":100,"key":"REST"}],"circlet_count":0,"master_deck":["Defend_B+1","Defend_B+1","Zap+1","Ball Lightning+1","Defragment+1","Biased Cognition+1","Defragment+1","Electrodynamics+1","Self Repair+1","Defragment+1","Fission+1","Ball Lightning+1","Leap+1","Biased Cognition+1","Double Energy+1","hubris:InfiniteBlow+21","Creative AI+1","Electrodynamics+1","Sweeping Beam+1","Sweeping Beam+1","Reboot+1","infinitespire:FutureSight","infinitespire:Punishment","Reinforced Body+1"],"relics":["Cracked Core","NeowsBlessing","Golden Idol","Letter Opener","Question Card","Boot","Shuriken","Bronze Scales","Bag of Marbles","Inserter","Lantern","StoneCalendar","MealTicket","Symbiotic Virus","Sozu","Runic Capacitor","Busted Crown","Nuclear Battery","Calipers","Juzu Bracelet","Art of War","Mummified Hand","Gremlin Horn","hubris:Towel","Pantograph","Fusion Hammer","vexMod:PaidLearning","hubris:SphereOfDissonance","Quantum Egg","Replay:Grab Bag","hubris:TerracottaHorce","ReplayTheSpireMod:Onyx Gauntlets","hubris:HollowSoul","vexMod:BigBerry","hubris:BottledHeart","hubris:Icosahedron","Whetstone","Red Mask","Replay:WaspNest","Geode","Orichalcum","vexMod:MysteryBossChallenge","vexMod:DeviousBotling","ReplayTheSpireMod:CursedCoin","Replay:Wax Seal","Mark of the Bloom","Runic Pyramid","Frozen Egg 2","Replay:Mystery Machine","Replay:Ringing Soul"],"acts_visited":["TheBeyond","Exordium","TheCity","TheBeyond"],"potions_floor_usage":[],"damage_taken":[{"damage":0.0,"enemies":"Jaw Worm","floor":1.0,"turns":1.0},{"damage":0.0,"enemies":"Small Slimes","floor":2.0,"turns":1.0},{"damage":0.0,"enemies":"Gremlin Nob","floor":6.0,"turns":1.0},{"damage":31.0,"enemies":"3 Sentries","floor":8.0,"turns":5.0},{"damage":11.0,"enemies":"Lagavulin","floor":10.0,"turns":7.0},{"damage":0.0,"enemies":"2 Louse","floor":14.0,"turns":1.0},{"damage":35.0,"enemies":"The Guardian","floor":16.0,"turns":8.0},{"damage":34.0,"enemies":"2 Thieves","floor":18.0,"turns":3.0},{"damage":16.0,"enemies":"3 Byrds","floor":22.0,"turns":3.0},{"damage":31,"enemies":"Slavers","floor":23,"turns":3},{"damage":0,"enemies":"Gremlin Leader","floor":25,"turns":4},{"damage":37,"enemies":"Sentry and Sphere","floor":27,"turns":5},{"damage":15,"enemies":"Shelled Parasite and Fungi","floor":31,"turns":2},{"damage":19,"enemies":"Automaton","floor":33,"turns":6},{"damage":21,"enemies":"Orb Walker","floor":35,"turns":3},{"damage":21,"enemies":"Giant Head","floor":41,"turns":3},{"damage":20,"enemies":"3 Shapes","floor":42,"turns":4},{"damage":0,"enemies":"Replay:Hell Engine","floor":50,"turns":1},{"damage":0,"enemies":"Cultist","floor":52,"turns":1},{"damage":0,"enemies":"infinitespire:Voidling","floor":53,"turns":1},{"damage":0,"enemies":"Jaw Worm","floor":56,"turns":1},{"damage":47,"enemies":"Nightmare","floor":61,"turns":3},{"damage":0,"enemies":"Large Slime","floor":64,"turns":3},{"damage":3,"enemies":"The Guardian","floor":67,"turns":3},{"damage":0,"enemies":"Chosen","floor":69,"turns":2},{"damage":19,"enemies":"Shell Parasite","floor":70,"turns":2},{"damage":0,"enemies":"Masked Bandits","floor":78,"turns":1},{"damage":0,"enemies":"Replay:Snechameleon","floor":79,"turns":1},{"damage":0,"enemies":"Gremlin Leader","floor":81,"turns":3},{"damage":0,"enemies":"hubris:MusketHawk","floor":84,"turns":2},{"damage":0,"enemies":"Orb Walker","floor":86,"turns":1},{"damage":0,"enemies":"3 Darklings","floor":87,"turns":2},{"damage":0,"enemies":"Reptomancer","floor":91,"turns":2},{"damage":0,"enemies":"Writhing Mass","floor":93,"turns":1},{"damage":0,"enemies":"Maw","floor":97,"turns":1},{"damage":1,"enemies":"Time Eater","floor":101,"turns":2}],"seed_played":"-4912728063634604805","potions_obtained":[{"floor":6.0,"key":"Ancient Potion"},{"floor":14.0,"key":"AttackPotion"},{"floor":18.0,"key":"Regen Potion"},{"floor":23,"key":"SteroidPotion"}],"is_trial":false,"path_per_floor":["M","M","$","?","?","E","R","E","T","E","$","?","?","M","R","B",null,"M","?","?","$","M","E","R","E","T","M","R","AVR","R","M","R","B",null,"M","AVR","?","$","?","R","E","M","T","T","R","$","?","T","R","B",null,"M","M","?","$","M","R","?","R","T","NM","?","?","M","$","R","B",null,"M","M","?","?","$","R","?","R","T","?","E","?","E","$","R","B",null,"M","M","$","?","AVR","E","R","M","T","$","R","M","R","?","R","B"],"character_chosen":"DEFECT","items_purchased":["Defragment","Bronze Scales","Lantern","Capacitor","Juzu Bracelet","vexMod:PaidLearning","Orichalcum","ReplayTheSpireMod:CursedCoin","Replay:Wax Seal"],"campfire_rested":15,"item_purchase_floors":[11,11,21,21,38,55,82,88,88],"current_hp_per_floor":[75,75,75,75,57,57,57,26,26,15,15,15,15,15,37,2,75,41,41,41,41,44,13,35,45,45,18,40,40,62,47,69,60,75,64,64,64,75,75,75,64,54,54,54,75,75,75,75,75,75,75,75,75,75,75,75,75,75,75,75,28,31,52,62,72,72,69,101,101,82,102,1,1,1,1,1,1,1,1,1,1,1,1,1,1,1,1,1,1,1,1,1,1,1,1,1,1,1,1,1,0,0],"gold":68,"neow_bonus":"THREE_ENEMY_KILL","is_daily":false,"chose_seed":false,"campfire_upgraded":3,"win_rate":0.0,"timestamp":1608328064,"path_taken":["M","M","$","?","?","E","R","E","T","E","$","?","?","M","R","BOSS","M","?","?","$","M","E","R","E","T","?","R","AVR","R","?","R","BOSS","M","AVR","?","?","?","R","E","M","T","?","R","$","?","?","R","BOSS","M","M","?","$","M","R","?","R","T","NM","?","?","M","$","R","BOSS","M","M","?","?","?","R","?","R","T","?","E","?","E","$","R","BOSS","M","M","?","?","AVR","E","R","M","T","$","R","M","R","?","R","BOSS"],"items_purchased_type":["Card","Relic","Relic","Card","Relic","Relic","Relic","Relic","Relic"],"build_version":"2020-12-13","purchased_purges":9,"victory":false,"max_hp_per_floor":[75,75,75,75,75,75,75,75,75,75,75,75,75,75,75,75,75,75,75,75,75,75,75,75,75,75,75,75,75,75,75,75,75,75,75,75,75,75,75,75,75,75,75,75,75,75,75,75,75,75,75,75,75,75,75,75,75,75,75,75,75,75,75,75,72,72,72,102,102,102,102,1,1,1,1,1,1,1,1,1,1,1,1,1,1,1,1,1,1,1,1,1,1,1,1,1,1,1,1,1,1,1],"relic_stats":{"Mark of the Bloom":43,"Inserter":[30],"Gremlin Horn":[6,6],"counters":[27,63],"Golden Idol":220,"StoneCalendar":[0],"Juzu Bracelet":2,"Letter Opener":[68],"Whetstone":["Ball Lightning","hubris:InfiniteBlow"],"Orichalcum":[18],"Question Card":66,"Boot":[4],"Sozu":12,"Busted Crown":118,"Shuriken":[2],"Mummified Hand":[108],"Bronze Scales":[108],"Pantograph":0,"MealTicket":24,"Art of War":[7],"obtain_stats":[{"Mark of the Bloom":89,"Calipers":36,"Gremlin Horn":44,"Runic Capacitor":29,"Whetstone":77,"Boot":0,"hubris:TerracottaHorce":68,"Sozu":29,"Replay:Ringing Soul":94,"MealTicket":25,"Fusion Hammer":51,"vexMod:DeviousBotling":85,"Replay:Wax Seal":88,"ReplayTheSpireMod:CursedCoin":88,"Replay:Grab Bag":68,"hubris:SphereOfDissonance":60,"vexMod:MysteryBossChallenge":85,"hubris:HollowSoul":68,"vexMod:PaidLearning":55,"Letter Opener":0,"Question Card":0,"Shuriken":0,"hubris:BottledHeart":72,"Bronze Scales":0,"Symbiotic Virus":26,"vexMod:BigBerry":68,"Lantern":0,"StoneCalendar":23,"Juzu Bracelet":38,"Replay:Mystery Machine":91,"hubris:Icosahedron":75,"Mummified Hand":43,"Pantograph":48,"Red Mask":78,"Cracked Core":0,"Runic Pyramid":90,"Inserter":0,"NeowsBlessing":0,"Golden Idol":0,"Quantum Egg":61,"Replay:WaspNest":79,"Geode":81,"hubris:Towel":47,"Orichalcum":82,"Frozen Egg 2":90,"Nuclear Battery":36,"Busted Crown":34,"Bag of Marbles":0,"Art of War":41,"ReplayTheSpireMod:Onyx Gauntlets":68},{"Mark of the Bloom":23,"Calipers":6,"Gremlin Horn":8,"Runic Capacitor":3,"Whetstone":17,"Boot":0,"hubris:TerracottaHorce":15,"Sozu":3,"Replay:Ringing Soul":25,"MealTicket":2,"Fusion Hammer":9,"vexMod:DeviousBotling":21,"Replay:Wax Seal":23,"ReplayTheSpireMod:CursedCoin":23,"Replay:Grab Bag":15,"hubris:SphereOfDissonance":12,"vexMod:MysteryBossChallenge":21,"hubris:HollowSoul":15,"vexMod:PaidLearning":11,"Letter Opener":0,"Question Card":0,"Shuriken":0,"hubris:BottledHeart":17,"Bronze Scales":0,"Symbiotic Virus":2,"vexMod:BigBerry":15,"Lantern":0,"StoneCalendar":1,"Juzu Bracelet":6,"Replay:Mystery Machine":24,"hubris:Icosahedron":17,"Mummified Hand":8,"Pantograph":8,"Red Mask":18,"Cracked Core":0,"Runic Pyramid":23,"Inserter":0,"NeowsBlessing":0,"Golden Idol":0,"Quantum Egg":13,"Replay:WaspNest":19,"Geode":20,"hubris:Towel":8,"Orichalcum":20,"Frozen Egg 2":23,"Nuclear Battery":6,"Busted Crown":5,"Bag of Marbles":0,"Art of War":7,"ReplayTheSpireMod:Onyx Gauntlets":15},{"Mark of the Bloom":57,"Calipers":23,"Gremlin Horn":30,"Runic Capacitor":12,"Whetstone":47,"Boot":0,"hubris:TerracottaHorce":43,"Sozu":12,"Replay:Ringing Soul":60,"MealTicket":7,"Fusion Hammer":31,"vexMod:DeviousBotling":54,"Replay:Wax Seal":57,"ReplayTheSpireMod:CursedCoin":57,"Replay:Grab Bag":43,"hubris:SphereOfDissonance":34,"vexMod:MysteryBossChallenge":54,"hubris:HollowSoul":43,"vexMod:PaidLearning":33,"Letter Opener":0,"Question Card":0,"Shuriken":0,"hubris:BottledHeart":47,"Bronze Scales":0,"Symbiotic Virus":7,"vexMod:BigBerry":43,"Lantern":0,"StoneCalendar":3,"Juzu Bracelet":23,"Replay:Mystery Machine":59,"hubris:Icosahedron":47,"Mummified Hand":30,"Pantograph":30,"Red Mask":48,"Cracked Core":0,"Runic Pyramid":57,"Inserter":0,"NeowsBlessing":0,"Golden Idol":0,"Quantum Egg":37,"Replay:WaspNest":49,"Geode":52,"hubris:Towel":30,"Orichalcum":52,"Frozen Egg 2":57,"Nuclear Battery":23,"Busted Crown":20,"Bag of Marbles":0,"Art of War":26,"ReplayTheSpireMod:Onyx Gauntlets":43}]},"card_choices":[{"not_picked":["Compile Driver","Hologram"],"picked":"Ball Lightning","floor":1.0},{"not_picked":["Beam Cell","Double Energy","Storm"],"picked":"SKIP","floor":2.0},{"not_picked":["Barrage","Hologram"],"picked":"Defragment","floor":6.0},{"not_picked":["Hologram","Sweeping Beam"],"picked":"Biased Cognition","floor":8.0},{"not_picked":["FTL","Beam Cell","Streamline","Stack"],"picked":"SKIP","floor":10.0},{"not_picked":["Glacier","Rip and Tear","Aggregate","Steam Power"],"picked":"SKIP","floor":14.0},{"not_picked":["Hyperbeam","Amplify","Rainbow"],"picked":"Electrodynamics","floor":16.0},{"not_picked":["Steam","Sweeping Beam","Beam Cell"],"picked":"Self Repair+1","floor":18.0},{"not_picked":["Steam","Compile Driver","Stack"],"picked":"Defragment+1","floor":22.0},{"not_picked":["Fusion","Force Field+1","Skim+1"],"picked":"Fission","floor":23},{"not_picked":["Coolheaded+1","ReplayGash","Go for the Eyes"],"picked":"Ball Lightning+1","floor":25},{"not_picked":["Loop","hubris:PowerSurge","Barrage","Beam Cell"],"picked":"SKIP","floor":27},{"not_picked":["Redo","ReplayGash","Streamline"],"picked":"Leap+1","floor":31},{"not_picked":["Core Surge","Amplify","Seek"],"picked":"Biased Cognition","floor":33},{"not_picked":["Barrage"],"picked":"Double Energy+1","floor":35},{"not_picked":["Rip and Tear+1","ReplaySort"],"picked":"SKIP","floor":41},{"not_picked":["Cold Snap","Panic Button"],"picked":"SKIP","floor":42},{"not_picked":["Echo Form"],"picked":"Creative AI","floor":50},{"not_picked":["Rip and Tear","Ball Lightning"],"picked":"SKIP","floor":52},{"not_picked":["ReplaySort","Conserve Battery"],"picked":"SKIP","floor":53},{"not_picked":["Stack","Steam"],"picked":"SKIP","floor":56},{"not_picked":["BasicCrystalCard","Barrage"],"picked":"SKIP","floor":61},{"not_picked":["Compile Driver","Sweeping Beam"],"picked":"SKIP","floor":64},{"not_picked":["Creative AI"],"picked":"Electrodynamics","floor":67},{"not_picked":["Chill"],"picked":"Sweeping Beam+1","floor":69},{"not_picked":["Panic Button","Barrage+1"],"picked":"SKIP","floor":70},{"not_picked":["hubris:PowerSurge","Doom and Gloom"],"picked":"SKIP","floor":79},{"not_picked":["Barrage"],"picked":"Sweeping Beam","floor":81},{"not_picked":["Amplify"],"picked":"Reboot","floor":84},{"not_picked":["Sunder+1","Recycle+1"],"picked":"SKIP","floor":86},{"not_picked":["Sweeping Beam","Rebound"],"picked":"SKIP","floor":87},{"not_picked":["ReplayTheSpireMod:Book of Names","hubris:Fate"],"picked":"infinitespire:Punishment","floor":91},{"not_picked":["Heatsinks+1"],"picked":"Reinforced Body+1","floor":91},{"not_picked":["Rebound+1","Glacier+1"],"picked":"SKIP","floor":93},{"not_picked":["Sweeping Beam+1","Genetic Algorithm+1"],"picked":"SKIP","floor":97}],"player_experience":256689,"relics_obtained":[{"floor":6.0,"key":"Letter Opener"},{"floor":8.0,"key":"Question Card"},{"floor":9.0,"key":"Boot"},{"floor":10.0,"key":"Shuriken"},{"floor":23,"key":"StoneCalendar"},{"floor":25,"key":"MealTicket"},{"floor":26,"key":"Symbiotic Virus"},{"floor":41,"key":"Art of War"},{"floor":43,"key":"Mummified Hand"},{"floor":44,"key":"Gremlin Horn"},{"floor":48,"key":"Pantograph"},{"floor":60,"key":"hubris:SphereOfDissonance"},{"floor":61,"key":"Quantum Egg"},{"floor":77,"key":"Whetstone"},{"floor":78,"key":"Red Mask"},{"floor":79,"key":"Replay:WaspNest"},{"floor":81,"key":"Geode"},{"floor":91,"key":"Replay:Mystery Machine"},{"floor":94,"key":"Replay:Ringing Soul"}],"event_choices":[{"damage_healed":0.0,"max_hp_gain":0.0,"max_hp_loss":0.0,"gold_gain":175.0,"event_name":"Liars Game","player_choice":"AGREE","floor":4.0,"gold_loss":0.0,"damage_taken":0.0,"cards_obtained":["Doubt"]},{"damage_healed":0.0,"max_hp_gain":0.0,"max_hp_loss":0.0,"gold_gain":0.0,"event_name":"Golden Idol","player_choice":"Take Damage","floor":5.0,"gold_loss":0.0,"damage_taken":18.0,"relics_obtained":["Golden Idol"]},{"damage_healed":0.0,"max_hp_gain":0.0,"max_hp_loss":0.0,"gold_gain":0.0,"event_name":"Shining Light","player_choice":"Ignored","floor":12.0,"gold_loss":0.0,"damage_taken":0.0},{"damage_healed":0.0,"max_hp_gain":0.0,"max_hp_loss":0.0,"gold_gain":0.0,"event_name":"WeMeetAgain","player_choice":"Gave Potion","floor":13.0,"gold_loss":0.0,"damage_taken":0.0,"relics_obtained":["Bag of Marbles"]},{"cards_removed":["Doubt"],"damage_healed":0.0,"max_hp_gain":0.0,"max_hp_loss":0.0,"gold_gain":0.0,"event_name":"Back to Basics","player_choice":"Elegance","floor":19.0,"gold_loss":0.0,"damage_taken":0.0},{"damage_healed":0.0,"max_hp_gain":0.0,"max_hp_loss":0.0,"gold_gain":100.0,"event_name":"The Joust","player_choice":"Bet on Murderer","floor":20.0,"gold_loss":50.0,"damage_taken":0.0},{"damage_healed":0,"gold_gain":0,"player_choice":"Forge","damage_taken":0,"max_hp_gain":0,"max_hp_loss":0,"event_name":"Accursed Blacksmith","floor":37,"gold_loss":0,"cards_upgraded":["Fission"]},{"damage_healed":0,"gold_gain":0,"player_choice":"Ignored","damage_taken":0,"max_hp_gain":0,"max_hp_loss":0,"event_name":"Mysterious Sphere","floor":39,"gold_loss":0},{"damage_healed":0,"gold_gain":0,"player_choice":"Forge","damage_taken":0,"max_hp_gain":0,"max_hp_loss":0,"event_name":"Accursed Blacksmith","floor":62,"gold_loss":0,"cards_upgraded":["hubris:InfiniteBlow"]},{"damage_healed":18,"gold_gain":0,"player_choice":"Healed and dodged fight","damage_taken":0,"max_hp_gain":0,"max_hp_loss":0,"event_name":"Mushrooms","floor":63,"gold_loss":0,"cards_obtained":["Parasite"]},{"damage_healed":34,"gold_gain":0,"player_choice":"Heal","damage_taken":0,"max_hp_gain":0,"max_hp_loss":0,"event_name":"The Library","floor":71,"gold_loss":0},{"damage_healed":0,"gold_gain":0,"player_choice":"Fought Bandits","damage_taken":0,"max_hp_gain":0,"max_hp_loss":0,"event_name":"Masked Bandits","floor":78,"gold_loss":0},{"damage_healed":0,"gold_gain":0,"player_choice":"Got Potions","damage_taken":0,"max_hp_gain":0,"max_hp_loss":0,"event_name":"Lab","floor":80,"gold_loss":0},{"damage_healed":0,"gold_gain":0,"player_choice":"Upgrade","damage_taken":0,"relics_obtained":["Mark of the Bloom"],"max_hp_gain":0,"max_hp_loss":0,"event_name":"MindBloom","floor":89,"gold_loss":0,"cards_upgraded":["Defend_B","Defend_B","Defragment","Defragment","Capacitor","Biased Cognition","hubris:InfiniteBlow","Electrodynamics","Sweeping Beam","Reboot"]},{"damage_healed":0,"gold_gain":0,"player_choice":"Max HP","damage_taken":0,"max_hp_gain":0,"max_hp_loss":0,"event_name":"Winding Halls","floor":99,"gold_loss":0}],"is_beta":false,"boss_relics":[{"not_picked":["Snecko Eye","SlaversCollar"],"picked":"Inserter"},{"not_picked":["Runic Pyramid","Pandora\u0027s Box"],"picked":"Busted Crown"},{"not_picked":["Astrolabe","SacredBark"],"picked":"Fusion Hammer"},{"not_picked":["vexMod:DeviousBotling","ChewingGum"],"picked":"Replay:Grab Bag"},{"not_picked":["Runic Dome","Cursed Key"],"picked":"hubris:TerracottaHorce"},{"not_picked":["hubris:GrandSneckoEye","vexMod:EndlessSickness"],"picked":"ReplayTheSpireMod:Onyx Gauntlets"},{"not_picked":["Calling Bell","ReplayTheSpireMod:SealedPack"],"picked":"hubris:HollowSoul"},{"not_picked":["hubris:ScarierMask","hubris:Backtick"],"picked":"vexMod:BigBerry"},{"not_picked":["Astrolabe","Honey Jar"],"picked":"vexMod:MysteryBossChallenge"}],"items_purged_floors":[3,11,29,36,38,65,73,88,90],"is_endless":true,"potions_floor_spawned":[6,14,18,23,41,53,56,67,70,78,79,93,97],"killed_by":"Time Eater","ascension_level":2}}