{"host":"a7kkotolxcg5vljr","time":1608314906,"event":{"mods":["2.2 Compatiblity","AchievementEnabler","Act Like it!","BaseMod","Better Altar","Better Skull","Better Third Choice","Colored Map","Colored Powertips","Downfall","Hermit","Highlight Path","Marisa????????","Minty Spire (QoL Compilation)","Quick Restart","Rare Cards Sparkle","Replay The Spire","Spicy Shops","StSLib","The Cursed","The Disciple","The Servant 0.9.4"],"gold_per_floor":[114,114,27,27,202,202,220,220,220,254,271,271,291,291,291],"floor_reached":14,"playtime":199,"items_purged":[],"score":113,"play_id":"cbdc8f9d-3b87-4f3e-924d-212e429cd75d","local_time":"20201218130826","is_ascension_mode":false,"campfire_choices":[{"floor":6,"key":"RECALL"},{"data":"Dualcast","floor":8,"key":"SMITH"}],"circlet_count":0,"master_deck":["Strike_B","Strike_B","Strike_B","Strike_B","Defend_B","Defend_B","Defend_B","Defend_B","Zap+1","Dualcast+1","Redo","Static Discharge+1","Replay:DivineShield","Doubt","Beam Cell","Fusion","Genetic Algorithm","Redo"],"relics":["Cracked Core","NeowsBlessing","Iron Hammer","Counterbalance","Golden Idol"],"acts_visited":["Exordium"],"potions_floor_usage":[14,14],"damage_taken":[{"damage":0,"enemies":"Jaw Worm","floor":1,"turns":1},{"damage":0,"enemies":"2 Louse","floor":7,"turns":1},{"damage":0,"enemies":"3 Sentries","floor":10,"turns":1},{"damage":0,"enemies":"Small Slimes","floor":11,"turns":3},{"damage":12,"enemies":"Blue Slaver","floor":13,"turns":2},{"damage":29,"enemies":"Lagavulin","floor":14,"turns":5}],"seed_played":"-1134316536600057827","potions_obtained":[{"floor":10,"key":"FearPotion"},{"floor":11,"key":"Block Potion"}],"is_trial":false,"path_per_floor":["M","?","$","?","?","R","M","R","T","E","M","?","M","E"],"character_chosen":"DEFECT","items_purchased":["Static Discharge+1"],"campfire_rested":0,"item_purchase_floors":[3],"current_hp_per_floor":[75,75,75,58,58,58,58,58,58,58,58,40,28,0,0],"gold":291,"neow_bonus":"THREE_ENEMY_KILL","is_daily":false,"chose_seed":false,"campfire_upgraded":1,"win_rate":0.0,"timestamp":1608314906,"path_taken":["M","?","$","?","?","R","M","R","T","E","?","?","M","E"],"items_purchased_type":["Card"],"build_version":"2020-12-13","purchased_purges":0,"victory":false,"max_hp_per_floor":[75,75,75,75,75,75,75,75,75,75,75,75,75,75,75],"card_choices":[{"not_picked":["Rebound","Hologram"],"picked":"Redo","floor":1},{"not_picked":["Steam","Panic Button"],"picked":"Beam Cell","floor":7},{"not_picked":["Scrape","Sweeping Beam"],"picked":"Fusion","floor":10},{"not_picked":["ReplayTheSpireMod:GoodbyeWorld","ReplayTheSpireMod:Reroute Power"],"picked":"Genetic Algorithm","floor":11},{"not_picked":["Steam","BootSequence"],"picked":"Redo","floor":13}],"player_experience":356944,"relics_obtained":[{"floor":10,"key":"Counterbalance"}],"event_choices":[{"damage_healed":0,"gold_gain":0,"player_choice":"Grow","damage_taken":0,"max_hp_gain":0,"max_hp_loss":0,"event_name":"Living Wall","floor":2,"gold_loss":0,"cards_upgraded":["Zap"]},{"damage_healed":0,"gold_gain":175,"player_choice":"AGREE","damage_taken":27,"max_hp_gain":0,"max_hp_loss":0,"event_name":"betterThird:BetterSerpent","floor":5,"gold_loss":0},{"damage_healed":0,"gold_gain":0,"player_choice":"Take Damage","damage_taken":18,"relics_obtained":["Golden Idol"],"max_hp_gain":0,"max_hp_loss":0,"event_name":"Golden Idol","floor":12,"gold_loss":0}],"is_beta":false,"boss_relics":[],"items_purged_floors":[],"is_endless":false,"potions_floor_spawned":[10,11],"killed_by":"Lagavulin","ascension_level":0}}