{"host":"raai0vtvcfkt8csp","time":1608323238,"event":{"mods":["2.2 Compatiblity","BaseMod","Block Reminder","Booster Modes","DeckTracker","Defective Defect","Ekko","GifTheSpireLib","Minty Spire (QoL Compilation)","Quick Restart","Random Character Button","Rare Cards Sparkle","StSLib","Unceasing Turn Reminder"],"gold_per_floor":[118,131,131,131,146,146,146],"floor_reached":6,"playtime":566,"items_purged":[],"score":36,"play_id":"9bb74b39-0b2b-48df-ad97-72f07fb67f38","local_time":"20201218212718","is_ascension_mode":false,"campfire_choices":[],"circlet_count":0,"master_deck":["ekkoTheBoyWhoShatteredTime:Strike","ekkoTheBoyWhoShatteredTime:Strike","ekkoTheBoyWhoShatteredTime:Strike","ekkoTheBoyWhoShatteredTime:Strike","ekkoTheBoyWhoShatteredTime:Strike","ekkoTheBoyWhoShatteredTime:Defend","ekkoTheBoyWhoShatteredTime:Defend","ekkoTheBoyWhoShatteredTime:Defend","ekkoTheBoyWhoShatteredTime:Defend","ekkoTheBoyWhoShatteredTime:TimeMaster+1","ekkoTheBoyWhoShatteredTime:DefensiveStance+1","ekkoTheBoyWhoShatteredTime:Overflow+1","ekkoTheBoyWhoShatteredTime:Backtrack"],"relics":["ekkoTheBoyWhoShatteredTime:zDriveResonance"],"acts_visited":["Exordium"],"potions_floor_usage":[6],"damage_taken":[{"damage":2,"enemies":"Small Slimes","floor":1,"turns":5},{"damage":0,"enemies":"2 Louse","floor":2,"turns":4},{"damage":4,"enemies":"Cultist","floor":5,"turns":7},{"damage":26,"enemies":"Lagavulin","floor":6,"turns":20}],"seed_played":"3637935777855284978","potions_obtained":[{"floor":1,"key":"Strength Potion"},{"floor":5,"key":"ColorlessPotion"}],"is_trial":false,"path_per_floor":["M","M","?","?","M","E"],"character_chosen":"EKKO_THE_BOY_WHO_SHATTERED_TIME","items_purchased":[],"campfire_rested":0,"item_purchase_floors":[],"current_hp_per_floor":[83,83,66,66,62,36,36],"gold":146,"neow_bonus":"TEN_PERCENT_HP_BONUS","is_daily":false,"chose_seed":false,"campfire_upgraded":0,"win_rate":0.0,"timestamp":1608323238,"path_taken":["M","M","?","?","M","E"],"items_purchased_type":[],"build_version":"2020-12-13","purchased_purges":0,"victory":false,"max_hp_per_floor":[85,85,85,85,85,85,85],"card_choices":[{"not_picked":["ekkoTheBoyWhoShatteredTime:LoadUp","ekkoTheBoyWhoShatteredTime:HailOfBlades"],"picked":"ekkoTheBoyWhoShatteredTime:DefensiveStance","floor":1},{"not_picked":["ekkoTheBoyWhoShatteredTime:Greed","ekkoTheBoyWhoShatteredTime:NeedlesslyLargeRod"],"picked":"ekkoTheBoyWhoShatteredTime:Overflow","floor":2},{"not_picked":["ekkoTheBoyWhoShatteredTime:Leap","ekkoTheBoyWhoShatteredTime:Dash"],"picked":"ekkoTheBoyWhoShatteredTime:Backtrack","floor":5}],"player_experience":409231,"relics_obtained":[],"event_choices":[{"damage_healed":0,"gold_gain":0,"player_choice":"Entered Light","damage_taken":17,"max_hp_gain":0,"max_hp_loss":0,"event_name":"Shining Light","floor":3,"gold_loss":0,"cards_upgraded":["ekkoTheBoyWhoShatteredTime:TimeMaster","ekkoTheBoyWhoShatteredTime:DefensiveStance"]},{"damage_healed":0,"gold_gain":0,"player_choice":"Grow","damage_taken":0,"max_hp_gain":0,"max_hp_loss":0,"event_name":"Living Wall","floor":4,"gold_loss":0,"cards_upgraded":["ekkoTheBoyWhoShatteredTime:Overflow"]}],"is_beta":false,"boss_relics":[],"items_purged_floors":[],"is_endless":false,"potions_floor_spawned":[1,5],"killed_by":"Lagavulin","ascension_level":0}}