{"host":"utqe55yv0jihe4d6","time":1608251349,"event":{"mods":["2.2 Compatiblity","AchievementEnabler","BaseMod","Block Reminder","Colored Map","Colored Powertips","Minty Spire (QoL Compilation)","Quick Restart","Rare Cards Sparkle","Relic Stats","SuperFastMode"],"gold_per_floor":[110,110,120,140,192,221,48,48,48,48,48,61,93,112,112,186,186,196,196,209,226,226,226,253,253,277,297,26,39,39,39],"floor_reached":30,"playtime":793,"items_purged":["Strike_R"],"score":520,"play_id":"ad6c1abd-a02e-41c9-a10c-0745f4480fde","local_time":"20201217192909","is_ascension_mode":true,"campfire_choices":[{"data":"Wild Strike","floor":8.0,"key":"SMITH"},{"floor":15,"key":"REST"},{"data":"Barricade","floor":23,"key":"SMITH"},{"data":"Dark Embrace","floor":25,"key":"SMITH"}],"circlet_count":0,"master_deck":["AscendersBane","Strike_R","Strike_R","Strike_R","Strike_R+1","Defend_R","Defend_R","Defend_R","Defend_R","Bash+1","Pommel Strike","Wild Strike+1","Cleave","Juggernaut","Shockwave+1","Dark Embrace+1","Shrug It Off+1","True Grit+1","Havoc+1","Metallicize","Barricade+1","True Grit+1","Shrug It Off+1","Pommel Strike","Impervious+1","Sever Soul","Evolve","Shrug It Off+1","Seeing Red+1"],"relics":["Mark of Pain","Toxic Egg 2","Ancient Tea Set","CultistMask","Whetstone","Coffee Dripper","Smiling Mask","Blood Vial"],"acts_visited":["Exordium","TheCity"],"potions_floor_usage":[13,13,14,20,21,24,29],"damage_taken":[{"damage":1.0,"enemies":"2 Louse","floor":1.0,"turns":3.0},{"damage":4.0,"enemies":"Jaw Worm","floor":3.0,"turns":4.0},{"damage":1.0,"enemies":"Cultist","floor":4.0,"turns":3.0},{"damage":35.0,"enemies":"3 Sentries","floor":6.0,"turns":8.0},{"damage":4.0,"enemies":"2 Fungi Beasts","floor":12.0,"turns":4.0},{"damage":8,"enemies":"Gremlin Nob","floor":13,"turns":3},{"damage":2,"enemies":"Blue Slaver","floor":14,"turns":2},{"damage":33,"enemies":"The Guardian","floor":16,"turns":11},{"damage":24,"enemies":"Shell Parasite","floor":18,"turns":5},{"damage":5,"enemies":"2 Thieves","floor":20,"turns":4},{"damage":17,"enemies":"3 Cultists","floor":21,"turns":5},{"damage":15,"enemies":"Slavers","floor":24,"turns":7},{"damage":0,"enemies":"Centurion and Healer","floor":27,"turns":6},{"damage":15,"enemies":"Shelled Parasite and Fungi","floor":29,"turns":6},{"damage":18,"enemies":"Book of Stabbing","floor":30,"turns":2}],"seed_played":"-1814113189325072803","potions_obtained":[{"floor":6.0,"key":"Strength Potion"},{"floor":12.0,"key":"Strength Potion"},{"floor":13,"key":"HeartOfIron"},{"floor":16,"key":"Energy Potion"},{"floor":20,"key":"BloodPotion"},{"floor":21,"key":"BloodPotion"},{"floor":27,"key":"BlessingOfTheForge"}],"is_trial":false,"path_per_floor":["M","?","M","M","?","E","$","R","T","$","?","M","E","M","R","B",null,"M","?","M","M","?","R","E","R","T","M","$","M","E"],"character_chosen":"IRONCLAD","items_purchased":["Shockwave+1","Dark Embrace","Shrug It Off+1","Evolve","Shrug It Off+1","Regen Potion"],"campfire_rested":1,"item_purchase_floors":[7,7,7,28,28,28],"current_hp_per_floor":[67,72,68,67,67,32,32,32,32,32,32,28,20,18,42,9,62,38,15,10,10,10,10,12,12,12,14,14,16,0,0],"gold":39,"neow_bonus":"BOSS_RELIC","is_daily":false,"chose_seed":false,"campfire_upgraded":3,"win_rate":0.0,"timestamp":1608251349,"path_taken":["M","?","M","M","?","E","$","R","T","?","?","M","E","?","R","BOSS","M","?","M","M","?","R","E","R","T","M","$","?","E"],"items_purchased_type":["Card","Card","Card","Card","Card","Potion"],"build_version":"2020-12-13","purchased_purges":1,"victory":false,"max_hp_per_floor":[75,80,80,80,80,80,80,80,80,80,80,80,80,80,80,80,80,80,85,85,85,85,85,85,85,85,85,85,85,85,85],"relic_stats":{"Blood Vial":6,"counters":[15,73],"Whetstone":["Strike_R","Bash"],"Smiling Mask":25,"obtain_stats":[{"Blood Vial":26,"Mark of Pain":0,"CultistMask":11,"Coffee Dripper":17,"Whetstone":13,"Toxic Egg 2":6,"Ancient Tea Set":9,"Smiling Mask":24,"Burning Blood":0},{"Blood Vial":12,"Mark of Pain":0,"CultistMask":4,"Coffee Dripper":8,"Whetstone":6,"Toxic Egg 2":4,"Ancient Tea Set":4,"Smiling Mask":12,"Burning Blood":0},{"Blood Vial":59,"Mark of Pain":0,"CultistMask":18,"Coffee Dripper":38,"Whetstone":25,"Toxic Egg 2":18,"Ancient Tea Set":18,"Smiling Mask":59,"Burning Blood":0}]},"card_choices":[{"not_picked":["Wild Strike","Iron Wave"],"picked":"Pommel Strike","floor":1.0},{"not_picked":["Headbutt","Rampage"],"picked":"Wild Strike","floor":3.0},{"not_picked":["Armaments","Sword Boomerang"],"picked":"Cleave","floor":4.0},{"not_picked":["Flex+1","Sever Soul"],"picked":"Juggernaut","floor":6.0},{"not_picked":["Flex+1","Heavy Blade"],"picked":"True Grit+1","floor":12.0},{"not_picked":["Clash","Pommel Strike"],"picked":"Havoc+1","floor":13},{"not_picked":["Anger","Warcry+1"],"picked":"Metallicize","floor":14},{"not_picked":["Double Tap+1","Demon Form"],"picked":"Barricade","floor":16},{"not_picked":["Heavy Blade","Infernal Blade+1"],"picked":"True Grit+1","floor":18},{"not_picked":["Intimidate+1","Twin Strike"],"picked":"Shrug It Off+1","floor":20},{"not_picked":["Thunderclap","Rampage"],"picked":"Pommel Strike","floor":21},{"not_picked":["Havoc+1","Carnage"],"picked":"Impervious+1","floor":24},{"not_picked":["Sword Boomerang","Anger"],"picked":"Sever Soul","floor":27},{"not_picked":["Heavy Blade","Pommel Strike"],"picked":"Seeing Red+1","floor":29}],"player_experience":2794163,"relics_obtained":[{"floor":6.0,"key":"Toxic Egg 2"},{"floor":9.0,"key":"Ancient Tea Set"},{"floor":13,"key":"Whetstone"},{"floor":24,"key":"Smiling Mask"},{"floor":26,"key":"Blood Vial"}],"event_choices":[{"damage_healed":0.0,"max_hp_gain":5.0,"max_hp_loss":0.0,"gold_gain":0.0,"event_name":"Big Fish","player_choice":"Donut","floor":2.0,"gold_loss":0.0,"damage_taken":0.0},{"damage_healed":0.0,"max_hp_gain":0.0,"max_hp_loss":0.0,"gold_gain":52.0,"event_name":"Golden Wing","player_choice":"Gained Gold","floor":5.0,"gold_loss":0.0,"damage_taken":0.0},{"damage_healed":0.0,"max_hp_gain":0.0,"max_hp_loss":0.0,"gold_gain":0.0,"event_name":"FaceTrader","player_choice":"Trade","floor":11.0,"gold_loss":0.0,"damage_taken":0.0,"relics_obtained":["CultistMask"]},{"damage_healed":0,"gold_gain":0,"player_choice":"Shed Blood","damage_taken":28,"max_hp_gain":5,"max_hp_loss":0,"event_name":"Forgotten Altar","floor":19,"gold_loss":0},{"damage_healed":0,"gold_gain":0,"player_choice":"Ignored","damage_taken":0,"max_hp_gain":0,"max_hp_loss":0,"event_name":"The Mausoleum","floor":22,"gold_loss":0}],"is_beta":false,"boss_relics":[{"not_picked":["Runic Dome","Empty Cage"],"picked":"Coffee Dripper"}],"items_purged_floors":[28],"is_endless":false,"potions_floor_spawned":[6,12,13,16,20,21,27],"killed_by":"Book of Stabbing","ascension_level":20}}