{"host":"6yklbc9za0aylqsj","time":1608321059,"event":{"mods":["AchievementEnabler","BaseMod","Bestiary","Colored Map","Colored Powertips","Minty Spire (QoL Compilation)","Rare Cards Sparkle","Relic Stats","Slay-I","StSLib"],"gold_per_floor":[112,132,132,132,145,145,184,184,254,293,33,33,108,126,126,219,219,243,243,243,35,55,82,82,93,93,105,105,105,105,10,10,87,87,98,44,44,63,74,74,86,86,112,3,3,21,34,45,45,45,45],"floor_reached":50,"playtime":1627,"items_purged":["Strike_R"],"score":940,"play_id":"0b375c8c-9fb0-4d00-930f-b7f5c1ed927a","local_time":"20201218205059","is_ascension_mode":true,"campfire_choices":[{"data":"Headbutt","floor":6.0,"key":"SMITH"},{"data":"Spot Weakness","floor":8.0,"key":"SMITH"},{"data":"Apotheosis","floor":12.0,"key":"SMITH"},{"floor":15.0,"key":"REST"},{"floor":24.0,"key":"REST"},{"floor":28.0,"key":"REST"},{"floor":30.0,"key":"REST"},{"floor":32.0,"key":"REST"},{"data":"1","floor":40,"key":"LIFT"},{"floor":45,"key":"REST"},{"floor":49,"key":"REST"}],"circlet_count":0,"master_deck":["AscendersBane","Defend_R","Defend_R","Defend_R","Defend_R","Bash","Clash","Pommel Strike","Headbutt+1","Spot Weakness+1","Cleave","Seeing Red","Apotheosis+1","Sever Soul","Immolate","Sword Boomerang","RitualDagger","Metamorphosis","Rage","Power Through","Clash","Necronomicurse","Impatience","Impervious","Rampage+1","Corruption+1","Disarm+1","Metallicize","Violence","Shrug It Off"],"relics":["Burning Blood","NeowsBlessing","Akabeko","Kunai","Girya","Fusion Hammer","Nloth\u0027s Gift","Gremlin Horn","Darkstone Periapt","Necronomicon","Astrolabe","Art of War"],"acts_visited":["Exordium","TheCity","TheBeyond"],"potions_floor_usage":[39,50,50],"damage_taken":[{"damage":0.0,"enemies":"2 Louse","floor":1.0,"turns":1.0},{"damage":0.0,"enemies":"Small Slimes","floor":2.0,"turns":1.0},{"damage":0.0,"enemies":"Cultist","floor":5.0,"turns":1.0},{"damage":40.0,"enemies":"3 Sentries","floor":7.0,"turns":11.0},{"damage":5.0,"enemies":"Gremlin Nob","floor":10.0,"turns":3.0},{"damage":0.0,"enemies":"3 Louse","floor":14.0,"turns":1.0},{"damage":13.0,"enemies":"Hexaghost","floor":16.0,"turns":7.0},{"damage":20.0,"enemies":"Shell Parasite","floor":18.0,"turns":3.0},{"damage":5.0,"enemies":"Spheric Guardian","floor":22.0,"turns":3.0},{"damage":33.0,"enemies":"Gremlin Leader","floor":23.0,"turns":5.0},{"damage":33.0,"enemies":"Snake Plant","floor":25.0,"turns":4.0},{"damage":12.0,"enemies":"Cultist and Chosen","floor":27.0,"turns":4.0},{"damage":24.0,"enemies":"Champ","floor":33.0,"turns":8.0},{"damage":13,"enemies":"Orb Walker","floor":35,"turns":2},{"damage":9,"enemies":"3 Shapes","floor":38,"turns":3},{"damage":20,"enemies":"3 Darklings","floor":39,"turns":3},{"damage":7,"enemies":"Transient","floor":41,"turns":6},{"damage":23,"enemies":"Sphere and 2 Shapes","floor":46,"turns":5},{"damage":28,"enemies":"4 Shapes","floor":47,"turns":1},{"damage":22,"enemies":"Writhing Mass","floor":48,"turns":5},{"damage":53,"enemies":"Time Eater","floor":50,"turns":10}],"seed_played":"-6388191992011465550","potions_obtained":[{"floor":2.0,"key":"SpeedPotion"},{"floor":7.0,"key":"DistilledChaos"},{"floor":14.0,"key":"Weak Potion"},{"floor":16.0,"key":"Fire Potion"},{"floor":25.0,"key":"SpeedPotion"},{"floor":27.0,"key":"DistilledChaos"},{"floor":33.0,"key":"ElixirPotion"},{"floor":41,"key":"Fire Potion"}],"is_trial":false,"path_per_floor":["M","M","?","?","M","R","E","R","T","E","$","R","?","M","R","B",null,"M","?","?","$","M","E","R","M","T","M","R","?","R","$","R","B",null,"M","$","?","M","M","R","M","?","T","$","R","M","M","M","R","B"],"character_chosen":"IRONCLAD","items_purchased":["Apotheosis","Metamorphosis","Impatience","BloodPotion","PowerPotion","Shrug It Off"],"campfire_rested":7,"item_purchase_floors":[11,21,31,36,44,44],"current_hp_per_floor":[74,75,49,49,55,55,21,21,21,22,22,22,11,17,39,32,64,50,44,44,44,45,18,40,13,13,7,29,14,38,38,62,44,72,65,65,65,62,48,48,47,47,47,47,70,53,31,15,38,0,0],"gold":45,"neow_bonus":"THREE_ENEMY_KILL","is_daily":false,"chose_seed":false,"campfire_upgraded":3,"win_rate":0.0,"timestamp":1608321059,"path_taken":["M","M","?","?","?","R","E","R","T","E","$","R","?","M","R","BOSS","M","?","?","$","M","E","R","M","T","?","R","?","R","$","R","BOSS","M","$","?","M","M","R","M","?","T","?","R","?","M","M","R","BOSS"],"items_purchased_type":["Card","Card","Card","Potion","Potion","Card"],"build_version":"2020-12-13","purchased_purges":1,"victory":false,"max_hp_per_floor":[75,75,75,75,75,75,75,75,75,75,75,75,75,75,75,75,75,75,75,75,75,75,75,75,75,75,75,75,81,81,81,81,81,81,81,81,77,77,77,77,77,77,77,77,77,77,77,77,77,77,77],"relic_stats":{"Darkstone Periapt":6,"Gremlin Horn":[6,6],"counters":[21,87],"Astrolabe":["Rampage","Corruption","Disarm"],"Nloth\u0027s Gift":2,"Necronomicon":[20],"Art of War":[3],"Kunai":[34],"obtain_stats":[{"Darkstone Periapt":26,"Girya":10,"NeowsBlessing":0,"Gremlin Horn":23,"Golden Idol":3,"Astrolabe":34,"Burning Blood":0,"Akabeko":7,"Fusion Hammer":17,"Nloth\u0027s Gift":20,"Necronomicon":29,"Art of War":43,"Kunai":9},{"Darkstone Periapt":11,"Girya":5,"NeowsBlessing":0,"Gremlin Horn":10,"Golden Idol":2,"Astrolabe":13,"Burning Blood":0,"Akabeko":4,"Fusion Hammer":7,"Nloth\u0027s Gift":8,"Necronomicon":12,"Art of War":17,"Kunai":4},{"Darkstone Periapt":40,"Girya":17,"NeowsBlessing":0,"Gremlin Horn":36,"Golden Idol":2,"Astrolabe":52,"Burning Blood":0,"Akabeko":14,"Fusion Hammer":25,"Nloth\u0027s Gift":28,"Necronomicon":44,"Art of War":66,"Kunai":14}],"Burning Blood":115},"card_choices":[{"not_picked":["Body Slam","Perfected Strike"],"picked":"Clash","floor":1.0},{"not_picked":["Evolve","Warcry"],"picked":"Pommel Strike","floor":2.0},{"not_picked":["Flex","Combust"],"picked":"Spot Weakness","floor":5.0},{"not_picked":["Heavy Blade","Feed"],"picked":"Cleave","floor":7.0},{"not_picked":["Iron Wave","Sword Boomerang"],"picked":"Seeing Red","floor":10.0},{"not_picked":["Sword Boomerang","Clothesline"],"picked":"Sever Soul","floor":14.0},{"not_picked":["Fiend Fire","Impervious"],"picked":"Immolate","floor":16.0},{"not_picked":["True Grit","Twin Strike"],"picked":"Sword Boomerang","floor":18.0},{"not_picked":["Anger","Combust","Thunderclap"],"picked":"SKIP","floor":22.0},{"not_picked":["Fire Breathing","Sentinel"],"picked":"Rage","floor":23.0},{"not_picked":["Rampage+1","Twin Strike"],"picked":"Power Through","floor":25.0},{"not_picked":["Bloodletting","Double Tap"],"picked":"Clash","floor":27.0},{"not_picked":["Brutality","Corruption"],"picked":"Impervious","floor":33.0},{"not_picked":["Twin Strike+1","Double Tap","Pommel Strike"],"picked":"SKIP","floor":35},{"not_picked":["Cleave","Carnage","Thunderclap"],"picked":"SKIP","floor":38},{"not_picked":["Disarm","Pommel Strike+1","Evolve"],"picked":"SKIP","floor":39},{"not_picked":["Feed","Pummel"],"picked":"Metallicize","floor":41},{"not_picked":["Magnetism","Dark Shackles"],"picked":"Violence","floor":42},{"not_picked":["Headbutt","Perfected Strike+1","Dropkick"],"picked":"SKIP","floor":46},{"not_picked":["Twin Strike","Evolve+1","Headbutt"],"picked":"SKIP","floor":47},{"not_picked":["Cleave","Body Slam","Sentinel"],"picked":"SKIP","floor":48}],"player_experience":666890,"relics_obtained":[{"floor":7.0,"key":"Akabeko"},{"floor":9.0,"key":"Kunai"},{"floor":10.0,"key":"Girya"},{"floor":23.0,"key":"Gremlin Horn"},{"floor":26.0,"key":"Darkstone Periapt"},{"floor":29.0,"key":"Necronomicon"},{"floor":43,"key":"Art of War"}],"event_choices":[{"damage_healed":0.0,"max_hp_gain":0.0,"max_hp_loss":0.0,"gold_gain":0.0,"event_name":"Golden Idol","player_choice":"Take Damage","floor":3.0,"gold_loss":0.0,"damage_taken":26.0,"relics_obtained":["Golden Idol"]},{"damage_healed":0.0,"max_hp_gain":0.0,"max_hp_loss":0.0,"gold_gain":0.0,"cards_transformed":["Strike_R"],"event_name":"Transmorgrifier","player_choice":"Transformed","floor":4.0,"gold_loss":0.0,"damage_taken":0.0,"cards_obtained":["Headbutt"]},{"damage_healed":0.0,"max_hp_gain":0.0,"max_hp_loss":0.0,"gold_gain":75.0,"event_name":"World of Goop","player_choice":"Gather Gold","floor":13.0,"gold_loss":0.0,"damage_taken":11.0},{"damage_healed":0.0,"max_hp_gain":0.0,"max_hp_loss":0.0,"gold_gain":0.0,"event_name":"Nest","player_choice":"Joined the Cult","floor":19.0,"gold_loss":0.0,"damage_taken":6.0,"cards_obtained":["RitualDagger"]},{"damage_healed":0.0,"max_hp_gain":0.0,"max_hp_loss":0.0,"gold_gain":0.0,"event_name":"N\u0027loth","player_choice":"Traded Relic","floor":20.0,"relics_lost":["Golden Idol"],"gold_loss":0.0,"damage_taken":0.0,"relics_obtained":["Nloth\u0027s Gift"]},{"damage_healed":0.0,"max_hp_gain":0.0,"max_hp_loss":0.0,"gold_gain":0.0,"event_name":"Cursed Tome","player_choice":"Obtained Book","floor":29.0,"gold_loss":0.0,"damage_taken":21.0},{"damage_healed":0,"gold_gain":0,"player_choice":"Max HP","damage_taken":0,"max_hp_gain":0,"max_hp_loss":4,"event_name":"Winding Halls","floor":37,"gold_loss":0},{"damage_healed":0,"gold_gain":0,"player_choice":"Memory 1","damage_taken":0,"max_hp_gain":0,"max_hp_loss":0,"event_name":"SensoryStone","floor":42,"gold_loss":0}],"is_beta":false,"boss_relics":[{"not_picked":["Ectoplasm","Empty Cage"],"picked":"Fusion Hammer"},{"not_picked":["Philosopher\u0027s Stone","SacredBark"],"picked":"Astrolabe"}],"items_purged_floors":[11],"is_endless":false,"potions_floor_spawned":[2,7,14,16,25,27,33,41,46],"killed_by":"Time Eater","ascension_level":20}}