{"host":"ml80p9p157c7xd90","time":1608330107,"event":{"mods":["2.2 Compatiblity","Act Like it!","Ascension Unlocker","Aspiration","BaseMod","Better Altar","Better Match","Better Note","Better Sensory Stone","Better Skull","Better Third Choice","CapriCore","Colored Map","Conspire","Friendly Minions","Gensokyo","Halation","Minty Spire (QoL Compilation)","Pale of the Ancients","Replay The Spire","StSLib","TheBandit","Wandering Minibosses"],"gold_per_floor":[112,143,143,57,57,82,82,115,115,128,128,128,146,159,159,233,233,247,247,265,265,277,277,277],"floor_reached":22,"playtime":980,"items_purged":[],"score":368,"play_id":"d487bc07-c806-4af0-9e78-d3bcf5760fdb","local_time":"20201218152147","is_ascension_mode":true,"campfire_choices":[{"data":"wariomod:DropBash","floor":7,"key":"SMITH"},{"data":"wariomod:BoomAndDoom","floor":12,"key":"SMITH"},{"data":"wariomod:Step","floor":15,"key":"SMITH"}],"circlet_count":0,"master_deck":["AscendersBane","wariomod:Strike","wariomod:Strike","wariomod:Strike","wariomod:Strike","wariomod:Defend","wariomod:Defend","wariomod:Defend","wariomod:Defend","wariomod:Step+1","wariomod:Leap","wariomod:DropBash+1","Pain","wariomod:SilenceBombs","wariomod:Bombshield","wariomod:SilenceBombs","wariomod:BoomAndDoom+1","wariomod:EnergizedBombs"],"relics":["wariomod:TheHat","NeowsBlessing","Gensokyo:PerfectCherryBlossom","Gensokyo:PortableGap","Bag of Marbles","Iron Hammer","HornCleat","Gensokyo:OccultBall","Replay:Bronze Core"],"acts_visited":["Gensokyo:Gensokyo","Gensokyo:Gensokyoer"],"potions_floor_usage":[22],"damage_taken":[{"damage":0,"enemies":"Gensokyo:3_Fairies","floor":1,"turns":2},{"damage":4,"enemies":"Gensokyo:Mamizou","floor":6,"turns":3},{"damage":6,"enemies":"Gensokyo:Cirno","floor":8,"turns":3},{"damage":0,"enemies":"Gensokyo:Gryphon","floor":10,"turns":3},{"damage":0,"enemies":"Gensokyo:Python","floor":13,"turns":3},{"damage":8,"enemies":"Gensokyo:CorruptedTreant","floor":14,"turns":3},{"damage":13,"enemies":"Gensokyo:Reimu","floor":16,"turns":7},{"damage":21,"enemies":"Gensokyo:3_Dogs","floor":18,"turns":7},{"damage":0,"enemies":"Gensokyo:2_Gloops","floor":20,"turns":3},{"damage":41,"enemies":"Gensokyo:Wraith","floor":22,"turns":6}],"seed_played":"-2380375021188429150","potions_obtained":[{"floor":2,"key":"conspire:TimeTravelPotion"},{"floor":6,"key":"Fire Potion"}],"is_trial":false,"path_per_floor":["M","?","?","$","?","E","R","E","T","M","?","R","M","M","R","B",null,"M","?","M","?","M"],"character_chosen":"THE_BANDIT","items_purchased":["wariomod:SilenceBombs"],"campfire_rested":0,"item_purchase_floors":[4],"current_hp_per_floor":[65,72,72,72,65,61,61,55,55,55,55,55,55,47,47,34,57,36,36,36,37,11,11,11],"gold":277,"neow_bonus":"THREE_ENEMY_KILL","is_daily":false,"chose_seed":false,"campfire_upgraded":3,"win_rate":0.0,"timestamp":1608330107,"path_taken":["M","?","?","?","?","E","R","E","T","M","?","R","M","M","R","BOSS","M","?","M","?","?"],"items_purchased_type":["Card"],"build_version":"2020-12-13","purchased_purges":0,"victory":false,"max_hp_per_floor":[72,79,79,79,65,65,65,65,65,65,65,65,65,65,65,65,65,65,65,65,65,65,65,65],"card_choices":[{"not_picked":["wariomod:Game","wariomod:DisarmingMoves"],"picked":"wariomod:DropBash","floor":1},{"not_picked":["wariomod:Smackflip","wariomod:BoomBoom"],"picked":"wariomod:SilenceBombs","floor":2},{"not_picked":["wariomod:Game","wariomod:SpaceSwap"],"picked":"wariomod:Bombshield","floor":2},{"not_picked":["wariomod:DamnedStrength","wariomod:Enshrine"],"picked":"wariomod:DeadlyDash","floor":6},{"not_picked":["wariomod:SmallSprint","wariomod:Boomsmack"],"picked":"wariomod:BoomAndDoom","floor":8},{"not_picked":["wariomod:ChargeForth","wariomod:DeepDig","wariomod:SpaceSwap"],"picked":"SKIP","floor":10},{"not_picked":["wariomod:Immortalize","wariomod:ChargeForth","wariomod:ThatsNotAll"],"picked":"SKIP","floor":13},{"not_picked":["wariomod:BoomBoom","wariomod:ChargeForth","wariomod:DonateDraw"],"picked":"SKIP","floor":14},{"not_picked":["wariomod:FabulousPrizes","wariomod:VeryLongJump"],"picked":"wariomod:EnergizedBombs","floor":16},{"not_picked":["wariomod:RacingSpeed+1","wariomod:SmackSlam","wariomod:Smackflip"],"picked":"SKIP","floor":18},{"not_picked":["wariomod:BlastDash+1","wariomod:Game+1","wariomod:ChargeForth"],"picked":"SKIP","floor":20},{"not_picked":["wariomod:TrekTime","wariomod:GreaterGuard","wariomod:ThatsNotAll"],"picked":"SKIP","floor":22}],"player_experience":372652,"relics_obtained":[{"floor":2,"key":"Strawberry"},{"floor":6,"key":"Bag of Marbles"},{"floor":8,"key":"Iron Hammer"},{"floor":9,"key":"HornCleat"},{"floor":16,"key":"Gensokyo:OccultBall"},{"floor":18,"key":"Gensokyo:OccultBall"}],"event_choices":[{"damage_healed":1,"gold_gain":0,"player_choice":"LEAVE ","damage_taken":0,"relics_obtained":[],"max_hp_gain":0,"max_hp_loss":0,"event_name":"betterSkull:BetterSkull","floor":21,"gold_loss":0,"cards_upgraded":[]}],"is_beta":false,"boss_relics":[{"not_picked":["Tiny House","Painkiller Herb"],"picked":"Replay:Bronze Core"}],"items_purged_floors":[],"is_endless":false,"potions_floor_spawned":[6,16,18],"killed_by":"Gensokyo:Wraith","ascension_level":20}}