{"host":"2n2g1vowfllvjtvi","time":1608325652,"event":{"mods":["AchievementEnabler","BaseMod","Custom Start","GifTheSpireLib","Keyboard Shortcuts","Minty Spire (QoL Compilation)","Quick Restart","Rare Cards Sparkle","StSLib","SuperFastMode"],"gold_per_floor":[114,39,39,39,53,53,128,128,199,217,217,117,117,136,136,213,213,226,101,101,116,116,116,145,157,193,216,240,23,23,43,43,114,114,129,61,74,0,0,0,33,33,57,91,91,91,41,58,58,58,58],"floor_reached":50,"playtime":939,"items_purged":["Strike_R","Strike_R","Strike_R","Defend_R"],"score":978,"play_id":"602a587f-e6fa-432d-8177-5abb16098129","local_time":"20201219060732","is_ascension_mode":true,"campfire_choices":[{"data":"Body Slam","floor":6.0,"key":"SMITH"},{"data":"Feel No Pain","floor":8.0,"key":"SMITH"},{"data":"Flame Barrier","floor":11.0,"key":"SMITH"},{"data":"Bash","floor":13.0,"key":"SMITH"},{"data":"Blood for Blood","floor":15.0,"key":"SMITH"},{"data":"Dark Embrace","floor":23.0,"key":"SMITH"},{"data":"Berserk","floor":30.0,"key":"SMITH"},{"data":"Bloodletting","floor":32.0,"key":"SMITH"},{"data":"Offering","floor":40.0,"key":"SMITH"},{"floor":45.0,"key":"REST"},{"floor":49,"key":"REST"}],"circlet_count":0,"master_deck":["AscendersBane","Defend_R","Defend_R","Defend_R","Bash+1","Body Slam+1","Feel No Pain+1","Hemokinesis+1","Flame Barrier+1","Blood for Blood+1","Dark Embrace+1","Limit Break","Ghostly Armor","Flame Barrier","Bloodletting+1","Berserk+1","Offering+1","Fire Breathing+1"],"relics":["Burning Blood","Prayer Wheel","Meat on the Bone","Shuriken","Runic Pyramid","MawBank","Bag of Preparation","Membership Card","Busted Crown","Lee\u0027s Waffle","Pen Nib","MealTicket"],"acts_visited":["Exordium","TheCity","TheBeyond"],"potions_floor_usage":[],"damage_taken":[{"damage":4.0,"enemies":"2 Louse","floor":1.0,"turns":4.0},{"damage":3.0,"enemies":"Jaw Worm","floor":5.0,"turns":5.0},{"damage":4.0,"enemies":"Small Slimes","floor":10.0,"turns":5.0},{"damage":3.0,"enemies":"3 Louse","floor":14.0,"turns":4.0},{"damage":42.0,"enemies":"Slime Boss","floor":16.0,"turns":6.0},{"damage":13.0,"enemies":"Chosen","floor":18.0,"turns":6.0},{"damage":4.0,"enemies":"3 Byrds","floor":21.0,"turns":3.0},{"damage":41.0,"enemies":"Book of Stabbing","floor":24.0,"turns":5.0},{"damage":15.0,"enemies":"Snake Plant","floor":27.0,"turns":3.0},{"damage":8.0,"enemies":"Centurion and Healer","floor":28.0,"turns":6.0},{"damage":7.0,"enemies":"Shelled Parasite and Fungi","floor":31.0,"turns":3.0},{"damage":27.0,"enemies":"Champ","floor":33.0,"turns":8.0},{"damage":10.0,"enemies":"Orb Walker","floor":35.0,"turns":4.0},{"damage":31.0,"enemies":"3 Shapes","floor":37.0,"turns":3.0},{"damage":16.0,"enemies":"Reptomancer","floor":41.0,"turns":5.0},{"damage":61.0,"enemies":"Nemesis","floor":44.0,"turns":5.0},{"damage":0.0,"enemies":"Reptomancer","floor":46.0,"turns":1.0},{"damage":28.0,"enemies":"3 Darklings","floor":48.0,"turns":5.0},{"damage":0,"enemies":"Awakened One","floor":50,"turns":1}],"seed_played":"3166773760274525837","potions_obtained":[{"floor":5.0,"key":"FairyPotion"},{"floor":10.0,"key":"Explosive Potion"},{"floor":18.0,"key":"Energy Potion"},{"floor":21.0,"key":"BloodPotion"},{"floor":28.0,"key":"Fire Potion"},{"floor":31.0,"key":"AttackPotion"},{"floor":37.0,"key":"LiquidMemories"},{"floor":44.0,"key":"SmokeBomb"}],"is_trial":false,"path_per_floor":["M","$","?","T","M","R","?","R","T","M","R","$","R","M","R","B",null,"M","$","?","M","?","R","E","?","T","M","M","$","R","M","R","B",null,"M","$","M","$","?","R","E","?","T","E","R","E","?","M","R","B"],"character_chosen":"IRONCLAD","items_purchased":["Membership Card","Offering","Lee\u0027s Waffle"],"campfire_rested":2,"item_purchase_floors":[29,36,38],"current_hp_per_floor":[52,52,52,52,55,55,44,44,44,46,46,46,46,49,49,25,63,56,56,56,73,52,52,29,29,29,32,42,42,42,53,53,44,71,67,67,54,87,87,87,77,77,77,34,58,64,64,54,78,78,78],"gold":58,"neow_bonus":"ONE_RARE_RELIC","is_daily":false,"chose_seed":false,"campfire_upgraded":9,"win_rate":0.0,"timestamp":1608325652,"path_taken":["M","$","?","?","M","R","?","R","T","M","R","$","R","M","R","BOSS","M","$","?","M","?","R","E","?","T","M","M","$","R","M","R","BOSS","M","$","M","$","?","R","E","?","T","E","R","E","?","M","R","BOSS"],"items_purchased_type":["Relic","Card","Relic"],"build_version":"2020-12-13","purchased_purges":4,"victory":false,"max_hp_per_floor":[75,75,75,75,75,75,75,75,75,75,75,75,75,75,75,75,75,75,75,75,75,80,80,80,80,80,80,80,80,80,80,80,80,80,80,80,80,87,87,87,87,83,83,83,83,83,83,83,83,83,83],"card_choices":[{"not_picked":["Rampage","Uppercut"],"picked":"Body Slam","floor":1.0},{"not_picked":["Heavy Blade","Havoc","Anger"],"picked":"SKIP","floor":1.0},{"not_picked":["Pummel","Clash"],"picked":"Feel No Pain","floor":5.0},{"not_picked":["Perfected Strike","Rupture","Clash"],"picked":"SKIP","floor":5.0},{"not_picked":["Havoc","Perfected Strike"],"picked":"Hemokinesis","floor":10.0},{"not_picked":["Whirlwind","Sentinel"],"picked":"Flame Barrier","floor":10.0},{"not_picked":["Heavy Blade","Flex"],"picked":"Blood for Blood","floor":14.0},{"not_picked":["Flex","Wild Strike"],"picked":"Dark Embrace","floor":14.0},{"not_picked":["Juggernaut","Reaper"],"picked":"Limit Break","floor":16.0},{"not_picked":["Perfected Strike","Twin Strike","Iron Wave"],"picked":"SKIP","floor":18.0},{"not_picked":["Iron Wave","Blood for Blood+1","Body Slam"],"picked":"SKIP","floor":18.0},{"not_picked":["Clash+1","Perfected Strike","Pommel Strike"],"picked":"SKIP","floor":21.0},{"not_picked":["Rampage","Warcry","Dropkick"],"picked":"SKIP","floor":21.0},{"not_picked":["Infernal Blade","Perfected Strike"],"picked":"Bloodletting","floor":24.0},{"not_picked":["Uppercut","Clothesline"],"picked":"Berserk","floor":27.0},{"not_picked":["Combust+1","Pommel Strike","Sword Boomerang"],"picked":"SKIP","floor":27.0},{"not_picked":["Dropkick","Body Slam","Headbutt+1"],"picked":"SKIP","floor":28.0},{"not_picked":["Clothesline+1","Pommel Strike","Cleave"],"picked":"SKIP","floor":28.0},{"not_picked":["Inflame","Wild Strike","Body Slam"],"picked":"SKIP","floor":31.0},{"not_picked":["Seeing Red","Wild Strike+1","Whirlwind"],"picked":"SKIP","floor":31.0},{"not_picked":["Headbutt"],"picked":"SKIP","floor":35.0},{"not_picked":["Rampage"],"picked":"SKIP","floor":35.0},{"not_picked":["Perfected Strike"],"picked":"SKIP","floor":37.0},{"not_picked":["Armaments"],"picked":"SKIP","floor":37.0},{"not_picked":["Perfected Strike"],"picked":"SKIP","floor":41.0},{"not_picked":["Whirlwind+1"],"picked":"SKIP","floor":44.0},{"not_picked":[],"picked":"Fire Breathing+1","floor":48.0},{"not_picked":["Iron Wave"],"picked":"SKIP","floor":48.0}],"player_experience":433604,"relics_obtained":[{"floor":4.0,"key":"Meat on the Bone"},{"floor":9.0,"key":"Shuriken"},{"floor":24.0,"key":"MawBank"},{"floor":26.0,"key":"Bag of Preparation"},{"floor":41.0,"key":"Pen Nib"},{"floor":44.0,"key":"MealTicket"}],"event_choices":[{"damage_healed":0.0,"max_hp_gain":0.0,"max_hp_loss":0.0,"gold_gain":0.0,"event_name":"The Cleric","player_choice":"Leave","floor":3.0,"gold_loss":0.0,"damage_taken":0.0},{"damage_healed":0.0,"max_hp_gain":0.0,"max_hp_loss":0.0,"gold_gain":75.0,"event_name":"World of Goop","player_choice":"Gather Gold","floor":7.0,"gold_loss":0.0,"damage_taken":11.0},{"damage_healed":0.0,"max_hp_gain":0.0,"max_hp_loss":0.0,"gold_gain":0.0,"cards_transformed":["Strike_R","Strike_R"],"event_name":"Drug Dealer","player_choice":"Became Test Subject","floor":20.0,"gold_loss":0.0,"damage_taken":0.0,"cards_obtained":["Ghostly Armor","Flame Barrier"]},{"damage_healed":0.0,"max_hp_gain":5.0,"max_hp_loss":0.0,"gold_gain":0.0,"event_name":"Forgotten Altar","player_choice":"Shed Blood","floor":22.0,"gold_loss":0.0,"damage_taken":26.0},{"damage_healed":0.0,"max_hp_gain":0.0,"max_hp_loss":0.0,"gold_gain":0.0,"event_name":"Cursed Tome","player_choice":"Ignored","floor":25.0,"gold_loss":0.0,"damage_taken":0.0},{"damage_healed":0.0,"max_hp_gain":0.0,"max_hp_loss":0.0,"gold_gain":0.0,"event_name":"SensoryStone","player_choice":"Memory 1","floor":39.0,"gold_loss":0.0,"damage_taken":0.0},{"damage_healed":0.0,"max_hp_gain":0.0,"max_hp_loss":4.0,"gold_gain":0.0,"event_name":"Winding Halls","player_choice":"Max HP","floor":42.0,"gold_loss":0.0,"damage_taken":0.0},{"damage_healed":0.0,"max_hp_gain":0.0,"max_hp_loss":0.0,"gold_gain":0.0,"event_name":"Designer","player_choice":"Upgrade","floor":47.0,"gold_loss":50.0,"damage_taken":0.0,"cards_upgraded":["Hemokinesis"]}],"is_beta":false,"boss_relics":[{"not_picked":["Sozu","Pandora\u0027s Box"],"picked":"Runic Pyramid"},{"not_picked":["SacredBark","Tiny House"],"picked":"Busted Crown"}],"items_purged_floors":[2,12,19,29],"is_endless":false,"potions_floor_spawned":[5,10,18,21,28,31,37,44],"killed_by":"Awakened One","ascension_level":15}}