{"host":"jzjaw782v8gfe8gb","time":1608300651,"event":{"mods":["BaseMod","Better Match","Better Note","Better Third Choice","Energized Spire","Hermit","Minty Spire (QoL Compilation)","StSLib"],"gold_per_floor":[115,115,134,152,171,171,202,202,249,249,249,269,292,313,313,320,320],"floor_reached":16,"playtime":5615,"items_purged":[],"score":104,"play_id":"7770b90f-0a58-4ec8-8801-2de2031eda2c","local_time":"20201218061051","is_ascension_mode":false,"campfire_choices":[{"data":"hermit:OverwhelmingPower","floor":6,"key":"SMITH"},{"data":"hermit:Determination","floor":11,"key":"SMITH"},{"data":"hermit:Scavenge","floor":15,"key":"SMITH"}],"circlet_count":0,"master_deck":["hermit:Strike_Hermit","hermit:Strike_Hermit","hermit:Strike_Hermit","hermit:Defend_Hermit","hermit:Defend_Hermit","hermit:Defend_Hermit","hermit:Defend_Hermit","hermit:Snapshot","hermit:Covet","hermit:Glare","hermit:OverwhelmingPower+1","hermit:Ricochet","hermit:Determination+1","Injury","hermit:Reprieve","hermit:HoleUp","hermit:Scavenge+1"],"relics":["hermit:Momento","Matryoshka","Ancient Tea Set","Happy Flower","Toy Ornithopter","Golden Idol"],"acts_visited":["Exordium"],"potions_floor_usage":[7,13,14,14],"damage_taken":[{"damage":6,"enemies":"Jaw Worm","floor":1,"turns":3},{"damage":0,"enemies":"Small Slimes","floor":3,"turns":4},{"damage":2,"enemies":"2 Louse","floor":4,"turns":3},{"damage":2,"enemies":"Large Slime","floor":5,"turns":4},{"damage":24,"enemies":"3 Sentries","floor":7,"turns":6},{"damage":8,"enemies":"2 Fungi Beasts","floor":12,"turns":3},{"damage":11,"enemies":"Gremlin Gang","floor":13,"turns":4},{"damage":2,"enemies":"Red Slaver","floor":14,"turns":2},{"damage":67,"enemies":"Hexaghost","floor":16,"turns":15}],"seed_played":"5910354758491392176","potions_obtained":[{"floor":3,"key":"SneckoOil"},{"floor":4,"key":"EssenceOfSteel"},{"floor":5,"key":"Explosive Potion"},{"floor":13,"key":"Fruit Juice"}],"is_trial":false,"path_per_floor":["M","?","M","M","M","R","E","?","T","?","R","M","M","M","R","B"],"character_chosen":"HERMIT","items_purchased":[],"campfire_rested":0,"item_purchase_floors":[],"current_hp_per_floor":[76,76,76,74,72,72,48,48,48,48,48,40,42,59,59,0,0],"gold":320,"neow_bonus":"TEN_PERCENT_HP_BONUS","is_daily":false,"chose_seed":false,"campfire_upgraded":3,"win_rate":0.0,"timestamp":1608300651,"path_taken":["M","?","M","M","M","R","E","?","T","?","R","M","M","M","R","BOSS"],"items_purchased_type":[],"build_version":"2020-12-13","purchased_purges":0,"victory":false,"max_hp_per_floor":[82,82,82,82,82,82,82,82,82,82,82,82,82,87,87,87,87],"card_choices":[{"not_picked":["hermit:ItchyTrigger","hermit:Snipe"],"picked":"hermit:Glare","floor":1},{"not_picked":["hermit:SprayPray","hermit:HighCaliber"],"picked":"hermit:Ricochet","floor":3},{"not_picked":["hermit:HighCaliber","hermit:LuckOfTheDraw","hermit:DeadMansHand"],"picked":"SKIP","floor":4},{"not_picked":["hermit:Showdown","hermit:HighCaliber","hermit:Malice"],"picked":"SKIP","floor":5},{"not_picked":["hermit:Ricochet","hermit:TakeAim"],"picked":"hermit:Determination","floor":7},{"not_picked":["hermit:Dive","hermit:Malice"],"picked":"hermit:Reprieve","floor":12},{"not_picked":["hermit:LoneWolf","hermit:TakeAim"],"picked":"hermit:HoleUp","floor":13},{"not_picked":["hermit:PistolWhip","hermit:Cheat"],"picked":"hermit:Scavenge","floor":14}],"player_experience":1891162,"relics_obtained":[{"floor":7,"key":"Matryoshka"},{"floor":9,"key":"Happy Flower"},{"floor":9,"key":"Toy Ornithopter"}],"event_choices":[{"damage_healed":0,"gold_gain":0,"cards_transformed":["hermit:Strike_Hermit"],"player_choice":"Change","damage_taken":0,"max_hp_gain":0,"max_hp_loss":0,"event_name":"Living Wall","floor":2,"gold_loss":0,"cards_obtained":["hermit:OverwhelmingPower"]},{"damage_healed":0,"gold_gain":0,"player_choice":"Searched \u00272\u0027 times","damage_taken":0,"relics_obtained":["Ancient Tea Set"],"max_hp_gain":0,"max_hp_loss":0,"event_name":"Dead Adventurer","floor":8,"gold_loss":0},{"damage_healed":0,"gold_gain":0,"player_choice":"Take Wound","damage_taken":0,"relics_obtained":["Golden Idol"],"max_hp_gain":0,"max_hp_loss":0,"event_name":"Golden Idol","floor":10,"gold_loss":0,"cards_obtained":["Injury"]}],"is_beta":false,"boss_relics":[],"items_purged_floors":[],"is_endless":false,"potions_floor_spawned":[3,4,5,13],"killed_by":"Hexaghost","ascension_level":0}}