{"host":"08sn1703g14rasc1","time":1608332380,"event":{"mods":["AchievementEnabler","BaseMod","Colored Map","Colored Powertips","Hermit","Minty Spire (QoL Compilation)","StSLib"],"gold_per_floor":[113,113,38,55,67,67,77,107,107,107,182,10,110,123,123,226,226,239,239,5,5,5,33,44,44,44],"floor_reached":25,"playtime":926,"items_purged":["Defend_B","Strike_B"],"score":296,"play_id":"790e5f40-b9d2-40d4-8a91-aad9a09a1697","local_time":"20201218145940","is_ascension_mode":true,"campfire_choices":[{"floor":6.0,"key":"REST"},{"data":"Zap","floor":10.0,"key":"SMITH"},{"floor":15,"key":"REST"}],"circlet_count":0,"master_deck":["Defend_B","Defend_B","Defend_B","Zap+1","Dualcast","Ball Lightning","Ball Lightning","Beam Cell","Barrage","Leap","Thunder Strike","Stack","Sweeping Beam","Mayhem","Panacea","Shame","Mayhem","Aggregate+1"],"relics":["Cracked Core","PreservedInsect","InkBottle","Membership Card","Empty Cage","Cables","Ancient Tea Set"],"acts_visited":["Exordium","TheCity"],"potions_floor_usage":[14,16],"damage_taken":[{"damage":0.0,"enemies":"Small Slimes","floor":1.0,"turns":3.0},{"damage":1.0,"enemies":"Cultist","floor":4.0,"turns":3.0},{"damage":7.0,"enemies":"Jaw Worm","floor":5.0,"turns":2.0},{"damage":0.0,"enemies":"3 Louse","floor":7.0,"turns":3.0},{"damage":30.0,"enemies":"Lagavulin","floor":8.0,"turns":4.0},{"damage":23,"enemies":"Lots of Slimes","floor":14,"turns":4},{"damage":38,"enemies":"The Guardian","floor":16,"turns":9},{"damage":1,"enemies":"Spheric Guardian","floor":18,"turns":3},{"damage":81,"enemies":"Slavers","floor":23,"turns":4},{"damage":2,"enemies":"Chosen","floor":24,"turns":4},{"damage":10,"enemies":"Snake Plant","floor":25,"turns":2}],"seed_played":"7218959783648586994","potions_obtained":[{"floor":4.0,"key":"AttackPotion"},{"floor":8.0,"key":"ColorlessPotion"},{"floor":14,"key":"SteroidPotion"}],"is_trial":false,"path_per_floor":["M","?","$","M","M","R","M","E","T","R","?","$","?","M","R","B",null,"M","?","$","?","?","E","M","M"],"character_chosen":"DEFECT","items_purchased":["Membership Card","Leap","Mayhem","FairyPotion","Panacea"],"campfire_rested":2,"item_purchase_floors":[12,12,20,20,20],"current_hp_per_floor":[75,75,75,74,67,82,82,52,52,52,41,41,41,18,42,4,63,62,62,62,62,62,11,9,0,0],"gold":44,"neow_bonus":"TEN_PERCENT_HP_BONUS","is_daily":false,"chose_seed":false,"campfire_upgraded":1,"win_rate":0.0,"timestamp":1608332380,"path_taken":["M","?","?","M","M","R","M","E","T","R","?","$","?","?","R","BOSS","M","?","$","?","?","E","?","M"],"items_purchased_type":["Relic","Card","Card","Potion","Card"],"build_version":"2020-12-13","purchased_purges":2,"victory":false,"max_hp_per_floor":[82,82,82,82,82,82,82,82,82,82,82,82,82,82,82,82,82,82,82,82,82,82,82,82,82,82],"card_choices":[{"not_picked":["Barrage","Streamline"],"picked":"Ball Lightning","floor":1.0},{"not_picked":["Beam Cell","Sweeping Beam"],"picked":"Ball Lightning","floor":4.0},{"not_picked":["Rebound","Streamline","Turbo"],"picked":"SKIP","floor":5.0},{"not_picked":["Turbo","Auto Shields"],"picked":"Beam Cell","floor":7.0},{"not_picked":["Reinforced Body","Coolheaded"],"picked":"Barrage","floor":8.0},{"not_picked":["Heatsinks","Storm","Rebound"],"picked":"SKIP","floor":14},{"not_picked":["Reboot","Buffer"],"picked":"Thunder Strike","floor":16},{"not_picked":["Scrape","Beam Cell"],"picked":"Stack","floor":18},{"not_picked":["Reinforced Body","Gash"],"picked":"Aggregate+1","floor":23},{"not_picked":["Turbo","Reprogram","Go for the Eyes"],"picked":"SKIP","floor":24}],"player_experience":405662,"relics_obtained":[{"floor":8.0,"key":"PreservedInsect"},{"floor":9.0,"key":"InkBottle"},{"floor":23,"key":"Ancient Tea Set"}],"event_choices":[{"cards_removed":["Strike_B"],"damage_healed":0.0,"max_hp_gain":0.0,"max_hp_loss":0.0,"gold_gain":0.0,"event_name":"Bonfire Elementals","player_choice":"Offered Basic","floor":2.0,"gold_loss":0.0,"damage_taken":0.0},{"damage_healed":0.0,"max_hp_gain":0.0,"max_hp_loss":0.0,"gold_gain":75.0,"event_name":"World of Goop","player_choice":"Gather Gold","floor":11.0,"gold_loss":0.0,"damage_taken":11.0},{"damage_healed":0,"gold_gain":100,"player_choice":"Pray","damage_taken":0,"max_hp_gain":0,"max_hp_loss":0,"event_name":"Golden Shrine","floor":13,"gold_loss":0},{"damage_healed":0,"gold_gain":0,"player_choice":"Read","damage_taken":0,"max_hp_gain":0,"max_hp_loss":0,"event_name":"The Library","floor":19,"gold_loss":0,"cards_obtained":["Sweeping Beam"]},{"damage_healed":0,"gold_gain":0,"player_choice":"Stole Relic","damage_taken":0,"relics_obtained":["Cables"],"max_hp_gain":0,"max_hp_loss":0,"event_name":"Addict","floor":21,"gold_loss":0,"cards_obtained":["Shame"]},{"damage_healed":0,"gold_gain":0,"player_choice":"Copied","damage_taken":0,"max_hp_gain":0,"max_hp_loss":0,"event_name":"Duplicator","floor":22,"gold_loss":0,"cards_obtained":["Mayhem"]}],"is_beta":false,"boss_relics":[{"not_picked":["Snecko Eye","Calling Bell"],"picked":"Empty Cage"}],"items_purged_floors":[3,20],"is_endless":false,"potions_floor_spawned":[4,8,14],"killed_by":"Snake Plant","ascension_level":7}}