{"host":"8cdeciwtzdvf5vyj","time":1608315052,"event":{"mods":["BaseMod","Colored Map","Minty Spire (QoL Compilation)"],"gold_per_floor":[113,132,144,144,156,156,181,181,181,212,222,239,239,267,267,362,362,376,376,394,418,20,20,46,46,70,90,121,121,132,147,147,258,258,278,328,337,114,114,140,157,184,184,184,196,229,229,83,83,83,83,83,7,32,32],"floor_reached":56,"playtime":3103,"items_purged":["Strike_P"],"score":1688,"play_id":"aeff74cd-518b-4df1-bfc4-840a140e67db","local_time":"20201218101052","is_ascension_mode":true,"campfire_choices":[{"data":"Perseverance","floor":6.0,"key":"SMITH"},{"floor":15.0,"key":"REST"},{"data":"Alpha","floor":23.0,"key":"SMITH"},{"data":"ForeignInfluence","floor":25.0,"key":"SMITH"},{"data":"CutThroughFate","floor":29.0,"key":"SMITH"},{"data":"ThirdEye","floor":32.0,"key":"SMITH"},{"floor":44,"key":"RECALL"},{"data":"Conclude","floor":47,"key":"SMITH"},{"data":"MentalFortress","floor":49,"key":"SMITH"},{"data":"Consecrate","floor":52,"key":"SMITH"}],"circlet_count":0,"master_deck":["Strike_P","Strike_P","Strike_P","Defend_P","Defend_P","Defend_P","Eruption+1","Vigilance","Consecrate+1","Perseverance+1","Crescendo","MentalFortress+1","ForeignInfluence+1","Alpha+1","ThirdEye+1","Conclude+1","Omniscience+1","CutThroughFate+1","Ghostly+1","Ghostly+1","Ghostly+1","Ghostly+1","Ghostly+1","ThirdEye+1","InnerPeace+1","Secret Technique+1","Tantrum","Evaluate+1","Establishment","Madness+1","Omniscience+1"],"relics":["PureWater","Tiny Chest","Omamori","Bottled Lightning","Toxic Egg 2","Anchor","VioletLotus","Nunchaku","Blood Vial","Letter Opener","CeramicFish","Centennial Puzzle","Coffee Dripper","Bird Faced Urn","DollysMirror","Blue Candle","Eternal Feather","HornCleat","Boot","Orichalcum","Art of War"],"acts_visited":["Exordium","TheCity","TheBeyond","TheEnding"],"potions_floor_usage":[55],"damage_taken":[{"damage":2.0,"enemies":"Jaw Worm","floor":1.0,"turns":3.0},{"damage":0.0,"enemies":"2 Louse","floor":2.0,"turns":2.0},{"damage":3.0,"enemies":"Cultist","floor":3.0,"turns":4.0},{"damage":18.0,"enemies":"Exordium Wildlife","floor":5.0,"turns":4.0},{"damage":8.0,"enemies":"Lagavulin","floor":7.0,"turns":6.0},{"damage":15.0,"enemies":"3 Sentries","floor":10.0,"turns":6.0},{"damage":1.0,"enemies":"3 Louse","floor":11.0,"turns":3.0},{"damage":0.0,"enemies":"2 Fungi Beasts","floor":12.0,"turns":2.0},{"damage":8.0,"enemies":"Gremlin Nob","floor":14.0,"turns":4.0},{"damage":0.0,"enemies":"Slime Boss","floor":16.0,"turns":6.0},{"damage":22.0,"enemies":"3 Byrds","floor":18.0,"turns":4.0},{"damage":12.0,"enemies":"Chosen","floor":20.0,"turns":6.0},{"damage":3.0,"enemies":"Slavers","floor":24.0,"turns":4.0},{"damage":1.0,"enemies":"Snecko","floor":27.0,"turns":4.0},{"damage":0.0,"enemies":"Book of Stabbing","floor":28.0,"turns":3.0},{"damage":17.0,"enemies":"Snake Plant","floor":30.0,"turns":5.0},{"damage":3.0,"enemies":"Cultist and Chosen","floor":31.0,"turns":5.0},{"damage":11.0,"enemies":"Champ","floor":33.0,"turns":11.0},{"damage":0,"enemies":"3 Shapes","floor":35,"turns":3},{"damage":0,"enemies":"Mind Bloom Boss Battle","floor":36,"turns":3},{"damage":1,"enemies":"Giant Head","floor":40,"turns":8},{"damage":1,"enemies":"3 Darklings","floor":41,"turns":4},{"damage":4,"enemies":"Reptomancer","floor":42,"turns":4},{"damage":1,"enemies":"Sphere and 2 Shapes","floor":45,"turns":2},{"damage":1,"enemies":"Nemesis","floor":46,"turns":5},{"damage":5,"enemies":"Donu and Deca","floor":50,"turns":4},{"damage":18,"enemies":"Shield and Spear","floor":54,"turns":7},{"damage":32,"enemies":"The Heart","floor":55,"turns":8}],"seed_played":"-4929007020579175627","potions_obtained":[{"floor":1.0,"key":"Weak Potion"},{"floor":3.0,"key":"SteroidPotion"},{"floor":11.0,"key":"Energy Potion"},{"floor":14.0,"key":"SteroidPotion"},{"floor":16.0,"key":"StancePotion"},{"floor":20.0,"key":"PowerPotion"},{"floor":30.0,"key":"FairyPotion"},{"floor":41,"key":"Ambrosia"}],"is_trial":false,"path_per_floor":["M","M","M","?","M","R","E","?","T","E","M","M","?","E","R","B",null,"M","?","M","T","$","R","E","R","T","M","E","R","M","M","R","B",null,"M","?","?","$","T","E","M","E","T","R","M","E","R","$","R","B",null,"R","$","E","B",null],"character_chosen":"WATCHER","items_purchased":["InnerPeace+1","Secret Technique+1","Blood Vial","DollysMirror","Orichalcum","DuplicationPotion"],"campfire_rested":1,"item_purchase_floors":[22,22,22,38,48,53],"current_hp_per_floor":[63,63,60,53,35,35,27,51,51,36,35,35,10,2,23,23,60,38,36,24,24,24,24,23,23,23,24,26,26,11,10,10,1,27,29,31,31,31,31,36,36,36,36,36,36,36,36,36,36,36,36,36,36,24,2],"gold":32,"neow_bonus":"UPGRADE_CARD","is_daily":false,"chose_seed":false,"campfire_upgraded":8,"win_rate":0.0,"timestamp":1608315052,"path_taken":["M","M","M","?","M","R","E","?","T","E","M","M","?","E","R","BOSS","M","?","M","?","?","R","E","R","T","M","E","R","M","M","R","BOSS","M","?","?","$","?","E","M","E","T","R","M","E","R","$","R","BOSS","R","$","E","BOSS"],"items_purchased_type":["Card","Card","Relic","Relic","Relic","Potion"],"build_version":"2020-12-13","purchased_purges":1,"victory":true,"max_hp_per_floor":[72,72,72,72,72,72,72,72,72,72,72,72,72,72,72,72,72,72,36,36,36,36,36,36,36,36,36,36,36,36,36,36,36,36,36,36,36,36,36,36,36,36,36,36,36,36,36,36,36,36,36,36,36,36,36],"card_choices":[{"not_picked":["Nirvana","ClearTheMind"],"picked":"Consecrate","floor":1.0},{"not_picked":["CrushJoints","FollowUp"],"picked":"Perseverance","floor":2.0},{"not_picked":["EmptyFist","Evaluate"],"picked":"Crescendo","floor":3.0},{"not_picked":["Crescendo","CrushJoints"],"picked":"MentalFortress","floor":5.0},{"not_picked":["SashWhip","DeceiveReality"],"picked":"ForeignInfluence","floor":7.0},{"not_picked":["ForeignInfluence","Evaluate"],"picked":"Alpha","floor":10.0},{"not_picked":["FlyingSleeves","PathToVictory","JustLucky"],"picked":"SKIP","floor":11.0},{"not_picked":["WindmillStrike","Consecrate"],"picked":"ThirdEye","floor":12.0},{"not_picked":["Vault+1","Adaptation"],"picked":"Conclude","floor":14.0},{"not_picked":["DeusExMachina+1","Vault+1"],"picked":"Omniscience+1","floor":16.0},{"not_picked":["PathToVictory+1","FollowUp"],"picked":"CutThroughFate","floor":18.0},{"not_picked":["Protect+1","SashWhip"],"picked":"ThirdEye+1","floor":20.0},{"not_picked":["Brilliance","ClearTheMind+1"],"picked":"Tantrum","floor":24.0},{"not_picked":["Consecrate","WindmillStrike"],"picked":"Evaluate+1","floor":27.0},{"not_picked":["Worship+1","Pray+1","InnerPeace+1"],"picked":"SKIP","floor":28.0},{"not_picked":["ClearTheMind+1","TalkToTheHand","SashWhip"],"picked":"SKIP","floor":30.0},{"not_picked":["Crescendo+1","ThirdEye+1","FlyingSleeves"],"picked":"SKIP","floor":31.0},{"not_picked":["Judgement+1","LessonLearned"],"picked":"Establishment","floor":33.0},{"not_picked":["CrushJoints+1","FearNoEvil+1","SandsOfTime+1"],"picked":"SKIP","floor":35},{"not_picked":["Transmutation+1","Deep Breath+1"],"picked":"Madness+1","floor":37},{"not_picked":["Conclude","Worship+1","Study"],"picked":"SKIP","floor":40},{"not_picked":["BowlingBash","JustLucky","PathToVictory+1"],"picked":"SKIP","floor":41},{"not_picked":["Protect+1","Indignation+1","CrushJoints+1"],"picked":"SKIP","floor":42},{"not_picked":["EmptyFist+1","WheelKick+1","EmptyBody+1"],"picked":"SKIP","floor":45},{"not_picked":["Meditate+1","Ragnarok","Crescendo+1"],"picked":"SKIP","floor":46},{"not_picked":["FlyingSleeves+1","DeceiveReality+1","BowlingBash"],"picked":"SKIP","floor":54}],"player_experience":211493,"relics_obtained":[{"floor":7.0,"key":"Tiny Chest"},{"floor":9.0,"key":"Omamori"},{"floor":10.0,"key":"Bottled Lightning"},{"floor":14.0,"key":"Anchor"},{"floor":21.0,"key":"Nunchaku"},{"floor":24.0,"key":"Letter Opener"},{"floor":26.0,"key":"CeramicFish"},{"floor":28.0,"key":"Centennial Puzzle"},{"floor":36,"key":"Bird Faced Urn"},{"floor":40,"key":"Blue Candle"},{"floor":42,"key":"Eternal Feather"},{"floor":43,"key":"HornCleat"},{"floor":46,"key":"Boot"},{"floor":54,"key":"Art of War"}],"event_choices":[{"cards_removed":["Defend_P"],"damage_healed":0.0,"max_hp_gain":0.0,"max_hp_loss":0.0,"gold_gain":0.0,"event_name":"Golden Wing","player_choice":"Card Removal","floor":4.0,"gold_loss":0.0,"damage_taken":7.0},{"damage_healed":24.0,"max_hp_gain":0.0,"max_hp_loss":0.0,"gold_gain":0.0,"event_name":"Big Fish","player_choice":"Banana","floor":8.0,"gold_loss":0.0,"damage_taken":0.0},{"damage_healed":0.0,"max_hp_gain":0.0,"max_hp_loss":0.0,"gold_gain":0.0,"event_name":"Scrap Ooze","player_choice":"Success","floor":13.0,"gold_loss":0.0,"damage_taken":25.0,"relics_obtained":["Toxic Egg 2"]},{"damage_healed":0.0,"max_hp_gain":0.0,"max_hp_loss":36.0,"gold_gain":0.0,"event_name":"Ghosts","player_choice":"Became a Ghost","floor":19.0,"gold_loss":0.0,"damage_taken":0.0,"cards_obtained":["Ghostly","Ghostly","Ghostly","Ghostly","Ghostly"]},{"damage_healed":0,"gold_gain":0,"player_choice":"Fight","damage_taken":0,"max_hp_gain":0,"max_hp_loss":0,"event_name":"MindBloom","floor":36,"gold_loss":0},{"damage_healed":0,"gold_gain":0,"player_choice":"Memory 1","damage_taken":0,"max_hp_gain":0,"max_hp_loss":0,"event_name":"SensoryStone","floor":37,"gold_loss":0}],"is_beta":false,"boss_relics":[{"not_picked":["SacredBark","Philosopher\u0027s Stone"],"picked":"VioletLotus"},{"not_picked":["Black Star","Astrolabe"],"picked":"Coffee Dripper"}],"items_purged_floors":[38],"is_endless":false,"potions_floor_spawned":[1,3,11,14,16,20,27,30,36,41,45],"ascension_level":6}}