{"host":"tst5pjz7m60hr0pr","time":1608311279,"event":{"mods":["AchievementEnabler","Act Like it!","Aspiration","BaseMod","Beaked The Cultist","Better Altar","Better Match","Better Note","Better Sensory Stone","Better Skull","Better Third Choice","BetterRewards","CCEM","Clawfect","Colored Map","Conspire","Downfall","GifTheSpireLib","Halation","Hallownest","Hermit","Highlight Path","Hubris","Infinite Spire","Jedi Mod","Marisa????????","Mimic Mod","Minty Spire (QoL Compilation)","Permanent Neow","Replay The Spire","Shade Mod","Shop Mod","Spicy Shops","StSLib","Stuff the Spire","The Administrix","The Blackbeard","The Bug Knight","The Cursed","The Disciple","The IronCluck","The Jungle","The Mystic","The Necromancer","The Problem Sleuth","The Runesmith","The Servant 0.9.4","The Spell Scribe","Unceasing Turn Reminder","everything is the same but u backflip on backflip","slay the spire mod where everything is the same but ironclad has a cowboy hat"],"gold_per_floor":[99,117,128,203,216,216,216,216,216,141,159,159,176,194,204,218,232,232,232],"floor_reached":18,"playtime":1700,"items_purged":[],"score":108,"play_id":"2250c08e-07a5-4065-a623-a362744f2ee2","local_time":"20201218110759","is_ascension_mode":false,"campfire_choices":[{"floor":1,"key":"RECALL"},{"floor":10,"key":"REST"},{"data":"champ:Taunt","floor":12,"key":"SMITH"}],"circlet_count":0,"master_deck":["infinitespire:FutureSight","champ:Strike","champ:Strike","champ:Strike","champ:Defend","champ:Defend","champ:Defend","champ:Defend","champ:Execute","champ:Taunt+1","champ:EnGarde","champ:IronFortress","champ:FalseCounter","ReplayTheSpireMod:Splinters","champ:DefensiveStyle","champ:PerfectForm","champ:BringItOn","champ:EndlessRage","champ:TornadoPunch","champ:FanOfKnives","champ:Circumvent","champ:GutPunch","champ:RisingSlash"],"relics":["champ:ChampionCrown","Omamori","CCEMRelics:GrapeVine","downfall:HeartBlessingRed"],"acts_visited":["Exordium"],"potions_floor_usage":[11,16,17,18],"damage_taken":[{"damage":10,"enemies":"Cultist","floor":2,"turns":4},{"damage":13,"enemies":"Jaw Worm","floor":3,"turns":5},{"damage":16,"enemies":"2 Louse","floor":5,"turns":3},{"damage":24,"enemies":"Gremlin Gang","floor":11,"turns":4},{"damage":41,"enemies":"Lots of Slimes","floor":13,"turns":7},{"damage":22,"enemies":"Red Slaver","floor":14,"turns":3},{"damage":0,"enemies":"3 Louse","floor":15,"turns":3},{"damage":12,"enemies":"Exordium Thugs","floor":16,"turns":4},{"damage":4,"enemies":"Lots of Slimes","floor":17,"turns":2},{"damage":3,"enemies":"downfall:Defect","floor":18,"turns":1}],"seed_played":"-9121447033856667617","potions_obtained":[{"floor":3,"key":"sneckomod:MuddlingPotion"},{"floor":4,"key":"champ:OpenerPotion"},{"floor":13,"key":"FearPotion"},{"floor":14,"key":"jedi:StrikingPotion"}],"is_trial":false,"path_per_floor":["R_BF","M","M","?","M","PTL","PTL","?","T","R","M","R","M","M","M","M","M","B"],"character_chosen":"THE_CHAMP","items_purchased":[],"campfire_rested":1,"item_purchase_floors":[],"current_hp_per_floor":[90,90,82,82,69,69,69,54,54,81,66,66,29,13,13,5,3,0,0],"gold":232,"neow_bonus":"TRANSFORM_CARD","is_daily":false,"chose_seed":false,"campfire_upgraded":1,"win_rate":0.0,"timestamp":1608311279,"path_taken":["R_BF","M","M","?","M","PTL","PTL","?","T","R","M","R","M","M","?","M","M","BOSS"],"items_purchased_type":[],"build_version":"2020-12-13","purchased_purges":0,"victory":false,"max_hp_per_floor":[90,90,90,90,90,90,90,90,90,90,90,90,90,90,90,90,90,90,90],"card_choices":[{"not_picked":["champ:GladiatorsShout","champ:DeathBlow"],"picked":"champ:IronFortress","floor":2},{"not_picked":["champ:Haymaker","champ:EnragedBash"],"picked":"champ:FalseCounter","floor":3},{"not_picked":["champ:RecklessLeap","champ:Encircle"],"picked":"champ:DefensiveStyle","floor":4},{"not_picked":["champ:FalseCounter","champ:PerfectedStrike"],"picked":"champ:PerfectForm","floor":4},{"not_picked":["champ:IronFortress","champ:BladeFlurry"],"picked":"champ:BringItOn","floor":5},{"not_picked":["champ:FocusedBerserking","champ:BladeFlurry"],"picked":"champ:EndlessRage","floor":11},{"not_picked":["champ:EnragedBash","champ:Circumvent"],"picked":"champ:TornadoPunch","floor":13},{"not_picked":["champ:CrookedStrike","champ:BladeFlurry"],"picked":"champ:FanOfKnives","floor":14},{"not_picked":["champ:DancingMaster","champ:CrookedStrike"],"picked":"champ:Circumvent","floor":15},{"not_picked":["champ:Encircle","champ:BladeFlurry"],"picked":"champ:GutPunch","floor":16},{"not_picked":["champ:PerfectedStrike","champ:GutPunch"],"picked":"champ:RisingSlash","floor":17}],"player_experience":279123,"relics_obtained":[{"floor":4,"key":"Omamori"},{"floor":9,"key":"CCEMRelics:GrapeVine"}],"event_choices":[],"is_beta":false,"boss_relics":[],"items_purged_floors":[],"is_endless":false,"potions_floor_spawned":[3,13,14],"killed_by":"downfall:Defect","ascension_level":0}}