{"host":"gzrx8rm2nhta4pjr","time":1608273296,"event":{"mods":["2.2 Compatiblity","Act Like it!","AlwaysNeverKeys","BaseMod","Better Altar","Better Sensory Stone","Better Silent Start","Block Reminder","Curses Come First","Defuse TimeMaze Blight","Disable Question Mark Monsters","Emptier Cage","GifTheSpireLib","Infinite Spire","Marked Mod","Minty Spire (QoL Compilation)","Potionbrewer","Rare Cards Sparkle","Remove Card Discount Mod","Reorder Act Four","SCP261 Mod","Shop Mod","StSLib","Stuff the Spire","Swap Starting Deck Mod","The Bug Knight","The Senshi","The Servant 0.9.4","Transform Curses"],"gold_per_floor":[118,118,136,136,148,183,183,203,274,294,294,294,328,338,338,438,438,453,453,469,486,504,504,504],"floor_reached":23,"playtime":10882,"items_purged":[],"score":205,"play_id":"10f9d597-4cbf-41a3-a2a6-dc50cf45f024","local_time":"20201218013456","is_ascension_mode":false,"campfire_choices":[{"floor":11,"key":"REST"},{"data":"Combust","floor":15,"key":"SMITH"}],"circlet_count":0,"master_deck":["Strike_R","Strike_R","Strike_R","Strike_R","Strike_R","Defend_R","Defend_R","Defend_R","Defend_R","Bash","Feel No Pain","Evolve","infinitespire:Collect","Flex","Combust+1","Flex","Parasite","Metallicize","Power Through","Rampage","Exhume","Demon Form","Power Through","infinitespire:DeathsTouch","Burning Pact","Infernal Blade+1"],"relics":["Black Blood","Ice Cream","infinitespire:Beetle Shell","Letter Opener","Bag of Preparation"],"acts_visited":["TheCity"],"potions_floor_usage":[6,16,16,23,23],"damage_taken":[{"damage":6.0,"enemies":"Cultist","floor":1.0,"turns":3.0},{"damage":7.0,"enemies":"2 Louse","floor":3.0,"turns":3.0},{"damage":21.0,"enemies":"infinitespire:Voidling","floor":5.0,"turns":3.0},{"damage":30,"enemies":"Gremlin Nob","floor":6,"turns":5},{"damage":30,"enemies":"Exordium Thugs","floor":8,"turns":3},{"damage":7,"enemies":"Looter","floor":10,"turns":3},{"damage":14,"enemies":"3 Sentries","floor":13,"turns":5},{"damage":6,"enemies":"Exordium Wildlife","floor":14,"turns":3},{"damage":20,"enemies":"The Guardian","floor":16,"turns":8},{"damage":26,"enemies":"Shell Parasite","floor":18,"turns":6},{"damage":25,"enemies":"Spheric Guardian","floor":20,"turns":5},{"damage":17,"enemies":"Snecko","floor":21,"turns":4},{"damage":15,"enemies":"Snake Plant","floor":22,"turns":4},{"damage":57,"enemies":"Nightmare","floor":23,"turns":8}],"seed_played":"5091731099806541374","potions_obtained":[{"floor":1.0,"key":"Weak Potion"},{"floor":6,"key":"potionbrewer:ToxicPotion"},{"floor":8,"key":"SCP261:SweetSwarmPotion"},{"floor":10,"key":"potionbrewer:ToxicPotion"},{"floor":16,"key":"CultistPotion"}],"is_trial":false,"path_per_floor":["M","AVR","M","?","M","E","?","M","T","M","R","?","E","M","R","B",null,"M","AVR","M","M","M","NM"],"character_chosen":"IRONCLAD","items_purchased":[],"campfire_rested":1,"item_purchase_floors":[],"current_hp_per_floor":[80,80,79,79,64,40,60,36,36,35,59,80,72,72,72,58,80,66,66,53,48,45,0,0],"gold":504,"neow_bonus":"THREE_CARDS","is_daily":false,"chose_seed":false,"campfire_upgraded":1,"win_rate":0.0,"timestamp":1608273296,"path_taken":["M","AVR","M","?","M","E","?","M","T","M","R","?","E","M","R","BOSS","M","AVR","M","M","M","NM"],"items_purchased_type":[],"build_version":"2020-12-13","purchased_purges":0,"victory":false,"max_hp_per_floor":[80,80,80,80,80,80,80,80,80,80,80,80,80,80,80,80,80,80,80,80,80,80,80,80],"card_choices":[{"not_picked":["Sentinel","Blood for Blood"],"picked":"Feel No Pain","floor":0.0},{"not_picked":["Clothesline","StuffTheSpire:Slingshot"],"picked":"Evolve","floor":1.0},{"not_picked":["True Grit","Dropkick"],"picked":"Flex","floor":3.0},{"not_picked":["Twin Strike","StuffTheSpire:RockThrow"],"picked":"Combust","floor":5},{"not_picked":["Burning Pact","Dark Embrace"],"picked":"Flex","floor":6},{"not_picked":["Wild Strike","Armaments"],"picked":"Metallicize","floor":8},{"not_picked":["Sword Boomerang","Evolve"],"picked":"Power Through","floor":10},{"not_picked":["Heavy Blade","Entrench"],"picked":"Rampage","floor":13},{"not_picked":["StuffTheSpire:RagingBull","StuffTheSpire:Slingshot"],"picked":"Exhume","floor":14},{"not_picked":["Offering","Impervious"],"picked":"Demon Form","floor":16},{"not_picked":["Inflame","Flame Barrier"],"picked":"Power Through","floor":18},{"not_picked":["Warcry","Clothesline","Flame Barrier"],"picked":"SKIP","floor":20},{"not_picked":["StuffTheSpire:Pyroclast","StuffTheSpire:Slingshot"],"picked":"Burning Pact","floor":21},{"not_picked":["StuffTheSpire:BloodClot","Body Slam"],"picked":"Infernal Blade+1","floor":22}],"player_experience":1328395,"relics_obtained":[{"floor":6,"key":"infinitespire:Beetle Shell"},{"floor":9,"key":"Letter Opener"},{"floor":13,"key":"Bag of Preparation"}],"event_choices":[{"damage_healed":20,"gold_gain":0,"player_choice":"Healed and dodged fight","damage_taken":0,"max_hp_gain":0,"max_hp_loss":0,"event_name":"Mushrooms","floor":7,"gold_loss":0,"cards_obtained":["Parasite"]}],"is_beta":false,"boss_relics":[{"not_picked":["Busted Crown","Astrolabe"],"picked":"Black Blood"}],"items_purged_floors":[],"is_endless":false,"potions_floor_spawned":[1,6,8,10,16],"killed_by":"Nightmare","ascension_level":0}}