{"host":"2psfthmeyefnuu1p","time":1608293222,"event":{"mods":["Aspiration","BaseMod","Challenge The Spire","Conspire","Downfall","Faster Ascension Climbing","GungeonMod","Hermit","Minty Spire (QoL Compilation)","Quick Restart","Replay The Spire","RumiaBox-露米娅的神秘盒子","Spicy Shops","StSLib","The Bladedancer","The Bug Knight","The Cursed","The Gatherer","The Hayseed","The Jungle","The Runesmith","The Servant 0.9.4","TheWitcher","Uncapped","WarShipGirlsR/战舰少女R mod","[IsaacMod]以撒尖塔","vexMod","【功能Mod】混沌之环修复补丁","篝火指南"],"gold_per_floor":[121,181,181,204,204,139,139],"floor_reached":6,"playtime":429,"items_purged":[],"score":34,"play_id":"0aa28de3-da4b-4a09-8353-1283769afdc6","local_time":"20201218200702","is_ascension_mode":false,"campfire_choices":[],"circlet_count":0,"master_deck":["SnafuTest:DefaultCommonAttack","SnafuTest:DefaultCommonAttack","SnafuTest:DefaultCommonAttack","SnafuTest:BountyHunt","SnafuTest:DefaultCommonSkill","SnafuTest:DefaultCommonSkill","SnafuTest:DefaultCommonSkill","SnafuTest:SignAxii","SnafuTest:PowerBloodLust","SnafuTest:Kick","SnafuTest:MelitelesCare"],"relics":["SnafuTest:PlaceholderRelic","HushsDoor","SteamSale","NeowsBlessing","Matryoshka","aspiration:HiddenCompartment","Gatherer:MistGenerator"],"acts_visited":["Exordium"],"potions_floor_usage":[6],"damage_taken":[{"damage":0,"enemies":"2 Louse","floor":1,"turns":2},{"damage":13,"enemies":"Hiden Room Battle","floor":2,"turns":2},{"damage":0,"enemies":"Cultist","floor":4,"turns":1},{"damage":73,"enemies":"3 Sentries","floor":6,"turns":12}],"seed_played":"7207299673517757568","potions_obtained":[{"floor":4,"key":"Dexterity Potion"}],"is_trial":false,"path_per_floor":["M","?","?","M","?","E"],"character_chosen":"THE_WITCHER","items_purchased":[],"campfire_rested":0,"item_purchase_floors":[],"current_hp_per_floor":[75,62,62,62,62,0,0],"gold":139,"neow_bonus":"THREE_ENEMY_KILL","is_daily":false,"chose_seed":false,"campfire_upgraded":0,"win_rate":0.0,"timestamp":1608293222,"path_taken":["M","?","?","M","?","E"],"items_purchased_type":[],"build_version":"2020-12-13","purchased_purges":0,"victory":false,"max_hp_per_floor":[75,75,75,75,75,75,75],"card_choices":[{"not_picked":[],"picked":"Bomb","floor":0},{"not_picked":["SnafuTest:BombDimeritium","SnafuTest:MCSuccubusSeduction"],"picked":"SnafuTest:PowerBloodLust","floor":1},{"not_picked":["SnafuTest:BombMoonDust","SnafuTest:BombDragonsDream"],"picked":"SnafuTest:Kick","floor":2},{"not_picked":["SnafuTest:BlueWhale","SnafuTest:HermitsErudition"],"picked":"SnafuTest:MelitelesCare","floor":4},{"not_picked":[],"picked":"SnafuTest:PayExoticTreasure","floor":5}],"player_experience":152566,"relics_obtained":[{"floor":2,"key":"Matryoshka"},{"floor":2,"key":"aspiration:HiddenCompartment"}],"event_choices":[{"damage_healed":0,"gold_gain":0,"player_choice":"Fight","damage_taken":0,"max_hp_gain":0,"max_hp_loss":0,"event_name":"HidenRoomEvent","floor":2,"gold_loss":0},{"damage_healed":0,"gold_gain":0,"player_choice":"Ignored","damage_taken":0,"max_hp_gain":0,"max_hp_loss":0,"event_name":"WeMeetAgain","floor":3,"gold_loss":0}],"is_beta":false,"boss_relics":[],"items_purged_floors":[],"is_endless":false,"potions_floor_spawned":[4],"killed_by":"3 Sentries","ascension_level":0}}