{"host":"sh8ot41fo7a0kahq","time":1608283401,"event":{"mods":["BaseMod","Better Third Choice","Colored Powertips","Minty Spire (QoL Compilation)","Quick Restart","Spicy Shops","StSLib","UnlockEverythingMod"],"gold_per_floor":[110,73,73,148,158,191,141,159,459,486,496,496,496,516,516,516,516],"floor_reached":16,"playtime":299,"items_purged":[],"score":169,"play_id":"4595b3bc-7676-4a1c-a7e6-abe54a1f30b8","local_time":"20201218172321","is_ascension_mode":true,"campfire_choices":[{"floor":12,"key":"REST"},{"data":"Eruption","floor":15,"key":"SMITH"}],"circlet_count":0,"master_deck":["Strike_P","Strike_P","Strike_P","Strike_P","Defend_P","Defend_P","Eruption+1","Vigilance","Adaptation","TalkToTheHand","InnerPeace","BowlingBash","Ragnarok"],"relics":["PureWater","NeowsBlessing","Shovel","Old Coin","Incense Burner","SsserpentHead"],"acts_visited":["Exordium"],"potions_floor_usage":[14,16,16],"damage_taken":[{"damage":0.0,"enemies":"Small Slimes","floor":1.0,"turns":1.0},{"damage":0.0,"enemies":"2 Louse","floor":5.0,"turns":1.0},{"damage":0.0,"enemies":"Lagavulin","floor":6.0,"turns":1.0},{"damage":19.0,"enemies":"Jaw Worm","floor":8.0,"turns":4.0},{"damage":27.0,"enemies":"3 Sentries","floor":10.0,"turns":7.0},{"damage":1.0,"enemies":"Looter","floor":11.0,"turns":3.0},{"damage":15,"enemies":"Exordium Thugs","floor":14,"turns":2},{"damage":16,"enemies":"The Guardian","floor":16,"turns":5}],"seed_played":"6868494895838562274","potions_obtained":[{"floor":1.0,"key":"Strength Potion"},{"floor":10.0,"key":"Explosive Potion"},{"floor":11.0,"key":"Dexterity Potion"}],"is_trial":false,"path_per_floor":["M","$","?","?","M","E","?","M","T","E","M","R","?","M","R","B"],"character_chosen":"WATCHER","items_purchased":["Adaptation"],"campfire_rested":1,"item_purchase_floors":[2],"current_hp_per_floor":[72,72,65,54,54,54,54,35,35,8,7,28,28,13,13,0,0],"gold":516,"neow_bonus":"THREE_ENEMY_KILL","is_daily":false,"chose_seed":false,"campfire_upgraded":1,"win_rate":0.0,"timestamp":1608283401,"path_taken":["M","$","?","?","M","E","?","M","T","E","?","R","?","M","R","BOSS"],"items_purchased_type":["Card"],"build_version":"2020-12-13","purchased_purges":0,"victory":false,"max_hp_per_floor":[72,72,72,72,72,72,72,72,72,72,72,72,72,72,72,72,72],"card_choices":[{"not_picked":["Weave","ForeignInfluence","PathToVictory"],"picked":"SKIP","floor":1.0},{"not_picked":["Swivel","CrushJoints"],"picked":"TalkToTheHand","floor":5.0},{"not_picked":["Collect","Fasting2"],"picked":"InnerPeace","floor":6.0},{"not_picked":["Pray","Study"],"picked":"BowlingBash","floor":8.0},{"not_picked":["Halt","EmptyFist"],"picked":"Ragnarok","floor":10.0},{"not_picked":["Evaluate","Swivel","CarveReality"],"picked":"SKIP","floor":11.0},{"not_picked":["BattleHymn","Protect","Vengeance"],"picked":"SKIP","floor":14}],"player_experience":272936,"relics_obtained":[{"floor":6.0,"key":"Shovel"},{"floor":9.0,"key":"Old Coin"},{"floor":10.0,"key":"Incense Burner"}],"event_choices":[{"cards_removed":["Defend_P"],"damage_healed":0.0,"max_hp_gain":0.0,"max_hp_loss":0.0,"gold_gain":0.0,"event_name":"Golden Wing","player_choice":"Card Removal","floor":3.0,"gold_loss":0.0,"damage_taken":7.0},{"damage_healed":0.0,"max_hp_gain":0.0,"max_hp_loss":0.0,"gold_gain":75.0,"event_name":"betterThird:BetterGoop","player_choice":"Gold","floor":4.0,"gold_loss":0.0,"damage_taken":11.0},{"cards_removed":["Defend_P"],"damage_healed":0.0,"max_hp_gain":0.0,"max_hp_loss":0.0,"gold_gain":0.0,"event_name":"The Cleric","player_choice":"Card Removal","floor":7.0,"gold_loss":50.0,"damage_taken":0.0},{"damage_healed":0,"gold_gain":0,"player_choice":"Trade","damage_taken":0,"relics_obtained":["SsserpentHead"],"max_hp_gain":0,"max_hp_loss":0,"event_name":"FaceTrader","floor":13,"gold_loss":0}],"is_beta":false,"boss_relics":[],"items_purged_floors":[],"is_endless":false,"potions_floor_spawned":[1,10,11],"killed_by":"The Guardian","ascension_level":5}}