{"host":"jgyoyy5iuhtvyvtg","time":1608255467,"event":{"mods":["2.2 Compatiblity","BaseMod","Challenge The Spire","Colored Map","Conspire","Downfall","Hermit","Highlight Path","Infinite Spire","Lobotomy","LobotomyExtend","Minty Spire (QoL Compilation)","Quick Restart","Replay The Spire","Spikes Relics","StSLib","The Construct","The Disciple","The Jungle","Yuri Mod"],"gold_per_floor":[110,129,76,91,17,27,27,53,53,53,53,82,82,115,115,218,218,229,229,229,229,239,272,272,307,307,307,320,340,340,372,372,476,476,487,249,266,278,278,278,288,288,314,340,4,4,33,47,47,47,47],"floor_reached":52,"playtime":2928,"items_purged":["Funeral"],"score":950,"play_id":"3ebb2654-ab67-420e-8c9c-80f2df815f35","local_time":"20201217173747","is_ascension_mode":true,"campfire_choices":[{"data":"hermit:Maintenance","floor":7,"key":"SMITH"},{"data":"hermit:Determination","floor":10,"key":"SMITH"},{"floor":13,"key":"REST"},{"data":"hermit:FlashPowder","floor":15,"key":"SMITH"},{"data":"hermit:OverwhelmingPower","floor":24,"key":"SMITH"},{"data":"hermit:WideOpen","floor":27,"key":"SMITH"},{"data":"hermit:TakeCover","floor":30,"key":"SMITH"},{"data":"hermit:Maintenance","floor":32,"key":"SMITH"},{"data":"hermit:HighNoon","floor":40,"key":"SMITH"},{"data":"hermit:OverwhelmingPower","floor":42,"key":"SMITH"},{"data":"hermit:HeroicBravado","floor":46,"key":"SMITH"},{"data":"hermit:Gambit","floor":49,"key":"SMITH"}],"circlet_count":0,"master_deck":["hermit:Strike_Hermit","hermit:Strike_Hermit","hermit:Strike_Hermit","hermit:Strike_Hermit","hermit:Defend_Hermit","hermit:Defend_Hermit+1","hermit:Defend_Hermit+1","hermit:Defend_Hermit","hermit:Snapshot","hermit:Covet","hermit:Enervate","hermit:Maintenance+1","hermit:WideOpen+1","UniverseFragment","hermit:Magnum","hermit:Determination+1","hermit:OverwhelmingPower+1","hermit:FlashPowder+1","Woodsman","hermit:OverwhelmingPower+1","hermit:TakeCover+1","hermit:Gambit+1","hermit:Desperado","hermit:Virtue+1","BlackArmy","hermit:GoldenBullet+1","hermit:Maintenance+1","hermit:HighNoon+1","hermit:Determination","hermit:HeroicBravado+1","Delirium","hermit:Showdown+1"],"relics":["hermit:Momento","CogitoBucket","RabbitCall","LetterFromLob","hermit:RyeStalk","Meat on the Bone","BlackRope","Amita_r","Replay:Ringing Soul","AspirationHeart","theJungle:BirthdayCake","Toy Ornithopter","ZombieTooth","Mummified Hand","BackwardClock","hermit:Momento","CogitoBucket","RabbitCall","LetterFromLob","hermit:RyeStalk","Meat on the Bone","BlackRope","Amita_r","Replay:Ringing Soul","AspirationHeart","theJungle:BirthdayCake","Toy Ornithopter","ZombieTooth","Mummified Hand","BackwardClock","Vajra","hermit:Momento","CogitoBucket","RabbitCall","LetterFromLob","hermit:RyeStalk","Meat on the Bone","BlackRope","Amita_r","Replay:Ringing Soul","AspirationHeart","theJungle:BirthdayCake","Toy Ornithopter","ZombieTooth","Mummified Hand","BackwardClock","Vajra","hermit:DentedPlate","hermit:Momento","CogitoBucket","RabbitCall","LetterFromLob","hermit:RyeStalk","Meat on the Bone","BlackRope","Amita_r","Replay:Ringing Soul","AspirationHeart","theJungle:BirthdayCake","Toy Ornithopter","ZombieTooth","Mummified Hand","BackwardClock","Vajra","hermit:DentedPlate","Strawberry","hermit:Momento","CogitoBucket","RabbitCall","LetterFromLob","hermit:RyeStalk","Meat on the Bone","BlackRope","Amita_r","Replay:Ringing Soul","AspirationHeart","theJungle:BirthdayCake","Toy Ornithopter","ZombieTooth","Mummified Hand","BackwardClock","Vajra","hermit:DentedPlate","Strawberry","SolemnVow_r","hermit:Momento","CogitoBucket","RabbitCall","LetterFromLob","hermit:RyeStalk","Meat on the Bone","BlackRope","Amita_r","Replay:Ringing Soul","AspirationHeart","theJungle:BirthdayCake","Toy Ornithopter","ZombieTooth","Mummified Hand","BackwardClock","Vajra","hermit:DentedPlate","Strawberry","SolemnVow_r","AtMidnight","ReplayTheSpireMod:Ring of Collecting","hermit:Momento","CogitoBucket","RabbitCall","LetterFromLob","hermit:RyeStalk","Meat on the Bone","BlackRope","Amita_r","Replay:Ringing Soul","AspirationHeart","theJungle:BirthdayCake","Toy Ornithopter","ZombieTooth","Mummified Hand","BackwardClock","Vajra","hermit:DentedPlate","Strawberry","SolemnVow_r","AtMidnight","ReplayTheSpireMod:Ring of Collecting","Ring of Peace","War Paint","hermit:Momento","CogitoBucket","RabbitCall","LetterFromLob","hermit:RyeStalk","Meat on the Bone","BlackRope","Amita_r","Replay:Ringing Soul","AspirationHeart","theJungle:BirthdayCake","Toy Ornithopter","ZombieTooth","Mummified Hand","BackwardClock","Vajra","hermit:DentedPlate","Strawberry","SolemnVow_r","AtMidnight","ReplayTheSpireMod:Ring of Collecting","Ring of Peace","War Paint","Bag of Preparation","Bottled Tornado","CherryCoatedStake","hermit:Momento","CogitoBucket","RabbitCall","LetterFromLob","hermit:RyeStalk","Meat on the Bone","BlackRope","Amita_r","Replay:Ringing Soul","AspirationHeart","theJungle:BirthdayCake","Toy Ornithopter","ZombieTooth","Mummified Hand","Vajra","hermit:DentedPlate","Strawberry","SolemnVow_r","AtMidnight","ReplayTheSpireMod:Ring of Collecting","Ring of Peace","War Paint","Bag of Preparation","Bottled Tornado","CherryCoatedStake"],"acts_visited":["Exordium","Exordium","TheBeyond"],"potions_floor_usage":[8,31,37,37,50],"damage_taken":[{"damage":0,"enemies":"Cultist","floor":1,"turns":3},{"damage":0,"enemies":"conspire:RoseBush","floor":2,"turns":2},{"damage":0,"enemies":"2 Louse","floor":4,"turns":2},{"damage":3,"enemies":"conspire:2 RoseBushes","floor":6,"turns":9},{"damage":8,"enemies":"Lagavulin","floor":8,"turns":7},{"damage":37,"enemies":"3 Sentries","floor":12,"turns":11},{"damage":35,"enemies":"Lagavulin","floor":14,"turns":7},{"damage":20,"enemies":"Hexaghost","floor":16,"turns":14},{"damage":8,"enemies":"theJungle:Flameango_and_Byrd","floor":18,"turns":8},{"damage":3,"enemies":"theJungle:MUSHROOMGANG","floor":22,"turns":8},{"damage":65,"enemies":"Nightmare","floor":23,"turns":8},{"damage":20,"enemies":"theJungle:2_Phrogs","floor":25,"turns":8},{"damage":14,"enemies":"Snake Plant","floor":28,"turns":5},{"damage":12,"enemies":"theJungle:2_Snecko_Cultists","floor":29,"turns":7},{"damage":6,"enemies":"theJungle:MamaSnecko","floor":31,"turns":6},{"damage":33,"enemies":"theJungle:QueenSpyder","floor":33,"turns":6},{"damage":17,"enemies":"3 Darklings","floor":35,"turns":4},{"damage":32,"enemies":"Orb Walker","floor":37,"turns":4},{"damage":58,"enemies":"Transient","floor":38,"turns":10},{"damage":45,"enemies":"3 Darklings","floor":41,"turns":5},{"damage":30,"enemies":"Giant Head","floor":44,"turns":8},{"damage":43,"enemies":"Reptomancer","floor":47,"turns":6},{"damage":24,"enemies":"Maw","floor":48,"turns":5},{"damage":177,"enemies":"Donu and Deca","floor":50,"turns":16}],"seed_played":"-5456894702553025842","potions_obtained":[{"floor":6,"key":"Energy Potion"},{"floor":18,"key":"Explosive Potion"},{"floor":25,"key":"sneckomod:MuddlingPotion"},{"floor":33,"key":"sneckomod:MuddlingPotion"},{"floor":37,"key":"BlessingOfTheForge"},{"floor":41,"key":"Regen Potion"}],"is_trial":false,"path_per_floor":["M","M","$","M","$","M","R","E","T","R","M","E","R","E","R","B",null,"M","?","?","?","M","NM","R","E","T","R","M","M","R","E","R","B",null,"M","$","M","M","?","R","M","R","T","E","$","R","E","M","R","B",null,null],"character_chosen":"HERMIT","items_purchased":["hermit:WideOpen","hermit:Determination","hermit:Determination","Strawberry","Bottled Tornado"],"campfire_rested":1,"item_purchase_floors":[3,5,36,36,45],"current_hp_per_floor":[75,75,75,75,75,72,72,64,64,64,64,39,61,41,41,36,83,99,119,119,114,130,74,74,78,78,78,73,82,82,142,142,152,184,189,199,192,210,213,213,188,188,188,170,170,170,161,148,148,212,212],"gold":47,"neow_bonus":"","is_daily":false,"chose_seed":false,"campfire_upgraded":11,"win_rate":0.0,"timestamp":1608255467,"path_taken":["M","M","?","?","$","M","R","E","T","R","M","E","R","E","R","BOSS","M","?","?","?","M","NM","R","E","T","R","M","M","R","E","R","BOSS","M","?","M","M","?","R","M","R","T","E","$","R","E","M","R","BOSS"],"items_purchased_type":["Card","Card","Card","Relic","Relic"],"build_version":"2020-12-13","purchased_purges":1,"victory":true,"max_hp_per_floor":[75,75,75,75,75,75,75,75,75,75,75,75,75,79,79,83,83,99,119,119,124,130,134,134,136,136,136,140,146,146,150,150,154,186,196,206,211,222,225,225,232,232,232,233,233,233,234,238,238,247,247],"card_choices":[{"not_picked":["DreamingCurrent","SpiderBud","FairyFestival"],"picked":"Singing Bowl","floor":1},{"not_picked":["hermit:Midnight","hermit:Manifest"],"picked":"hermit:Enervate","floor":1},{"not_picked":["OSAHOGD","ShyLook","PunishingBird"],"picked":"Singing Bowl","floor":2},{"not_picked":["hermit:SprayPray","hermit:LowProfile"],"picked":"hermit:Maintenance","floor":2},{"not_picked":["Murderer","ShyLook","Scarecrow"],"picked":"Singing Bowl","floor":4},{"not_picked":["FairyFestival","WallGazer"],"picked":"UniverseFragment","floor":4},{"not_picked":["hermit:CursedWeapon","hermit:BodyArmor"],"picked":"hermit:Magnum","floor":4},{"not_picked":["MeatLantern","CherryBlossoms","Murderer"],"picked":"Singing Bowl","floor":6},{"not_picked":["hermit:Snipe","hermit:Vantage"],"picked":"hermit:OverwhelmingPower","floor":6},{"not_picked":["MHz","CrumblingArmor","CherryBlossoms"],"picked":"Singing Bowl","floor":8},{"not_picked":["hermit:Reprieve","hermit:TrackingShot"],"picked":"hermit:Virtue","floor":8},{"not_picked":["BeautyBeast","VoidDream","Alriune"],"picked":"Singing Bowl","floor":12},{"not_picked":["hermit:LowProfile","hermit:Vantage","hermit:WideOpen"],"picked":"SKIP","floor":12},{"not_picked":["DreamingCurrent","SpiderBud","SnowQueen"],"picked":"Singing Bowl","floor":14},{"not_picked":["hermit:DeadMansHand","hermit:Dive"],"picked":"hermit:FlashPowder","floor":14},{"not_picked":["VoidDream","Scorched","Mercenary"],"picked":"Singing Bowl","floor":16},{"not_picked":["WallGazer","SnowQueen"],"picked":"Woodsman","floor":16},{"not_picked":["hermit:BlackWind","hermit:FromBeyond"],"picked":"hermit:OverwhelmingPower","floor":16},{"not_picked":["Murderer","HappyTeddy","SpiderBud"],"picked":"Singing Bowl","floor":18},{"not_picked":["hermit:Horror","hermit:Dive"],"picked":"hermit:TakeCover","floor":18},{"not_picked":["SpiderBud","HappyTeddy","OldLady"],"picked":"Singing Bowl","floor":22},{"not_picked":["hermit:Manifest","hermit:Snipe"],"picked":"hermit:Gambit","floor":22},{"not_picked":["Mercenary","Wellcheers","SpiderBud"],"picked":"Singing Bowl","floor":23},{"not_picked":["hermit:FlashPowder","hermit:Virtue+1"],"picked":"hermit:Desperado","floor":23},{"not_picked":["CrumblingArmor","QueenOfHatred","BigBadWolf"],"picked":"Singing Bowl","floor":25},{"not_picked":["hermit:Grudge+1","hermit:TrackingShot","hermit:PistolWhip"],"picked":"SKIP","floor":25},{"not_picked":["Laetitia","MHz","Wellcheers"],"picked":"Singing Bowl","floor":28},{"not_picked":["hermit:BlackWind","hermit:TrackingShot"],"picked":"hermit:Virtue+1","floor":28},{"not_picked":["MHz","BlackSwan","NakedNest"],"picked":"Singing Bowl","floor":29},{"not_picked":["RedShoes","SilentOrchestra"],"picked":"BlackArmy","floor":29},{"not_picked":["hermit:Roulette","hermit:Glare"],"picked":"hermit:GoldenBullet+1","floor":29},{"not_picked":["NakedNest","VoidDream","Bloodbath"],"picked":"Singing Bowl","floor":31},{"not_picked":["hermit:Desperado","hermit:Scavenge+1"],"picked":"hermit:Maintenance","floor":31},{"not_picked":["FairyFestival","HeroicMonk","SpiderBud"],"picked":"Singing Bowl","floor":33},{"not_picked":["hermit:RoundhouseKick","hermit:Gambit"],"picked":"hermit:HighNoon","floor":33},{"not_picked":["Yin","Scarecrow"],"picked":"Funeral","floor":35},{"not_picked":["hermit:HoleUp","hermit:SprayPray+1","hermit:WideOpen"],"picked":"SKIP","floor":35},{"not_picked":["CherryBlossoms","NakedNest","QueenBee"],"picked":"Singing Bowl","floor":37},{"not_picked":["hermit:Vantage","hermit:WideOpen+1"],"picked":"hermit:HeroicBravado","floor":37},{"not_picked":["CrumblingArmor","NothingThere","LittlePrince"],"picked":"Singing Bowl","floor":38},{"not_picked":["hermit:LowProfile","hermit:Headshot+1","hermit:Manifest"],"picked":"SKIP","floor":38},{"not_picked":["BeautyBeast","Mercenary","ShyLook"],"picked":"Singing Bowl","floor":41},{"not_picked":["hermit:NoHoldsBarred+1","hermit:CursedWeapon","hermit:TakeAim"],"picked":"SKIP","floor":41},{"not_picked":["Variant","VoidDream","Wellcheers"],"picked":"Singing Bowl","floor":44},{"not_picked":["hermit:NoHoldsBarred+1","hermit:Cheat+1","hermit:Manifest"],"picked":"SKIP","floor":44},{"not_picked":["LittleHelper","Variant","Rudolta"],"picked":"Singing Bowl","floor":47},{"not_picked":["hermit:DeadOrAlive","hermit:Feint","hermit:Midnight"],"picked":"SKIP","floor":47},{"not_picked":["Murderer","WallGazer","LongBird"],"picked":"Singing Bowl","floor":48},{"not_picked":["hermit:Grudge+1","hermit:LoneWolf"],"picked":"hermit:Showdown+1","floor":48}],"player_experience":3145002,"relics_obtained":[{"floor":1,"key":"LetterFromLob"},{"floor":8,"key":"hermit:RyeStalk"},{"floor":9,"key":"Meat on the Bone"},{"floor":12,"key":"BlackRope"},{"floor":14,"key":"Replay:Ringing Soul"},{"floor":23,"key":"Toy Ornithopter"},{"floor":25,"key":"ZombieTooth"},{"floor":26,"key":"Mummified Hand"},{"floor":31,"key":"Vajra"},{"floor":38,"key":"AtMidnight"},{"floor":39,"key":"ReplayTheSpireMod:Ring of Collecting"},{"floor":43,"key":"Ring of Peace"},{"floor":43,"key":"War Paint"},{"floor":44,"key":"Bag of Preparation"},{"floor":47,"key":"CherryCoatedStake"}],"event_choices":[{"damage_healed":0,"gold_gain":0,"player_choice":"Leave","damage_taken":0,"max_hp_gain":0,"max_hp_loss":0,"event_name":"conspire:Investor","floor":20,"gold_loss":0}],"is_beta":false,"boss_relics":[{"not_picked":["Snecko Eye","Ectoplasm","Busted Crown"]},{"not_picked":["Runic Dome","ChewingGum"],"picked":"hermit:DentedPlate"}],"items_purged_floors":[45],"is_endless":false,"potions_floor_spawned":[6,18,25,33,37,41],"ascension_level":1}}