{"host":"bg8va46pgqgvtzim","time":1608259730,"event":{"mods":["BaseMod","Downfall","Minty Spire (QoL Compilation)","Quick Restart","StSLib","SuperFastMode"],"gold_per_floor":[99,99,132,132,132,165,235,270,300,225,14,31,48,104,123,224,224,224,259,23,38,51,70,93,93,93,127,137,137,137,137,152,256,256,256,256,284,284,299,224,305,325,337,262,281,281,301,413,426,426,426,458,75,75,75],"floor_reached":56,"playtime":2097,"items_purged":["Slimebound:Strike_Slimebound","Slimebound:Defend_Slimebound","Slimebound:Strike_Slimebound+1","Parasite"],"score":1617,"play_id":"12c913ab-a234-4130-8960-dd369a9d4bc6","local_time":"20201218104850","is_ascension_mode":true,"campfire_choices":[{"data":"Slimebound:Split","floor":1.0,"key":"SMITH"},{"data":"Slimebound:CorrosiveSpit","floor":5.0,"key":"SMITH"},{"data":"Slimebound:Replication","floor":10.0,"key":"SMITH"},{"data":"Slimebound:LevelUp","floor":18.0,"key":"SMITH"},{"data":"Slimebound:Defend_Slimebound","floor":25.0,"key":"PURGE"},{"floor":35.0,"key":"RECALL"},{"data":"Slimebound:Defend_Slimebound","floor":40.0,"key":"PURGE"},{"data":"Slimebound:Teamwork","floor":44.0,"key":"SMITH"},{"data":"Slimebound:LeadByExample","floor":54.0,"key":"SMITH"}],"circlet_count":0,"master_deck":["Slimebound:Tackle+1","Slimebound:Split+1","Slimebound:CorrosiveSpit+1","Slimebound:SplitLeeching+1","Slimebound:Replication+1","Slimebound:Recollect","Slimebound:SpikyOuterGoop","Slimebound:GrowthPunch+1","Slimebound:SplitMire","Slimebound:SlimeTap+1","Slimebound:LevelUp+1","Slimebound:SlimeBarrage+1","Slimebound:LeechEnergy+1","Slimebound:Teamwork+1","Slimebound:RejuvenatingLick+1","Slimebound:RejuvenatingLick+1","Slimebound:Nibble+1","Slimebound:Recollect+1","Slimebound:Darklings","Slimebound:SamplingLick+1","Slimebound:LeadByExample+1","Slimebound:SplitMire"],"relics":["Slimebound:AbsorbEndCombat","downfall:HeartsMalice","Blood Vial","Toy Ornithopter","Kunai","Molten Egg 2","Odd Mushroom","downfall:HeartBlessingGreen","Membership Card","Whetstone","expansioncontent:StudyCardRelic","Ancient Tea Set","Peace Pipe","War Paint","Bag of Preparation","Enchiridion","Cursed Key","Pen Nib","downfall:HeartBlessingRed","downfall:HeartBlessingBlue","Orrery","Lantern","Boot","Slimebound:AggressiveSlimeRelic","Oddly Smooth Stone","HandDrill"],"acts_visited":["Exordium","TheCity","TheBeyond","TheEnding"],"potions_floor_usage":[],"damage_taken":[{"damage":0.0,"enemies":"2 Louse","floor":2.0,"turns":1.0},{"damage":0.0,"enemies":"Lagavulin","floor":3.0,"turns":1.0},{"damage":0.0,"enemies":"3 Sentries","floor":6.0,"turns":1.0},{"damage":41.0,"enemies":"Lagavulin","floor":8.0,"turns":6.0},{"damage":21.0,"enemies":"The Mushroom Lair","floor":9.0,"turns":4.0},{"damage":44.0,"enemies":"downfall:FleeingMerchant","floor":11.0,"turns":4.0},{"damage":14.0,"enemies":"Small Slimes","floor":12.0,"turns":4.0},{"damage":32.0,"enemies":"Cultist","floor":13.0,"turns":4.0},{"damage":43.0,"enemies":"Gremlin Nob","floor":14.0,"turns":5.0},{"damage":24.0,"enemies":"Blue Slaver","floor":15.0,"turns":3.0},{"damage":53.0,"enemies":"downfall:Silent","floor":16.0,"turns":8.0},{"damage":29.0,"enemies":"Slavers","floor":19.0,"turns":4.0},{"damage":38.0,"enemies":"downfall:FleeingMerchant","floor":20.0,"turns":4.0},{"damage":21.0,"enemies":"Spheric Guardian","floor":21.0,"turns":4.0},{"damage":25.0,"enemies":"3 Cultists","floor":22.0,"turns":5.0},{"damage":30.0,"enemies":"Centurion and Healer","floor":23.0,"turns":4.0},{"damage":24.0,"enemies":"Gremlin Leader","floor":27.0,"turns":4.0},{"damage":30.0,"enemies":"Cultist and Chosen","floor":28.0,"turns":3.0},{"damage":26.0,"enemies":"Shelled Parasite and Fungi","floor":32.0,"turns":3.0},{"damage":40.0,"enemies":"downfall:Watcher","floor":33.0,"turns":4.0},{"damage":16.0,"enemies":"Nemesis","floor":37.0,"turns":3.0},{"damage":12.0,"enemies":"3 Darklings","floor":39.0,"turns":3.0},{"damage":28.0,"enemies":"Orb Walker","floor":42.0,"turns":2.0},{"damage":31.0,"enemies":"Writhing Mass","floor":43.0,"turns":3.0},{"damage":16.0,"enemies":"Spire Growth","floor":45.0,"turns":2.0},{"damage":24.0,"enemies":"3 Darklings","floor":47.0,"turns":3.0},{"damage":12.0,"enemies":"downfall:FleeingMerchant","floor":48.0,"turns":2.0},{"damage":36.0,"enemies":"Jaw Worm Horde","floor":49.0,"turns":3.0},{"damage":36.0,"enemies":"downfall:Defect","floor":50.0,"turns":3.0},{"damage":20.0,"enemies":"downfall:CharBossMerchant","floor":52.0,"turns":5.0},{"damage":54,"enemies":"downfall:NeowBoss","floor":55,"turns":17}],"seed_played":"-789973670463509206","potions_obtained":[{"floor":3.0,"key":"SneckoOil"},{"floor":6.0,"key":"SteroidPotion"},{"floor":12.0,"key":"Ancient Potion"},{"floor":13.0,"key":"LiquidMemories"},{"floor":15.0,"key":"SkillPotion"},{"floor":52.0,"key":"SneckoOil"}],"is_trial":false,"path_per_floor":["R","M","E","?","R","E","T","E","?","R","$","M","M","?","M","B",null,"R","E","$","M","M","M","T","R","?","E","M","?","?","?","M","B",null,"R","?","E","?","M","R","T","M","M","R","M","?","M","?","M","B",null,"E","$","R","B",null],"character_chosen":"SLIMEBOUND","items_purchased":["Membership Card","Slimebound:GrowthPunch+1","Peace Pipe","Slimebound:LeadByExample","Orrery","Lantern","Slimebound:AggressiveSlimeRelic","Oddly Smooth Stone","HandDrill","Fruit Juice","LiquidBronze"],"campfire_rested":0,"item_purchase_floors":[11,11,20,20,48,48,53,53,53,53,53],"current_hp_per_floor":[60,60,60,60,60,60,60,56,60,60,60,60,58,37,45,44,60,60,55,58,59,56,60,60,60,60,60,56,56,40,40,56,58,60,60,60,60,60,60,60,60,60,60,70,70,70,70,70,68,68,70,70,72,72,72],"gold":75,"neow_bonus":"THREE_ENEMY_KILL","is_daily":false,"chose_seed":false,"campfire_upgraded":6,"win_rate":0.0,"timestamp":1608259730,"path_taken":["R","M","E","?","R","E","T","E","?","R","$","M","M","?","M","BOSS","R","E","$","M","M","M","T","R","?","E","?","?","?","?","M","BOSS","R","?","E","?","M","R","T","M","?","R","M","?","M","?","M","BOSS","E","$","R","BOSS"],"items_purchased_type":["Relic","Card","Relic","Card","Relic","Relic","Relic","Relic","Relic","Potion","Potion"],"build_version":"2020-12-13","purchased_purges":4,"victory":true,"max_hp_per_floor":[60,60,60,60,60,60,60,60,60,60,60,60,60,60,60,60,60,60,60,60,60,60,60,60,60,60,60,60,60,60,60,60,60,60,60,60,60,60,60,60,60,60,60,70,70,70,70,70,70,70,70,70,72,72,72],"card_choices":[{"not_picked":["Slimebound:FinishingTackle","Slimebound:ComboTackle"],"picked":"Slimebound:SplitLeeching","floor":2.0},{"not_picked":["Slimebound:SlimeTap","Slimebound:ItLooksTasty"],"picked":"Slimebound:Replication","floor":3.0},{"not_picked":["Slimebound:Chomp","Slimebound:GoopSpray"],"picked":"Slimebound:Recollect","floor":6.0},{"not_picked":["Slimebound:SplitBruiser","Slimebound:Recollect","Slimebound:Repurpose"],"picked":"SKIP","floor":8.0},{"not_picked":["Slimebound:SplitAcid","Slimebound:ServeAndProtect"],"picked":"Slimebound:SpikyOuterGoop","floor":11.0},{"not_picked":["Slimebound:HungryTackle+1","Slimebound:SplitBruiser"],"picked":"Slimebound:SplitMire","floor":12.0},{"not_picked":["Slimebound:SlimeSpikes","Slimebound:RainOfGoop"],"picked":"Slimebound:SlimeTap","floor":13.0},{"not_picked":["Slimebound:ViciousTackle+1","Slimebound:CheckThePlaybook"],"picked":"Slimebound:LevelUp","floor":15.0},{"not_picked":["Slimebound:Replication+1","Slimebound:HungryTackle+1","Slimebound:PressTheAttack+1"],"picked":"SKIP","floor":19.0},{"not_picked":["Slimebound:Equalize+1","Slimebound:PressTheAttack+1","Slimebound:SplitBruiser"],"picked":"SKIP","floor":20.0},{"not_picked":["Slimebound:HungryTackle+1","Slimebound:DivideAndConquer"],"picked":"Slimebound:SlimeBarrage+1","floor":21.0},{"not_picked":["Slimebound:Prepare+1","Slimebound:DivideAndConquer","Slimebound:ViciousTackle+1"],"picked":"SKIP","floor":22.0},{"not_picked":["Slimebound:Schlurp","Slimebound:FirmFortitude+1"],"picked":"Slimebound:LeechEnergy+1","floor":23.0},{"not_picked":["Slimebound:GoopSpray+1","Slimebound:SplitLeeching","Slimebound:DivideAndConquer+1"],"picked":"SKIP","floor":27.0},{"not_picked":["Slimebound:RollThrough+1","Slimebound:PressTheAttack+1","Slimebound:ServeAndProtect"],"picked":"SKIP","floor":28.0},{"not_picked":["Slimebound:GoopSpray","Slimebound:SlimeSpikes","Slimebound:ServeAndProtect"],"picked":"SKIP","floor":32.0},{"not_picked":["Slimebound:MassFeed+1","Slimebound:SlimeSlap+1"],"picked":"Slimebound:Teamwork","floor":33.0},{"not_picked":["Slimebound:SplitMire","Slimebound:GoopSpray+1"],"picked":"Slimebound:RejuvenatingLick+1","floor":37.0},{"not_picked":["Slimebound:SplitAcid+1","Slimebound:FinishingTackle+1","Slimebound:LeechEnergy+1"],"picked":"SKIP","floor":39.0},{"not_picked":["Slimebound:SlimeBarrage+1","Slimebound:SplitAcid+1"],"picked":"Slimebound:Nibble+1","floor":42.0},{"not_picked":["Slimebound:SlimeTap","Slimebound:Equalize+1"],"picked":"Slimebound:Recollect+1","floor":43.0},{"not_picked":["Slimebound:RejuvenatingLick","Slimebound:GoopTackle+1","Slimebound:SplitAcid+1"],"picked":"SKIP","floor":45.0},{"not_picked":["Slimebound:GoopTackle+1","Slimebound:LeechingTouch+1"],"picked":"Slimebound:SamplingLick+1","floor":47.0},{"not_picked":["Slimebound:GrowthPunch+1","Slimebound:FinishingTackle+1","Slimebound:SplitBruiser"],"picked":"SKIP","floor":48.0},{"not_picked":["Slimebound:AcidTongue+1","Slimebound:SpikyOuterGoop"],"picked":"Slimebound:LeadByExample","floor":48.0},{"not_picked":["Slimebound:ForwardTackle+1","Slimebound:GoopSpray+1"],"picked":"Slimebound:SplitMire","floor":48.0},{"not_picked":["Slimebound:SlimeBarrage+1","Slimebound:Recollect+1","Slimebound:Replication+1"],"picked":"SKIP","floor":49.0},{"not_picked":["Slimebound:TongueLash+1","Slimebound:RollThrough+1","Slimebound:GoopSpray+1"],"picked":"SKIP","floor":52.0}],"player_experience":2136370,"relics_obtained":[{"floor":3.0,"key":"Blood Vial"},{"floor":6.0,"key":"Toy Ornithopter"},{"floor":7.0,"key":"Kunai"},{"floor":8.0,"key":"Molten Egg 2"},{"floor":9.0,"key":"Odd Mushroom"},{"floor":14.0,"key":"Whetstone"},{"floor":19.0,"key":"Ancient Tea Set"},{"floor":24.0,"key":"War Paint"},{"floor":27.0,"key":"Bag of Preparation"},{"floor":30.0,"key":"Enchiridion"},{"floor":37.0,"key":"Pen Nib"},{"floor":52.0,"key":"Boot"}],"event_choices":[{"damage_healed":0.0,"max_hp_gain":0.0,"max_hp_loss":0.0,"gold_gain":0.0,"event_name":"Mushrooms","player_choice":"Fought Mushrooms","floor":9.0,"gold_loss":0.0,"damage_taken":0.0},{"cards_removed":["Slimebound:Defend_Slimebound"],"damage_healed":0.0,"max_hp_gain":0.0,"max_hp_loss":0.0,"gold_gain":0.0,"event_name":"Purifier","player_choice":"Purged","floor":26.0,"gold_loss":0.0,"damage_taken":0.0},{"damage_healed":0.0,"max_hp_gain":0.0,"max_hp_loss":0.0,"gold_gain":0.0,"event_name":"Vampires","player_choice":"Ignored","floor":29.0,"gold_loss":0.0,"damage_taken":0.0},{"cards_removed":["Slimebound:LeadByExample"],"damage_healed":0.0,"max_hp_gain":0.0,"max_hp_loss":0.0,"gold_gain":0.0,"event_name":"Falling","player_choice":"Removed Power","floor":36.0,"gold_loss":0.0,"damage_taken":0.0},{"damage_healed":0.0,"max_hp_gain":0.0,"max_hp_loss":0.0,"gold_gain":0.0,"event_name":"Duplicator","player_choice":"Copied","floor":38.0,"gold_loss":0.0,"damage_taken":0.0,"cards_obtained":["Slimebound:RejuvenatingLick"]}],"is_beta":false,"boss_relics":[{"not_picked":["Fusion Hammer","SlaversCollar"],"picked":"expansioncontent:StudyCardRelic"},{"not_picked":["Pandora\u0027s Box","Velvet Choker"],"picked":"Cursed Key"}],"items_purged_floors":[11,20,48,53],"is_endless":false,"potions_floor_spawned":[3,6,12,13,15,21,27,28,32,39,42,52],"ascension_level":1}}