{"host":"a5lz0e76zb3fcwkm","time":1608310698,"event":{"mods":["AchievementEnabler","BaseMod","Colored Map","Colored Powertips","Minty Spire (QoL Compilation)","StSLib","SuperFastMode"],"gold_per_floor":[114,132,132,144,162,188,216,141,141,157,172,172,201,41,41,41,41],"floor_reached":16,"playtime":360,"items_purged":["Strike_R"],"score":224,"play_id":"94a9a09a-9ba2-4c47-95dd-333b5981225d","local_time":"20201219015818","is_ascension_mode":true,"campfire_choices":[{"data":"Barricade","floor":15,"key":"SMITH"}],"circlet_count":0,"master_deck":["AscendersBane","Strike_R","Strike_R","Strike_R","Strike_R","Defend_R","Defend_R","Defend_R","Defend_R","Bash","Impervious","Wild Strike","Anger","Barricade+1"],"relics":["Burning Blood","Bag of Marbles","Odd Mushroom","StrikeDummy","WingedGreaves"],"acts_visited":["Exordium"],"potions_floor_usage":[6,13,13,16,16,16,16],"damage_taken":[{"damage":6,"enemies":"Cultist","floor":1,"turns":4},{"damage":9,"enemies":"Jaw Worm","floor":2,"turns":3},{"damage":0,"enemies":"2 Louse","floor":4,"turns":3},{"damage":10,"enemies":"2 Fungi Beasts","floor":5,"turns":4},{"damage":32,"enemies":"Gremlin Nob","floor":6,"turns":4},{"damage":10,"enemies":"The Mushroom Lair","floor":7,"turns":6},{"damage":0,"enemies":"Exordium Wildlife","floor":10,"turns":2},{"damage":14,"enemies":"Exordium Thugs","floor":11,"turns":6},{"damage":30,"enemies":"3 Sentries","floor":13,"turns":8},{"damage":34,"enemies":"Slime Boss","floor":16,"turns":9}],"seed_played":"-9125300334418888529","potions_obtained":[{"floor":2,"key":"BloodPotion"},{"floor":5,"key":"ColorlessPotion"},{"floor":10,"key":"LiquidBronze"}],"is_trial":false,"path_per_floor":["M","M","?","M","M","E","?","$","T","M","M","?","E","$","R","B"],"character_chosen":"IRONCLAD","items_purchased":["EntropicBrew","Explosive Potion"],"campfire_rested":0,"item_purchase_floors":[14,14],"current_hp_per_floor":[68,65,65,68,64,38,34,34,34,40,32,37,27,27,27,0,0],"gold":41,"neow_bonus":"THREE_RARE_CARDS","is_daily":false,"chose_seed":false,"campfire_upgraded":1,"win_rate":0.0,"timestamp":1608310698,"path_taken":["M","M","?","M","M","E","?","$","T","M","?","?","E","$","R","BOSS"],"items_purchased_type":["Potion","Potion"],"build_version":"2020-12-13","purchased_purges":1,"victory":false,"max_hp_per_floor":[68,68,68,68,68,68,68,68,68,68,68,73,73,73,73,73,73],"card_choices":[{"not_picked":["Juggernaut","Fiend Fire"],"picked":"Impervious","floor":0},{"not_picked":["Flame Barrier","Shrug It Off"],"picked":"Wild Strike","floor":1},{"not_picked":["Havoc","Sword Boomerang","Heavy Blade"],"picked":"SKIP","floor":2},{"not_picked":["Sentinel","Infernal Blade","Sword Boomerang"],"picked":"SKIP","floor":4},{"not_picked":["Sword Boomerang","Warcry"],"picked":"Anger","floor":5},{"not_picked":["Perfected Strike","Anger","Burning Pact"],"picked":"SKIP","floor":6},{"not_picked":["Twin Strike","Perfected Strike"],"picked":"Barricade","floor":7},{"not_picked":["Flex","Inflame","Thunderclap"],"picked":"SKIP","floor":10},{"not_picked":["Dropkick","Sword Boomerang","Armaments"],"picked":"SKIP","floor":11},{"not_picked":["Reaper","Intimidate","Wild Strike"],"picked":"SKIP","floor":13}],"player_experience":1610042,"relics_obtained":[{"floor":6,"key":"Bag of Marbles"},{"floor":7,"key":"Odd Mushroom"},{"floor":9,"key":"StrikeDummy"},{"floor":13,"key":"WingedGreaves"}],"event_choices":[{"damage_healed":0,"gold_gain":0,"player_choice":"Ignored","damage_taken":0,"max_hp_gain":0,"max_hp_loss":0,"event_name":"Liars Game","floor":3,"gold_loss":0},{"damage_healed":0,"gold_gain":0,"player_choice":"Fought Mushrooms","damage_taken":0,"max_hp_gain":0,"max_hp_loss":0,"event_name":"Mushrooms","floor":7,"gold_loss":0},{"damage_healed":0,"gold_gain":0,"player_choice":"Donut","damage_taken":0,"max_hp_gain":5,"max_hp_loss":0,"event_name":"Big Fish","floor":12,"gold_loss":0}],"is_beta":false,"boss_relics":[],"items_purged_floors":[8],"is_endless":false,"potions_floor_spawned":[2,5,10],"killed_by":"Slime Boss","ascension_level":20}}