{"host":"cz8vy971tc8wa11k","time":1608269567,"event":{"mods":["2.2 Compatiblity","BaseMod","Challenge The Spire","Colored Powertips","Downfall","GifTheSpireLib","Glutton Mod","GungeonMod","Minty Spire (QoL Compilation)","Prisma Mod","Rare Cards Sparkle","Remilia??????","Robot Space Explorer","Spicy Shops","StSLib","Stuff the Spire","The Dragon Tamer","The Druid","WarShipGirlsR/????R mod"],"gold_per_floor":[117,129,73,87,87,87,87,87],"floor_reached":6,"playtime":223,"items_purged":[],"score":36,"play_id":"a7442fed-839f-4a4c-9a91-1400a64c2119","local_time":"20201218003247","is_ascension_mode":false,"metric_token":1235,"campfire_choices":[],"dtmod_dragon_data":[50,50,-1,-1,0,0],"circlet_count":0,"master_deck":["DTMod:Strike","DTMod:Strike","DTMod:Strike","DTMod:Strike","DTMod:DoubleHit","DTMod:TargetDefense","DTMod:TargetDefense","DTMod:TargetDefense","DTMod:TargetDefense","DTMod:SwitchingTactic","DTMod:Threaten","DTMod:Feint","DTMod:HeatWave","Injury"],"relics":["DTMod:PactStone","NeowsBlessing","Bag of Preparation","Golden Idol"],"acts_visited":["Exordium"],"potions_floor_usage":[],"damage_taken":[{"damage":0,"enemies":"Jaw Worm","floor":1,"turns":1},{"damage":0,"enemies":"Cultist","floor":2,"turns":1},{"damage":0,"enemies":"Small Slimes","floor":4,"turns":1},{"damage":25,"enemies":"3 Sentries","floor":6,"turns":7}],"seed_played":"-5611310449210470798","potions_obtained":[{"floor":4,"key":"Explosive Potion"}],"is_trial":false,"path_per_floor":["M","M","?","M","?","E"],"character_chosen":"THE_DT","items_purchased":[],"campfire_rested":0,"item_purchase_floors":[],"current_hp_per_floor":[45,45,45,45,45,20,20,20],"gold":87,"neow_bonus":"THREE_ENEMY_KILL","is_daily":false,"chose_seed":false,"campfire_upgraded":0,"win_rate":0.0,"timestamp":1608269567,"path_taken":["M","M","?","?","?","E"],"items_purchased_type":[],"build_version":"2020-12-13","purchased_purges":0,"victory":false,"max_hp_per_floor":[45,45,45,45,45,45,45,45],"card_choices":[{"not_picked":["DTMod:Hide","DTMod:BurningEnergy"],"picked":"DTMod:Threaten","floor":1},{"not_picked":["DTMod:BlazingStrike","DTMod:Conduct"],"picked":"DTMod:Feint","floor":2},{"not_picked":["DTMod:DeepFocus","DTMod:BlazingStrike"],"picked":"DTMod:HeatWave","floor":4}],"player_experience":261162,"relics_obtained":[],"event_choices":[{"damage_healed":0,"gold_gain":0,"player_choice":"Paid Gold","damage_taken":0,"relics_obtained":["Bag of Preparation"],"max_hp_gain":0,"max_hp_loss":0,"event_name":"WeMeetAgain","floor":3,"gold_loss":56},{"damage_healed":0,"gold_gain":0,"player_choice":"Take Wound","damage_taken":0,"relics_obtained":["Golden Idol"],"max_hp_gain":0,"max_hp_loss":0,"event_name":"Golden Idol","floor":5,"gold_loss":0,"cards_obtained":["Injury"]}],"is_beta":false,"boss_relics":[],"items_purged_floors":[],"is_endless":false,"potions_floor_spawned":[4],"killed_by":"3 Sentries","ascension_level":0}}