{"host":"yvoppmyq353hf3pf","time":1608283135,"event":{"mods":["BaseMod","Colored Map","Colored Powertips","Downfall","Minty Spire (QoL Compilation)","StSLib"],"gold_per_floor":[99,112,112,73,73,173,219,252,252,277,295,314,329,329,347,347,347],"floor_reached":16,"playtime":695,"items_purged":[],"score":110,"play_id":"a941addd-a66c-4bc3-97b9-ceb3ff5b3d47","local_time":"20201218031855","is_ascension_mode":false,"campfire_choices":[{"data":"champ:Taunt","floor":1.0,"key":"SMITH"},{"data":"champ:BerserkersShout","floor":5.0,"key":"SMITH"},{"data":"champ:GladiatorStyle","floor":9.0,"key":"SMITH"}],"circlet_count":0,"master_deck":["champ:Strike+1","champ:Strike","champ:Strike","champ:Strike","champ:Defend+1","champ:Defend","champ:Defend","champ:Defend","champ:Execute","champ:Taunt+1","champ:Duel+1","champ:BerserkersShout+1","champ:FanOfKnives","champ:GladiatorStyle+1","champ:AdrenalArmor","champ:BringItOn","champ:FanOfKnives","champ:GladiatorsShout+1","Regret","champ:FlashCut"],"relics":["champ:ChampionCrown","Bag of Preparation","champ:FightingForDummies","Lantern"],"acts_visited":["Exordium"],"potions_floor_usage":[16],"damage_taken":[{"damage":7.0,"enemies":"Small Slimes","floor":2.0,"turns":4.0},{"damage":8.0,"enemies":"downfall:FleeingMerchant","floor":4.0,"turns":4.0},{"damage":58.0,"enemies":"Gremlin Nob","floor":8.0,"turns":5.0},{"damage":46.0,"enemies":"3 Sentries","floor":10.0,"turns":9.0},{"damage":6.0,"enemies":"Cultist","floor":11.0,"turns":2.0},{"damage":12.0,"enemies":"Jaw Worm","floor":12.0,"turns":4.0},{"damage":6.0,"enemies":"Lots of Slimes","floor":13.0,"turns":2.0},{"damage":5.0,"enemies":"3 Louse","floor":15.0,"turns":2.0},{"damage":25,"enemies":"downfall:Silent","floor":16,"turns":7}],"seed_played":"-7848847976880221111","potions_obtained":[{"floor":11.0,"key":"SpeedPotion"}],"is_trial":false,"path_per_floor":["R","M","?","$","R","?","T","E","R","E","M","M","M","?","M","B"],"character_chosen":"THE_CHAMP","items_purchased":["champ:FanOfKnives"],"campfire_rested":0,"item_purchase_floors":[4],"current_hp_per_floor":[99,97,97,97,97,97,97,62,62,31,31,31,25,25,25,0,0],"gold":347,"neow_bonus":"TEN_PERCENT_HP_BONUS","is_daily":false,"chose_seed":false,"campfire_upgraded":3,"win_rate":0.0,"timestamp":1608283135,"path_taken":["R","M","?","?","R","?","T","E","R","E","?","M","M","?","M","BOSS"],"items_purchased_type":["Card"],"build_version":"2020-12-13","purchased_purges":0,"victory":false,"max_hp_per_floor":[99,99,99,99,99,99,99,99,99,99,99,99,99,99,99,99,99],"card_choices":[{"not_picked":["champ:GladiatorsShout","champ:DefensiveShout"],"picked":"champ:Duel","floor":2.0},{"not_picked":["champ:FlashCut","champ:CrownThrow"],"picked":"champ:BerserkersShout","floor":4.0},{"not_picked":["champ:DefensiveStyle","champ:BladeFlurry"],"picked":"champ:GladiatorStyle","floor":8.0},{"not_picked":["champ:LastStand","champ:DeathBlow"],"picked":"champ:AdrenalArmor","floor":10.0},{"not_picked":["champ:SkillfulDodge","champ:TornadoPunch"],"picked":"champ:BringItOn","floor":11.0},{"not_picked":["champ:Encircle","champ:BerserkersShout"],"picked":"champ:FanOfKnives","floor":12.0},{"not_picked":["champ:PerfectForm","champ:DefensiveStyle"],"picked":"champ:GladiatorsShout","floor":13.0},{"not_picked":["champ:BringItOn","champ:GladiatorsShout"],"picked":"champ:FlashCut","floor":15.0}],"player_experience":1564551,"relics_obtained":[{"floor":7.0,"key":"Bag of Preparation"},{"floor":8.0,"key":"champ:FightingForDummies"},{"floor":10.0,"key":"Lantern"}],"event_choices":[{"damage_healed":0.0,"max_hp_gain":0.0,"max_hp_loss":0.0,"gold_gain":0.0,"event_name":"Upgrade Shrine","player_choice":"Upgraded","floor":3.0,"gold_loss":0.0,"damage_taken":0.0,"cards_upgraded":["champ:Duel"]}],"is_beta":false,"boss_relics":[],"items_purged_floors":[],"is_endless":false,"potions_floor_spawned":[11],"killed_by":"downfall:Silent","ascension_level":0}}