{"host":"jpcy2bclvs7juczu","time":1608308298,"event":{"mods":["BaseMod","Block Reminder","Colored Map","Colored Powertips","Curses Come First","Filter the Spire","Minty Spire (QoL Compilation)","Quick Restart","Relic Stats","StSLib","everything is the same but u backflip on backflip","ojb\u0027s Better Paths Mod","ojb\u0027s Info Mod"],"gold_per_floor":[115,132,57,132,132,132,159,159,159,159,173,202,220,170,170,269,269,279,298,1,1,17,342,362,380,380,415,415,431,431,463,463,560,560,570,845,864,864,878,913,926,960,1011,1025,1037,443,443,455,455,455],"floor_reached":51,"playtime":4171,"items_purged":["Strike_P","Regret"],"score":904,"play_id":"1e066d94-7ba8-487d-8b91-96ca512c7d18","local_time":"20201218161818","is_ascension_mode":false,"campfire_choices":[{"data":"BowlingBash","floor":6.0,"key":"SMITH"},{"data":"CrushJoints","floor":8.0,"key":"SMITH"},{"data":"TalkToTheHand","floor":15.0,"key":"SMITH"},{"data":"Wallop","floor":28.0,"key":"SMITH"},{"data":"Conclude","floor":32.0,"key":"SMITH"},{"data":"Ragnarok","floor":49.0,"key":"SMITH"}],"circlet_count":0,"master_deck":["Strike_P+1","Strike_P+1","Strike_P+1","Defend_P+1","Defend_P+1","Defend_P+1","Eruption+1","Vigilance+1","BowlingBash+1","TalkToTheHand+1","CrushJoints+1","CutThroughFate+1","Protect+1","Scrawl+1","EmptyFist+1","LessonLearned","SandsOfTime+1","Wallop+1","Tantrum+1","Protect+1","FearNoEvil","EmptyBody+1","Ghostly+1","Ghostly+1","Ghostly+1","Ghostly+1","Ghostly+1","Conclude+1","Ragnarok+1","ThirdEye+1","Worship+1","Brilliance","SandsOfTime"],"relics":["Snecko Eye","Happy Flower","Turnip","Shuriken","Philosopher\u0027s Stone","Orrery","Lantern","Old Coin","Blue Candle","Centennial Puzzle","Toy Ornithopter","VioletLotus","Damaru","Boot","Bronze Scales","Calipers","Strange Spoon","Mercury Hourglass"],"acts_visited":["Exordium","TheCity","TheBeyond"],"potions_floor_usage":[50,50,50],"damage_taken":[{"damage":0.0,"enemies":"2 Louse","floor":1.0,"turns":3.0},{"damage":0.0,"enemies":"Jaw Worm","floor":2.0,"turns":2.0},{"damage":2.0,"enemies":"3 Sentries","floor":7.0,"turns":5.0},{"damage":0.0,"enemies":"Small Slimes","floor":11.0,"turns":2.0},{"damage":0.0,"enemies":"Lagavulin","floor":12.0,"turns":2.0},{"damage":4.0,"enemies":"Gremlin Gang","floor":13.0,"turns":2.0},{"damage":13.0,"enemies":"Hexaghost","floor":16.0,"turns":5.0},{"damage":0.0,"enemies":"3 Byrds","floor":18.0,"turns":4.0},{"damage":5.0,"enemies":"Shell Parasite","floor":19.0,"turns":4.0},{"damage":0.0,"enemies":"Centurion and Healer","floor":22.0,"turns":4.0},{"damage":8.0,"enemies":"Book of Stabbing","floor":23.0,"turns":4.0},{"damage":13.0,"enemies":"Shelled Parasite and Fungi","floor":24.0,"turns":4.0},{"damage":3.0,"enemies":"Chosen and Byrds","floor":25.0,"turns":4.0},{"damage":0.0,"enemies":"Slavers","floor":27.0,"turns":3.0},{"damage":0.0,"enemies":"Snecko","floor":29.0,"turns":3.0},{"damage":3.0,"enemies":"Book of Stabbing","floor":31.0,"turns":6.0},{"damage":1.0,"enemies":"Collector","floor":33.0,"turns":6.0},{"damage":0.0,"enemies":"3 Shapes","floor":35.0,"turns":3.0},{"damage":0.0,"enemies":"Orb Walker","floor":37.0,"turns":3.0},{"damage":5.0,"enemies":"4 Shapes","floor":39.0,"turns":9.0},{"damage":3.0,"enemies":"Reptomancer","floor":40.0,"turns":6.0},{"damage":5.0,"enemies":"3 Darklings","floor":41.0,"turns":3.0},{"damage":1.0,"enemies":"Giant Head","floor":42.0,"turns":5.0},{"damage":0.0,"enemies":"Sphere and 2 Shapes","floor":44.0,"turns":3.0},{"damage":2.0,"enemies":"Jaw Worm Horde","floor":45.0,"turns":6.0},{"damage":2.0,"enemies":"Spire Growth","floor":48.0,"turns":6.0},{"damage":0,"enemies":"Time Eater","floor":50,"turns":5}],"seed_played":"-7608640938077570826","potions_obtained":[{"floor":7.0,"key":"AttackPotion"},{"floor":10.0,"key":"DistilledChaos"},{"floor":10.0,"key":"Explosive Potion"},{"floor":18.0,"key":"DuplicationPotion"},{"floor":24.0,"key":"Fire Potion"},{"floor":33.0,"key":"ColorlessPotion"},{"floor":37.0,"key":"AttackPotion"},{"floor":42.0,"key":"GamblersBrew"},{"floor":45.0,"key":"PowerPotion"}],"is_trial":false,"path_per_floor":["M","M","$","?","?","R","E","R","T","?","M","E","M","?","R","B",null,"M","M","$","?","M","E","M","M","T","E","R","M","?","E","R","B",null,"M","?","M","?","M","E","M","E","T","M","M","$","T","M","R","B",null],"character_chosen":"WATCHER","items_purchased":["Orrery","Lantern","Calipers","Strange Spoon","Dexterity Potion"],"campfire_rested":0,"item_purchase_floors":[20,20,46,46,46],"current_hp_per_floor":[72,72,72,61,47,47,45,45,45,45,45,45,41,41,41,28,72,72,67,67,67,67,59,46,43,43,43,43,43,36,33,33,32,36,36,36,36,36,31,28,28,27,27,27,30,30,30,28,28,36],"gold":455,"neow_bonus":"BOSS_RELIC","is_daily":false,"chose_seed":false,"campfire_upgraded":6,"win_rate":0.0,"timestamp":1608308298,"path_taken":["M","M","$","?","?","R","E","R","T","?","?","E","M","?","R","BOSS","M","M","$","?","M","E","M","M","T","E","R","M","?","E","R","BOSS","M","?","?","?","?","E","M","E","T","?","M","$","?","M","R","BOSS"],"items_purchased_type":["Relic","Relic","Relic","Relic","Potion"],"build_version":"2020-12-13","purchased_purges":2,"victory":true,"max_hp_per_floor":[72,72,72,72,72,72,72,72,72,72,72,72,72,72,72,72,72,72,72,72,72,72,72,72,72,72,72,72,72,36,36,36,36,36,36,36,36,36,36,36,36,36,36,36,36,36,36,36,36,36],"relic_stats":{"Happy Flower":[34],"counters":[27,112],"Blue Candle":[4],"Boot":[9],"Mercury Hourglass":[30],"Strange Spoon":[6],"Centennial Puzzle":[22],"Shuriken":[39],"Bronze Scales":[45],"Snecko Eye":[208,204,209,202],"Turnip":[12],"VioletLotus":[7],"obtain_stats":[{"Lantern":20,"Calipers":46,"Happy Flower":7,"Blue Candle":26,"Damaru":40,"Boot":42,"Old Coin":23,"Mercury Hourglass":47,"Strange Spoon":46,"Centennial Puzzle":27,"Shuriken":12,"Bronze Scales":43,"Snecko Eye":0,"Orrery":20,"Philosopher\u0027s Stone":17,"Turnip":9,"VioletLotus":34,"PureWater":0,"Toy Ornithopter":31},{"Lantern":9,"Calipers":25,"Happy Flower":3,"Blue Candle":13,"Damaru":21,"Boot":23,"Old Coin":11,"Mercury Hourglass":25,"Strange Spoon":25,"Centennial Puzzle":14,"Shuriken":5,"Bronze Scales":23,"Snecko Eye":0,"Orrery":9,"Philosopher\u0027s Stone":7,"Turnip":3,"VioletLotus":17,"PureWater":0,"Toy Ornithopter":16},{"Lantern":29,"Calipers":101,"Happy Flower":10,"Blue Candle":45,"Damaru":84,"Boot":92,"Old Coin":37,"Mercury Hourglass":101,"Strange Spoon":101,"Centennial Puzzle":48,"Shuriken":14,"Bronze Scales":92,"Snecko Eye":0,"Orrery":29,"Philosopher\u0027s Stone":21,"Turnip":10,"VioletLotus":63,"PureWater":0,"Toy Ornithopter":57}],"Toy Ornithopter":18},"card_choices":[{"not_picked":["CutThroughFate","CrushJoints"],"picked":"BowlingBash","floor":1.0},{"not_picked":["EmptyBody","Vengeance"],"picked":"TalkToTheHand","floor":2.0},{"not_picked":["Perseverance","SashWhip"],"picked":"CrushJoints","floor":7.0},{"not_picked":["Crescendo","ThirdEye","JustLucky"],"picked":"SKIP","floor":11.0},{"not_picked":["Evaluate","Nirvana"],"picked":"CutThroughFate","floor":12.0},{"not_picked":["ThirdEye","Vengeance"],"picked":"Protect","floor":13.0},{"not_picked":["DeusExMachina","Omniscience"],"picked":"Scrawl","floor":16.0},{"not_picked":["Vengeance","Consecrate","ClearTheMind"],"picked":"SKIP","floor":18.0},{"not_picked":["FollowUp","ClearTheMind"],"picked":"EmptyFist","floor":19.0},{"not_picked":["CutThroughFate","Consecrate"],"picked":"LessonLearned","floor":20.0},{"not_picked":["JustLucky","Conclude"],"picked":"SandsOfTime","floor":20.0},{"not_picked":["ClearTheMind","WaveOfTheHand"],"picked":"Wallop","floor":20.0},{"not_picked":["Consecrate","Weave"],"picked":"Protect+1","floor":22.0},{"not_picked":["Protect","PathToVictory+1"],"picked":"FearNoEvil","floor":23.0},{"not_picked":["EmptyFist","EmptyBody","PathToVictory+1"],"picked":"SKIP","floor":24.0},{"not_picked":["ThirdEye","FlyingSleeves+1","CrushJoints"],"picked":"SKIP","floor":25.0},{"not_picked":["PathToVictory","Vengeance"],"picked":"EmptyBody+1","floor":27.0},{"not_picked":["FlyingSleeves","BattleHymn","Consecrate"],"picked":"SKIP","floor":29.0},{"not_picked":["EmptyFist","Crescendo"],"picked":"Conclude","floor":31.0},{"not_picked":["ConjureBlade","Judgement"],"picked":"Ragnarok","floor":33.0},{"not_picked":["CutThroughFate","InnerPeace","Protect"],"picked":"SKIP","floor":35.0},{"not_picked":["Crescendo+1","Perseverance+1"],"picked":"ThirdEye+1","floor":37.0},{"not_picked":["BowlingBash","LikeWater+1","EmptyBody"],"picked":"SKIP","floor":39.0},{"not_picked":["EmptyBody+1","Nirvana"],"picked":"Worship","floor":40.0},{"not_picked":["SashWhip+1","FearNoEvil","FlurryOfBlows"],"picked":"SKIP","floor":41.0},{"not_picked":["Perseverance","Crescendo","InnerPeace"],"picked":"SKIP","floor":42.0},{"not_picked":["BowlingBash+1","JustLucky"],"picked":"Brilliance","floor":44.0},{"not_picked":["FollowUp","ClearTheMind","CrushJoints"],"picked":"SKIP","floor":45.0},{"not_picked":["WindmillStrike","PathToVictory+1"],"picked":"SandsOfTime","floor":48.0}],"player_experience":168159,"relics_obtained":[{"floor":7.0,"key":"Happy Flower"},{"floor":9.0,"key":"Turnip"},{"floor":12.0,"key":"Shuriken"},{"floor":23.0,"key":"Old Coin"},{"floor":26.0,"key":"Blue Candle"},{"floor":27.0,"key":"Centennial Puzzle"},{"floor":31.0,"key":"Toy Ornithopter"},{"floor":40.0,"key":"Damaru"},{"floor":42.0,"key":"Boot"},{"floor":43.0,"key":"Bronze Scales"},{"floor":47.0,"key":"Mercury Hourglass"}],"event_choices":[{"damage_healed":0.0,"max_hp_gain":0.0,"max_hp_loss":0.0,"gold_gain":75.0,"event_name":"World of Goop","player_choice":"Gather Gold","floor":4.0,"gold_loss":0.0,"damage_taken":11.0},{"damage_healed":0.0,"max_hp_gain":0.0,"max_hp_loss":0.0,"gold_gain":0.0,"event_name":"Shining Light","player_choice":"Entered Light","floor":5.0,"gold_loss":0.0,"damage_taken":14.0,"cards_upgraded":["Defend_P","Strike_P"]},{"damage_healed":0.0,"max_hp_gain":0.0,"max_hp_loss":0.0,"gold_gain":0.0,"event_name":"Lab","player_choice":"Got Potions","floor":10.0,"gold_loss":0.0,"damage_taken":0.0},{"cards_removed":["Defend_P"],"damage_healed":0.0,"max_hp_gain":0.0,"max_hp_loss":0.0,"gold_gain":0.0,"event_name":"The Cleric","player_choice":"Card Removal","floor":14.0,"gold_loss":50.0,"damage_taken":0.0},{"damage_healed":0.0,"max_hp_gain":0.0,"max_hp_loss":0.0,"gold_gain":0.0,"event_name":"The Library","player_choice":"Read","floor":21.0,"gold_loss":0.0,"damage_taken":0.0,"cards_obtained":["Tantrum"]},{"damage_healed":0.0,"max_hp_gain":0.0,"max_hp_loss":36.0,"gold_gain":0.0,"event_name":"Ghosts","player_choice":"Became a Ghost","floor":30.0,"gold_loss":0.0,"damage_taken":0.0,"cards_obtained":["Ghostly","Ghostly","Ghostly","Ghostly","Ghostly"]},{"damage_healed":0.0,"max_hp_gain":0.0,"max_hp_loss":0.0,"gold_gain":275.0,"event_name":"Golden Shrine","player_choice":"Desecrate","floor":36.0,"gold_loss":0.0,"damage_taken":0.0,"cards_obtained":["Regret"]},{"damage_healed":0.0,"max_hp_gain":0.0,"max_hp_loss":0.0,"gold_gain":0.0,"event_name":"SecretPortal","player_choice":"Ignored","floor":38.0,"gold_loss":0.0,"damage_taken":0.0}],"is_beta":false,"boss_relics":[{"not_picked":["Pandora\u0027s Box","SlaversCollar"],"picked":"Philosopher\u0027s Stone"},{"not_picked":["Cursed Key","Runic Pyramid"],"picked":"VioletLotus"}],"items_purged_floors":[3,46],"is_endless":false,"potions_floor_spawned":[7,11,18,24,33,37,42,44,45],"ascension_level":0}}