{"host":"y0wkltgt9g64tmdy","time":1608271370,"event":{"mods":["BaseMod","Marisa£®ÏF”Í°°ƒß¿Ì…≥£©","Minty Spire (QoL Compilation)","Reimu£®≤©¿ˆ¡È√Œ£©","Remilia£®¿Ÿ√◊¿Ú—«£©","Replay The Spire","Shop Mod","StSLib","The Bug Knight","The Gatherer","Waifu the Spire","Youmu£®ªÍ∆«—˝√Œ£©","[µÿæ´ ◊¡Ï≈¿À˛]The Maniac"],"gold_per_floor":[111,131,142,157,167,167,263,273,273,299,299,329,356,384,384,500,500,530,470,470,107,206,206,206],"floor_reached":23,"playtime":969,"items_purged":["Strike_MRS"],"score":195,"play_id":"b0d5f3f2-ec0d-4fc6-928f-591155bc5943","local_time":"20201218140250","is_ascension_mode":false,"campfire_choices":[{"floor":6,"key":"REST"},{"floor":11,"key":"REST"}],"circlet_count":0,"master_deck":["Strike_MRS","Strike_MRS","Defend_MRS","Defend_MRS","Defend_MRS","Defend_MRS","MasterSpark","UpSweep","StarBarrage","GrandCross","PropBag","GalacticHalo","PowerUp","MilkyWay","GrandCross","DoubleSpark","WitchOfGreed","GrandCross","PropBag","BlazingStar","GravityBeat","CasketOfStar","PowerUp+1"],"relics":["MiniHakkero","Replay:Baseball","Snack Pack","ScarletDevilRocket","Sozu","Ice Cream","Ornamental Fan","Kunai"],"acts_visited":["Exordium","TheCity"],"potions_floor_usage":[14,16,16,23],"damage_taken":[{"damage":1,"enemies":"Cultist","floor":1,"turns":3},{"damage":13,"enemies":"Jaw Worm","floor":2,"turns":3},{"damage":0,"enemies":"Small Slimes","floor":3,"turns":2},{"damage":8,"enemies":"2 Fungi Beasts","floor":4,"turns":3},{"damage":10,"enemies":"Looter","floor":5,"turns":3},{"damage":9,"enemies":"Blue Slaver","floor":8,"turns":4},{"damage":12,"enemies":"3 Sentries","floor":10,"turns":6},{"damage":9,"enemies":"2 Fungi Beasts","floor":12,"turns":3},{"damage":1,"enemies":"Gremlin Gang","floor":13,"turns":3},{"damage":0,"enemies":"3 Louse","floor":14,"turns":2},{"damage":48,"enemies":"The Guardian","floor":16,"turns":10},{"damage":29,"enemies":"2 Thieves","floor":18,"turns":5},{"damage":65,"enemies":"Gremlin Leader","floor":23,"turns":4}],"seed_played":"284992319929543898","potions_obtained":[{"floor":2,"key":"Ancient Potion"},{"floor":8,"key":"Dexterity Potion"},{"floor":10,"key":"GrandPatriotsElixir:ReiMu"},{"floor":12,"key":"BlessingOfTheForge"},{"floor":12,"key":"Weak Potion"},{"floor":14,"key":"Fruit Juice"},{"floor":16,"key":"Weak Potion"}],"is_trial":false,"path_per_floor":["M","M","M","M","M","R","?","M","T","E","R","M","M","M","R","B",null,"M","?","?","$","?","E"],"character_chosen":"MARISA","items_purchased":["Ice Cream"],"campfire_rested":2,"item_purchase_floors":[21],"current_hp_per_floor":[81,68,68,60,50,74,74,65,65,57,81,74,75,82,82,40,87,60,60,60,60,60,0,0],"gold":206,"neow_bonus":"TEN_PERCENT_HP_BONUS","is_daily":false,"chose_seed":false,"campfire_upgraded":0,"win_rate":0.0,"timestamp":1608271370,"path_taken":["M","?","M","?","M","R","?","M","T","E","R","M","M","M","R","BOSS","M","?","?","$","?","E"],"items_purchased_type":["Relic"],"build_version":"2020-12-13","purchased_purges":1,"victory":false,"max_hp_per_floor":[82,82,82,82,82,82,82,82,82,82,82,82,82,87,87,87,87,87,87,87,87,87,87,87],"card_choices":[{"not_picked":["SporeBomb","ShootingEcho"],"picked":"StarBarrage","floor":1},{"not_picked":["PowerUp","OortCloud"],"picked":"GrandCross","floor":2},{"not_picked":["Acceleration","PowerUp"],"picked":"PropBag","floor":3},{"not_picked":["SprinkleStarSeal","AsteroidBelt"],"picked":"GalacticHalo","floor":4},{"not_picked":["OneTimeOff","GalacticHalo"],"picked":"PowerUp","floor":5},{"not_picked":["ManaRampage","SprinkleStarSeal"],"picked":"MilkyWay","floor":7},{"not_picked":["IllusionStar","WitchLeyline"],"picked":"GrandCross","floor":7},{"not_picked":["GasGiant","Acceleration"],"picked":"DoubleSpark","floor":8},{"not_picked":["StarlightTyphoon","DarkMatter"],"picked":"WitchOfGreed","floor":10},{"not_picked":["Acceleration","IllusionStar"],"picked":"GrandCross","floor":12},{"not_picked":["LuminesStrike","DoubleSpark"],"picked":"PropBag","floor":13},{"not_picked":["ShootingEcho","MilkyWay"],"picked":"BlazingStar","floor":14},{"not_picked":["FinalSpark","StarDustReverie"],"picked":"CasketOfStar","floor":16},{"not_picked":["6A","WitchLeyline"],"picked":"PowerUp+1","floor":18}],"player_experience":80615,"relics_obtained":[{"floor":7,"key":"Replay:Baseball"},{"floor":9,"key":"Snack Pack"},{"floor":10,"key":"ScarletDevilRocket"}],"event_choices":[{"damage_healed":0,"gold_gain":0,"player_choice":"Ignored","damage_taken":0,"max_hp_gain":0,"max_hp_loss":0,"event_name":"Vampires","floor":20,"gold_loss":0},{"damage_healed":0,"gold_gain":99,"player_choice":"Stole From Cult","damage_taken":0,"max_hp_gain":0,"max_hp_loss":0,"event_name":"Nest","floor":22,"gold_loss":0}],"is_beta":false,"boss_relics":[{"not_picked":["Runic Dome","Velvet Choker"],"picked":"Sozu"}],"items_purged_floors":[21],"is_endless":false,"potions_floor_spawned":[2,8,10,12],"killed_by":"Gremlin Leader","ascension_level":0}}