{"host":"b4asi0laiv85suj9","time":1608272706,"event":{"mods":["BaseMod","Minty Spire (QoL Compilation)","MostiFishMod","Relic Stats","StSLib","TestMod","noobMod"],"gold_per_floor":[115,115,115,142,164,196,196,231,257,257,182,217,232,257,257,367,367,380,397,181,193,210,245,245,245,245,245,83,101,144,156,156,270,270,281,281,161,170,190,190,226,226,251,276,285,311,311,339,339,340,340,340,200,233,253],"floor_reached":56,"playtime":1590,"items_purged":["Strike_R","Defend_R","Strike_R","Defend_R","Strike_R"],"score":2328,"play_id":"add20c51-2393-40aa-a820-75bc6308ad53","local_time":"20201218142506","is_ascension_mode":true,"campfire_choices":[{"data":"MostiFishMod:FrostNova","floor":7.0,"key":"SMITH"},{"data":"Burning Pact","floor":10.0,"key":"SMITH"},{"data":"Bash","floor":15.0,"key":"SMITH"},{"data":"MostiFishMod:PerfectStrikeMKII","floor":25.0,"key":"SMITH"},{"data":"Pommel Strike","floor":27.0,"key":"SMITH"},{"data":"Acrobatics","floor":32.0,"key":"SMITH"},{"data":"MostiFishMod:404NotFound","floor":40.0,"key":"SMITH"},{"data":"Backflip","floor":42.0,"key":"SMITH"},{"floor":47,"key":"RECALL"},{"data":"Rage","floor":49,"key":"SMITH"},{"data":"MostiFishMod:InterfaceCompatibility","floor":52,"key":"SMITH"}],"circlet_count":0,"master_deck":["AscendersBane","Defend_R","Bash+1","Burning Pact+1","MostiFishMod:FrostNova+1","Backflip+1","Judgement","Pommel Strike+1","MostiFishMod:PerfectStrikeMKII+1","Rage+1","Reaper","Acrobatics+1","MostiFishMod:404NotFound+1","Bandage Up","MostiFishMod:InterfaceCompatibility+1"],"relics":["Burning Blood","testmod-TestBox","DaveBox","ice","NeowsBlessing","JellyFishMachine","testmod-ObsoleteBoomerang","Question Card","PrismaticShard","CeramicFish","testmod-IndustrialRevolution","testmod-Hope","Potion Belt","testmod-HeartOfDaVinci","Gambling Chip","ImportantClient","testmod-PortableAltar","Ancient Tea Set","testmod-Acrobat","FeatherPendant","Pen Nib","SynthV:C4","Toxic Egg 2","Symbiotic Virus","HornCleat","Bottled Flame"],"acts_visited":["Exordium","TheCity","TheBeyond","TheEnding"],"potions_floor_usage":[55,55,55],"damage_taken":[{"damage":0.0,"enemies":"Jaw Worm","floor":1.0,"turns":1.0},{"damage":0.0,"enemies":"Cultist","floor":4.0,"turns":1.0},{"damage":0.0,"enemies":"Small Slimes","floor":5.0,"turns":1.0},{"damage":10.0,"enemies":"Lagavulin","floor":6.0,"turns":5.0},{"damage":0.0,"enemies":"3 Sentries","floor":8.0,"turns":3.0},{"damage":20.0,"enemies":"Lagavulin","floor":12.0,"turns":4.0},{"damage":14.0,"enemies":"3 Louse","floor":13.0,"turns":2.0},{"damage":2.0,"enemies":"Gremlin Nob","floor":14.0,"turns":3.0},{"damage":1.0,"enemies":"The Guardian","floor":16.0,"turns":6.0},{"damage":11.0,"enemies":"Shell Parasite","floor":18.0,"turns":2.0},{"damage":8.0,"enemies":"2 Thieves","floor":19.0,"turns":2.0},{"damage":3.0,"enemies":"Centurion and Healer","floor":21.0,"turns":3.0},{"damage":1.0,"enemies":"Snake Plant","floor":22.0,"turns":2.0},{"damage":14.0,"enemies":"Book of Stabbing","floor":23.0,"turns":5.0},{"damage":4.0,"enemies":"Slavers","floor":30.0,"turns":2.0},{"damage":0.0,"enemies":"Shelled Parasite and Fungi","floor":31.0,"turns":2.0},{"damage":10.0,"enemies":"Automaton","floor":33.0,"turns":6.0},{"damage":16.0,"enemies":"3 Shapes","floor":35.0,"turns":1.0},{"damage":0.0,"enemies":"Orb Walker","floor":39.0,"turns":1.0},{"damage":0.0,"enemies":"Giant Head","floor":41.0,"turns":1.0},{"damage":0.0,"enemies":"Reptomancer","floor":44.0,"turns":1.0},{"damage":0,"enemies":"Transient","floor":46,"turns":1},{"damage":0,"enemies":"Giant Head","floor":48,"turns":1},{"damage":0,"enemies":"Donu and Deca","floor":50,"turns":1},{"damage":0,"enemies":"Shield and Spear","floor":54,"turns":1},{"damage":5,"enemies":"The Heart","floor":55,"turns":3}],"seed_played":"739498172298415787","potions_obtained":[{"floor":1.0,"key":"Energy Potion"},{"floor":4.0,"key":"SteroidPotion"},{"floor":12.0,"key":"SteroidPotion"},{"floor":19.0,"key":"Strength Potion"},{"floor":22.0,"key":"testmod-TestPotion"},{"floor":35.0,"key":"SkillPotion"},{"floor":39.0,"key":"Fire Potion"},{"floor":41.0,"key":"HeartOfIron"}],"is_trial":false,"path_per_floor":["M","?","?","M","M","E","R","E","T","R","$","E","M","E","R","B",null,"M","M","$","M","M","E","?","R","T","R","$","?","E","M","R","B",null,"M","?","$","?","M","R","E","R","T","E","T","M","R","E","R","B",null,"R","$","E","B",null],"character_chosen":"IRONCLAD","items_purchased":["Pommel Strike","MostiFishMod:PerfectStrikeMKII","testmod-SpacePotion"],"campfire_rested":0,"item_purchase_floors":[20,20,28],"current_hp_per_floor":[78,71,68,74,80,76,76,80,80,80,80,66,58,62,62,67,77,72,70,70,73,75,66,53,53,53,53,53,53,55,61,61,64,67,57,57,57,57,60,59,58,57,56,55,54,53,52,51,50,49,48,47,46,45,44],"gold":253,"neow_bonus":"THREE_ENEMY_KILL","is_daily":false,"chose_seed":false,"campfire_upgraded":10,"win_rate":0.0,"timestamp":1608272706,"path_taken":["M","?","?","M","M","E","R","E","T","R","?","E","?","E","R","BOSS","M","M","?","M","M","E","?","R","T","R","$","?","E","M","R","BOSS","M","?","$","?","?","R","E","R","T","E","?","M","R","E","R","BOSS","R","$","E","BOSS"],"items_purchased_type":["Card","Card","Potion"],"build_version":"2020-12-13","purchased_purges":5,"victory":true,"max_hp_per_floor":[80,80,80,80,80,80,80,80,80,80,80,80,80,80,80,80,80,79,78,77,76,75,74,78,77,76,75,74,73,72,71,70,69,68,67,63,62,61,60,59,58,57,56,55,54,53,52,51,50,49,48,47,46,45,44],"relic_stats":{"counters":[26,61],"CeramicFish":99,"Gambling Chip":[27],"Pen Nib":[1],"Question Card":24,"obtain_stats":[{"DaveBox":0,"CeramicFish":3,"testmod-PortableAltar":17,"ice":0,"PrismaticShard":1,"Ancient Tea Set":23,"Burning Blood":0,"SynthV:C4":43,"HornCleat":48,"Gambling Chip":14,"testmod-ObsoleteBoomerang":0,"Toxic Egg 2":44,"ImportantClient":16,"Potion Belt":9,"testmod-TestBox":0,"NeowsBlessing":0,"JellyFishMachine":0,"Pen Nib":41,"Question Card":1,"testmod-IndustrialRevolution":6,"Bottled Flame":54,"FeatherPendant":34,"testmod-Acrobat":30,"testmod-Hope":8,"Symbiotic Virus":45,"testmod-HeartOfDaVinci":12},{"DaveBox":0,"CeramicFish":1,"testmod-PortableAltar":9,"ice":0,"PrismaticShard":1,"Ancient Tea Set":14,"Burning Blood":0,"SynthV:C4":20,"HornCleat":23,"Gambling Chip":8,"testmod-ObsoleteBoomerang":0,"Toxic Egg 2":21,"ImportantClient":9,"Potion Belt":5,"testmod-TestBox":0,"NeowsBlessing":0,"JellyFishMachine":0,"Pen Nib":20,"Question Card":1,"testmod-IndustrialRevolution":4,"Bottled Flame":25,"FeatherPendant":17,"testmod-Acrobat":15,"testmod-Hope":5,"Symbiotic Virus":21,"testmod-HeartOfDaVinci":6},{"DaveBox":0,"CeramicFish":1,"testmod-PortableAltar":26,"ice":0,"PrismaticShard":1,"Ancient Tea Set":40,"Burning Blood":0,"SynthV:C4":53,"HornCleat":56,"Gambling Chip":20,"testmod-ObsoleteBoomerang":0,"Toxic Egg 2":54,"ImportantClient":26,"Potion Belt":11,"testmod-TestBox":0,"NeowsBlessing":0,"JellyFishMachine":0,"Pen Nib":53,"Question Card":1,"testmod-IndustrialRevolution":8,"Bottled Flame":58,"FeatherPendant":50,"testmod-Acrobat":42,"testmod-Hope":11,"Symbiotic Virus":54,"testmod-HeartOfDaVinci":15}],"Burning Blood":107},"card_choices":[{"not_picked":["Infernal Blade","Metallicize"],"picked":"Burning Pact","floor":1.0},{"not_picked":["Rebound","Eviscerate","Redo"],"picked":"MostiFishMod:FrostNova","floor":4.0},{"not_picked":["Go for the Eyes","Protect","FlurryOfBlows"],"picked":"Backflip","floor":5.0},{"not_picked":["Armaments","Steam","Outmaneuver","Caltrops"],"picked":"SKIP","floor":6.0},{"not_picked":["Rip and Tear","Sanctity","Flex","Chrysalis"],"picked":"SKIP","floor":8.0},{"not_picked":["Quick Slash","FearNoEvil","MostiFishMod:ScryFuture","testmod-TemporaryDeletion"],"picked":"SKIP","floor":12.0},{"not_picked":["PathToVictory","Dagger Throw","Steam","Static Discharge"],"picked":"SKIP","floor":13.0},{"not_picked":["testmod-Recap","testmod-LimitFlipper","Redo","Uppercut"],"picked":"SKIP","floor":14.0},{"not_picked":["Brilliance","MostiFishMod:FlowState","MostiFishMod:StarOceanB"],"picked":"Judgement","floor":16.0},{"not_picked":["BowlingBash","Stack","Perseverance","Beam Cell"],"picked":"SKIP","floor":18.0},{"not_picked":["Heavy Blade","FollowUp","Bane+1","Cleave"],"picked":"SKIP","floor":19.0},{"not_picked":["Perfected Strike","Cold Snap","Clash","MentalFortress"],"picked":"SKIP","floor":21.0},{"not_picked":["Reprogram","True Grit","Bandage Up","Dash"],"picked":"SKIP","floor":22.0},{"not_picked":["MostiFishMod:ATRI","Heel Hook","FlyingSleeves","Pummel"],"picked":"SKIP","floor":23.0},{"not_picked":["Crescendo+1","Eviscerate","Steam"],"picked":"Acrobatics","floor":30.0},{"not_picked":["Bane","Acrobatics","Clothesline","Weave"],"picked":"SKIP","floor":31.0},{"not_picked":["Scrawl","MostiFishMod:GrandStart","MostiFishMod:Nova"],"picked":"MostiFishMod:404NotFound","floor":33.0},{"not_picked":["Pommel Strike","WheelKick+1","Slice","Wild Strike"],"picked":"SKIP","floor":35.0},{"not_picked":["testmod-PainDetonator","Mind Blast","testmod-ComboMaster"],"picked":"Bandage Up","floor":38.0},{"not_picked":["PathToVictory+1","ThirdEye","Lockon+1","Dodge and Roll+1"],"picked":"SKIP","floor":39.0},{"not_picked":["Fire Breathing","SandsOfTime","Bloodletting","Recycle"],"picked":"SKIP","floor":41.0},{"not_picked":["All Out Attack","Compile Driver+1","Redo+1","MostiFishMod:PerfectParry+1"],"picked":"SKIP","floor":44.0},{"not_picked":["Lockon","True Grit+1","Quick Slash","Deflect+1"],"picked":"SKIP","floor":46},{"not_picked":["testmod-TaurusBlackCat","testmod-Librarian+1","MostiFishMod:PoisonShield+1","PathToVictory+1"],"picked":"SKIP","floor":48},{"not_picked":["ClearTheMind+1","testmod-HeadAttack+1","Sever Soul+1","MostiFishMod:PerfectParry+1"],"picked":"SKIP","floor":54}],"player_experience":193370,"relics_obtained":[{"floor":1.0,"key":"Question Card"},{"floor":1.0,"key":"PrismaticShard"},{"floor":6.0,"key":"testmod-IndustrialRevolution"},{"floor":8.0,"key":"testmod-Hope"},{"floor":9.0,"key":"Potion Belt"},{"floor":12.0,"key":"testmod-HeartOfDaVinci"},{"floor":14.0,"key":"Gambling Chip"},{"floor":16.0,"key":"ImportantClient"},{"floor":23.0,"key":"Ancient Tea Set"},{"floor":30.0,"key":"testmod-Acrobat"},{"floor":41.0,"key":"Pen Nib"},{"floor":43.0,"key":"SynthV:C4"},{"floor":44.0,"key":"Toxic Egg 2"},{"floor":45,"key":"Symbiotic Virus"},{"floor":48,"key":"HornCleat"},{"floor":54,"key":"Bottled Flame"}],"event_choices":[{"cards_removed":["Strike_R"],"damage_healed":0.0,"max_hp_gain":0.0,"max_hp_loss":0.0,"gold_gain":0.0,"event_name":"Golden Wing","player_choice":"Card Removal","floor":2.0,"gold_loss":0.0,"damage_taken":7.0},{"damage_healed":0.0,"max_hp_gain":0.0,"max_hp_loss":0.0,"gold_gain":0.0,"event_name":"Scrap Ooze","player_choice":"Success","floor":3.0,"gold_loss":0.0,"damage_taken":3.0,"relics_obtained":["CeramicFish"]},{"damage_healed":0.0,"max_hp_gain":5.0,"max_hp_loss":0.0,"gold_gain":0.0,"event_name":"Forgotten Altar","player_choice":"Shed Blood","floor":24.0,"gold_loss":0.0,"damage_taken":18.0},{"damage_healed":0.0,"max_hp_gain":0.0,"max_hp_loss":0.0,"gold_gain":0.0,"cards_transformed":["Defend_R","Strike_R"],"event_name":"Drug Dealer","player_choice":"Became Test Subject","floor":29.0,"gold_loss":0.0,"damage_taken":0.0,"cards_obtained":["Rage","Reaper"]},{"damage_healed":0.0,"max_hp_gain":0.0,"max_hp_loss":3.0,"gold_gain":0.0,"event_name":"Winding Halls","player_choice":"Max HP","floor":36.0,"gold_loss":0.0,"damage_taken":0.0},{"damage_healed":0.0,"max_hp_gain":0.0,"max_hp_loss":0.0,"gold_gain":0.0,"event_name":"SensoryStone","player_choice":"Memory 1","floor":38.0,"gold_loss":0.0,"damage_taken":0.0}],"is_beta":false,"boss_relics":[{"not_picked":["Sozu","testmod-SaigiyounoYou"],"picked":"testmod-PortableAltar"},{"not_picked":["GuanYuAspect","testmod-TimeTraveler"],"picked":"FeatherPendant"}],"items_purged_floors":[11,20,28,37,53],"is_endless":false,"potions_floor_spawned":[1,4,8,12,19,22,23,35,39,41],"ascension_level":12}}