{"host":"qyjrmrr57odine7m","time":1608304723,"event":{"mods":["AchievementEnabler","BaseMod","Bestiary","Block Reminder","Card Forge","Highlight Path","Minty Spire (QoL Compilation)","Permanent Neow","StSLib"],"gold_per_floor":[11,28,46,57,72,106,135,135,135,62,237,252,268,297,297,393,393,410,429,126,144,155,180,180,211,258,357,357,374,409,409,409,509,509,527,527,527,539,557,557,577,170,197,224,224,239,239,252,252,252],"floor_reached":51,"playtime":2657,"items_purged":[],"score":921,"play_id":"187836de-0391-44df-8e49-7f4989dbce2c","local_time":"20201218151843","is_ascension_mode":false,"campfire_choices":[{"floor":8,"key":"REST"},{"floor":15,"key":"REST"},{"floor":24,"key":"REST"},{"floor":28,"key":"REST"},{"floor":32,"key":"REST"},{"floor":40,"key":"REST"},{"floor":45,"key":"REST"},{"floor":49,"key":"REST"}],"circlet_count":0,"master_deck":["Defend_G+1","Defend_G+1","Defend_G+1","Survivor+1","Neutralize+1","Dagger Spray+1","Noxious Fumes+1","Poisoned Stab+1","Footwork+1","Dodge and Roll+1","Dodge and Roll+1","Noxious Fumes+1","Footwork+1","Footwork+1","Malaise+1"],"relics":["Ring of the Serpent","Hammer of Thor","Seething Fire","Anvil of the Gods","Tiny Chest","Odd Mushroom","Blue Candle","Incense Burner","Velvet Choker","Singing Bowl","Sundial","Ninja Scroll","Regal Pillow","FossilizedHelix","Medical Kit","Omamori","Orichalcum","Strawberry"],"acts_visited":["Exordium","TheCity","TheBeyond"],"potions_floor_usage":[6,14,14,16,25,33,33,35,50,50,50],"damage_taken":[{"damage":0,"enemies":"Jaw Worm","floor":1,"turns":2},{"damage":0,"enemies":"Small Slimes","floor":2,"turns":2},{"damage":0,"enemies":"Cultist","floor":3,"turns":3},{"damage":0,"enemies":"Exordium Wildlife","floor":4,"turns":3},{"damage":0,"enemies":"Exordium Thugs","floor":5,"turns":4},{"damage":0,"enemies":"Lagavulin","floor":6,"turns":6},{"damage":0,"enemies":"The Mushroom Lair","floor":7,"turns":2},{"damage":0,"enemies":"Blue Slaver","floor":12,"turns":4},{"damage":0,"enemies":"Exordium Wildlife","floor":13,"turns":3},{"damage":10,"enemies":"3 Sentries","floor":14,"turns":6},{"damage":6,"enemies":"The Guardian","floor":16,"turns":9},{"damage":0,"enemies":"Chosen","floor":18,"turns":4},{"damage":0,"enemies":"3 Byrds","floor":19,"turns":2},{"damage":0,"enemies":"Centurion and Healer","floor":21,"turns":6},{"damage":0,"enemies":"3 Cultists","floor":22,"turns":3},{"damage":0,"enemies":"Gremlin Leader","floor":23,"turns":7},{"damage":21,"enemies":"Slavers","floor":25,"turns":6},{"damage":0,"enemies":"Snake Plant","floor":29,"turns":4},{"damage":9,"enemies":"Gremlin Leader","floor":30,"turns":6},{"damage":0,"enemies":"Collector","floor":33,"turns":10},{"damage":26,"enemies":"3 Darklings","floor":35,"turns":4},{"damage":10,"enemies":"3 Shapes","floor":38,"turns":5},{"damage":0,"enemies":"Maw","floor":39,"turns":9},{"damage":0,"enemies":"4 Shapes","floor":41,"turns":7},{"damage":0,"enemies":"Sphere and 2 Shapes","floor":46,"turns":7},{"damage":0,"enemies":"Maw","floor":48,"turns":10},{"damage":0,"enemies":"Time Eater","floor":50,"turns":14}],"seed_played":"3692176265308364582","potions_obtained":[{"floor":2,"key":"AttackPotion"},{"floor":3,"key":"PowerPotion"},{"floor":6,"key":"Swift Potion"},{"floor":7,"key":"SpeedPotion"},{"floor":14,"key":"GamblersBrew"},{"floor":18,"key":"SkillPotion"},{"floor":33,"key":"EntropicBrew"}],"is_trial":false,"path_per_floor":["M","M","M","M","M","E","?","R","T","$","?","M","M","E","R","B",null,"M","M","$","M","M","E","R","E","T","?","R","M","E","T","R","B",null,"M","?","?","M","M","R","M","$","T","T","R","M","?","M","R","B",null],"character_chosen":"THE_SILENT","items_purchased":["Noxious Fumes","Singing Bowl","Block Potion","Dexterity Potion","Dexterity Potion","Medical Kit","Omamori"],"campfire_rested":8,"item_purchase_floors":[10,20,20,42,42,42,42],"current_hp_per_floor":[70,70,70,70,70,70,70,70,70,70,70,70,70,60,70,64,70,70,70,70,70,70,72,72,53,53,53,74,74,67,67,76,76,76,50,69,76,68,70,80,80,80,80,87,87,89,89,91,91,91],"gold":252,"neow_bonus":"RANDOM_COLORLESS_2","is_daily":false,"chose_seed":false,"campfire_upgraded":0,"win_rate":0.0,"timestamp":1608304723,"path_taken":["M","M","M","M","M","E","?","R","T","$","?","M","M","E","R","BOSS","M","M","$","M","M","E","R","E","T","?","R","M","E","?","R","BOSS","M","?","?","?","M","R","M","$","T","?","R","?","?","M","R","BOSS"],"items_purchased_type":["Card","Relic","Potion","Potion","Potion","Relic","Relic"],"build_version":"2020-12-13","purchased_purges":0,"victory":true,"max_hp_per_floor":[70,70,70,70,70,70,70,70,70,70,70,70,70,70,70,70,70,70,70,70,70,70,72,72,74,74,74,74,74,76,76,76,76,76,76,76,76,78,80,80,80,80,80,87,87,89,89,91,91,91],"card_choices":[{"not_picked":["Transmutation","Metamorphosis"],"picked":"Master of Strategy","floor":0},{"not_picked":["Dodge and Roll","Quick Slash"],"picked":"Dagger Spray","floor":1},{"not_picked":["Backstab","Deflect"],"picked":"Dagger Spray","floor":2},{"not_picked":["Slice","Backflip","Predator"],"picked":"SKIP","floor":3},{"not_picked":["Terror","Dash"],"picked":"A Thousand Cuts","floor":4},{"not_picked":["Escape Plan","Deadly Poison","Cloak And Dagger"],"picked":"SKIP","floor":5},{"not_picked":["Finisher","Masterful Stab","Backflip"],"picked":"SKIP","floor":6},{"not_picked":["Dagger Spray","Slice"],"picked":"Infinite Blades","floor":7},{"not_picked":["Acrobatics","Dagger Spray","Choke"],"picked":"SKIP","floor":12},{"not_picked":["Cloak And Dagger","Crippling Poison"],"picked":"Caltrops","floor":13},{"not_picked":["Prepared","Expertise"],"picked":"Poisoned Stab","floor":14},{"not_picked":["Catalyst","Quick Slash+1"],"picked":"Footwork","floor":18},{"not_picked":["Dagger Spray","Eviscerate","Dagger Throw"],"picked":"SKIP","floor":19},{"not_picked":["Bane","Slice"],"picked":"Dodge and Roll","floor":21},{"not_picked":["Dagger Spray","Night Terror"],"picked":"Dodge and Roll","floor":22},{"not_picked":["Calculated Gamble","All Out Attack","Blade Dance"],"picked":"Singing Bowl","floor":23},{"not_picked":["Burst","Quick Slash","Flying Knee"],"picked":"Singing Bowl","floor":25},{"not_picked":["Expertise","Deadly Poison"],"picked":"Noxious Fumes","floor":29},{"not_picked":["Die Die Die","Crippling Poison","Deflect"],"picked":"Singing Bowl","floor":30},{"not_picked":["Doppelganger","Envenom"],"picked":"Corpse Explosion","floor":33},{"not_picked":["Deflect","Dagger Throw+1"],"picked":"Footwork","floor":35},{"not_picked":["Bouncing Flask","Prepared+1","Dagger Spray+1"],"picked":"Singing Bowl","floor":38},{"not_picked":["Cloak And Dagger+1","Bane+1","Caltrops"],"picked":"Singing Bowl","floor":39},{"not_picked":["Blade Dance","All Out Attack+1"],"picked":"Footwork","floor":41},{"not_picked":["Flying Knee","Blade Dance","Wraith Form v2"],"picked":"Singing Bowl","floor":46},{"not_picked":["Slice+1","Deadly Poison","Dagger Throw+1"],"picked":"Singing Bowl","floor":48}],"player_experience":1178572,"relics_obtained":[{"floor":6,"key":"Tiny Chest"},{"floor":7,"key":"Odd Mushroom"},{"floor":9,"key":"Blue Candle"},{"floor":14,"key":"Incense Burner"},{"floor":23,"key":"Sundial"},{"floor":25,"key":"Ninja Scroll"},{"floor":26,"key":"Regal Pillow"},{"floor":31,"key":"FossilizedHelix"},{"floor":43,"key":"Orichalcum"},{"floor":44,"key":"Strawberry"}],"event_choices":[{"damage_healed":0,"gold_gain":0,"player_choice":"Fought Mushrooms","damage_taken":0,"max_hp_gain":0,"max_hp_loss":0,"event_name":"Mushrooms","floor":7,"gold_loss":0},{"damage_healed":0,"gold_gain":175,"player_choice":"AGREE","damage_taken":0,"max_hp_gain":0,"max_hp_loss":0,"event_name":"Liars Game","floor":11,"gold_loss":0,"cards_obtained":["Doubt"]},{"damage_healed":0,"gold_gain":99,"player_choice":"Stole From Cult","damage_taken":0,"max_hp_gain":0,"max_hp_loss":0,"event_name":"Nest","floor":27,"gold_loss":0},{"damage_healed":19,"gold_gain":0,"player_choice":"Writhe","damage_taken":0,"max_hp_gain":0,"max_hp_loss":0,"event_name":"Winding Halls","floor":36,"gold_loss":0,"cards_obtained":["Writhe"]},{"cards_removed":["Footwork"],"damage_healed":7,"gold_gain":0,"player_choice":"Offered Uncommon","damage_taken":0,"max_hp_gain":0,"max_hp_loss":0,"event_name":"Bonfire Elementals","floor":37,"gold_loss":0},{"cards_removed":["Dagger Spray"],"damage_healed":0,"gold_gain":0,"player_choice":"Removed Attack","damage_taken":0,"max_hp_gain":0,"max_hp_loss":0,"event_name":"Falling","floor":47,"gold_loss":0}],"is_beta":false,"boss_relics":[{"not_picked":["Ectoplasm","Empty Cage"],"picked":"Velvet Choker"},{"not_picked":["Black Star","Sozu"],"picked":"Ring of the Serpent"}],"items_purged_floors":[],"is_endless":false,"potions_floor_spawned":[2,3,6,7,13,14,18,21,22,33,35,46],"ascension_level":0}}