{"host":"0oumjlzv5vsa909w","time":1608283099,"event":{"mods":["AchievementEnabler","BaseMod","Colored Map","Colored Powertips","DeckTracker","Minty Spire (QoL Compilation)","Quick Restart","StSLib","SuperFastMode"],"gold_per_floor":[114,127,127,52,64,64,79,107,130,130,130,143,157,167,167,167,167],"floor_reached":16,"playtime":540,"items_purged":["Regret"],"score":151,"play_id":"8466ab07-85f7-49ac-9025-7e026fb4b7ec","local_time":"20201218181819","is_ascension_mode":true,"campfire_choices":[{"data":"Pommel Strike","floor":6,"key":"SMITH"},{"data":"Discovery","floor":15,"key":"SMITH"}],"circlet_count":0,"master_deck":["Strike_R","Strike_R+1","Strike_R","Strike_R","Defend_R","Defend_R","Defend_R","Defend_R","Bash+1","Discovery+1","Wild Strike","Pommel Strike+1","Flex+1","Flex","Immolate"],"relics":["Burning Blood","Orichalcum","Whetstone","Juzu Bracelet"],"acts_visited":["Exordium"],"potions_floor_usage":[14,16,16],"damage_taken":[{"damage":8,"enemies":"2 Louse","floor":1,"turns":2},{"damage":0,"enemies":"Small Slimes","floor":2,"turns":3},{"damage":1,"enemies":"Cultist","floor":5,"turns":3},{"damage":6,"enemies":"Exordium Thugs","floor":7,"turns":3},{"damage":24,"enemies":"Lagavulin","floor":8,"turns":6},{"damage":23,"enemies":"Gremlin Gang","floor":12,"turns":6},{"damage":17,"enemies":"Large Slime","floor":13,"turns":6},{"damage":8,"enemies":"3 Louse","floor":14,"turns":3},{"damage":38,"enemies":"The Guardian","floor":16,"turns":8}],"seed_played":"5271322405957357831","potions_obtained":[{"floor":2,"key":"DistilledChaos"},{"floor":5,"key":"DuplicationPotion"},{"floor":14,"key":"Fruit Juice"}],"is_trial":false,"path_per_floor":["M","M","?","$","M","R","M","E","T","?","?","M","M","M","R","B"],"character_chosen":"IRONCLAD","items_purchased":[],"campfire_rested":0,"item_purchase_floors":[],"current_hp_per_floor":[70,76,76,76,80,80,80,62,62,62,62,45,34,37,37,0,0],"gold":167,"neow_bonus":"RANDOM_COLORLESS","is_daily":false,"chose_seed":false,"campfire_upgraded":2,"win_rate":0.0,"timestamp":1608283099,"path_taken":["M","M","?","$","M","R","M","E","T","?","?","M","M","M","R","BOSS"],"items_purchased_type":[],"build_version":"2020-12-13","purchased_purges":1,"victory":false,"max_hp_per_floor":[80,80,80,80,80,80,80,80,80,80,80,80,80,85,85,85,85],"card_choices":[{"not_picked":["Blind","Forethought"],"picked":"Discovery","floor":0},{"not_picked":["Clothesline","Ghostly Armor"],"picked":"Wild Strike","floor":1},{"not_picked":["Havoc","Armaments"],"picked":"Pommel Strike","floor":2},{"not_picked":["Armaments","Wild Strike"],"picked":"Flex","floor":5},{"not_picked":["Berserk","Wild Strike"],"picked":"Flex","floor":7},{"not_picked":["Havoc","Flame Barrier","Dropkick"],"picked":"SKIP","floor":8},{"not_picked":["Metallicize","Wild Strike","Fire Breathing"],"picked":"SKIP","floor":12},{"not_picked":["Flex","Disarm","Iron Wave"],"picked":"SKIP","floor":13},{"not_picked":["Armaments","Battle Trance"],"picked":"Immolate","floor":14}],"player_experience":457336,"relics_obtained":[{"floor":8,"key":"Whetstone"},{"floor":9,"key":"Juzu Bracelet"}],"event_choices":[{"damage_healed":0,"gold_gain":0,"player_choice":"Box","damage_taken":0,"relics_obtained":["Orichalcum"],"max_hp_gain":0,"max_hp_loss":0,"event_name":"Big Fish","floor":3,"gold_loss":0,"cards_obtained":["Regret"]},{"cards_removed":["Strike_R"],"damage_healed":0,"gold_gain":0,"player_choice":"Purged","damage_taken":0,"max_hp_gain":0,"max_hp_loss":0,"event_name":"Purifier","floor":10,"gold_loss":0},{"damage_healed":0,"gold_gain":0,"player_choice":"Upgraded","damage_taken":0,"max_hp_gain":0,"max_hp_loss":0,"event_name":"Upgrade Shrine","floor":11,"gold_loss":0,"cards_upgraded":["Flex"]}],"is_beta":false,"boss_relics":[],"items_purged_floors":[4],"is_endless":false,"potions_floor_spawned":[2,5,14],"killed_by":"The Guardian","ascension_level":9}}