{"host":"bucz1ta8m37ss0gy","time":1608300335,"event":{"mods":["Abigail Mod","BaseMod","CapriCore","Koishi","Marisa£¨Ùöéë¡¡Øª×âÞÞ£©","Minty Spire (QoL Compilation)","StSLib","The Dragon Tamer","The Immortal","The Wild Card","WarShipGirlsR/??á´Ò³R mod","Youmu£¨ûëÛÞèí?£©"],"gold_per_floor":[109,109,128,146,196,221,221,249,272,20,39,67,67,96,96,197,197,214,231,76,90,106,106,137,137,214,242,252,127,127,142,142,247,247,258,37,37,50,62,87,113,113,139,152,152,171,171,203,203,203],"floor_reached":51,"playtime":6808,"items_purged":["Writhe"],"score":795,"play_id":"dbe07958-e41c-4e17-b608-ffc9ef25130d","local_time":"20201218230535","is_ascension_mode":false,"campfire_choices":[{"data":"AbbyMod:PreciousMemories","floor":7.0,"key":"SMITH"},{"floor":13.0,"key":"REST"},{"floor":15.0,"key":"REST"},{"data":"AbbyMod:EyesOfMadness","floor":23.0,"key":"SMITH"},{"data":"AbbyMod:ConsumeFlesh","floor":30.0,"key":"SMITH"},{"data":"AbbyMod:PantyShot","floor":32,"key":"SMITH"},{"data":"AbbyMod:VoidWhispers","floor":42,"key":"SMITH"},{"data":"AbbyMod:Ab_PuppyEyes","floor":45,"key":"SMITH"},{"data":"AbbyMod:PreciousMemories","floor":47,"key":"SMITH"},{"floor":49,"key":"REST"}],"circlet_count":0,"master_deck":["AbbyMod:Ab_Strike","AbbyMod:Ab_Strike","AbbyMod:Ab_Strike","AbbyMod:Ab_Strike","AbbyMod:Ab_Defend","AbbyMod:Ab_Defend","AbbyMod:Ab_Defend","AbbyMod:FleetingSanity","AbbyMod:ForeheadBeam","AbbyMod:DemonPancake","Trip","AbbyMod:LargeTentacle","AbbyMod:EyesOfMadness+1","AbbyMod:PreciousMemories+1","AbbyMod:DemonPancake","AbbyMod:WitchTrial","AbbyMod:AdultWords","AbbyMod:PantyShot+1","AbbyMod:FlyingMascot","AbbyMod:FlyingMascot","AbbyMod:AdultWords","AbbyMod:Ab_FiveStars+1","AbbyMod:ExposeNavel","AbbyMod:SilverKey+1","AbbyMod:AlignStars","AbbyMod:ConsumeFlesh+1","AbbyMod:LiftSkirt+1","AbbyMod:Ab_PuppyEyes+1","CurseOfTheBell","AbbyMod:LargeTentacle","AbbyMod:PreciousMemories+1","AbbyMod:Ab_OldOneTrigger","AbbyMod:HeroCreationA+1","AbbyMod:HeroCreationA+1","AbbyMod:VoidWhispers+1","Regret","AbbyMod:SuperMuscular+1","AbbyMod:SavingThrow+1","AbbyMod:Keyblade+1"],"relics":["AbbyMod:Salem_Diary","NeowsBlessing","Bronze Scales","Pen Nib","Anchor","Matryoshka","Odd Mushroom","Nunchaku","Cursed Key","Blood Vial","Bottled Flame","Happy Flower","Sundial","Bag of Marbles","Calling Bell","Toy Ornithopter","Shuriken","Shovel","Bag of Preparation","WingedGreaves","Blue Candle","Regal Pillow","Ancient Tea Set","Strawberry"],"acts_visited":["Exordium","TheCity","TheBeyond"],"potions_floor_usage":[31,40,40,41,44],"damage_taken":[{"damage":0.0,"enemies":"Small Slimes","floor":1.0,"turns":1.0},{"damage":0.0,"enemies":"Cultist","floor":3.0,"turns":1.0},{"damage":0.0,"enemies":"Jaw Worm","floor":4.0,"turns":1.0},{"damage":12.0,"enemies":"Gremlin Nob","floor":6.0,"turns":5.0},{"damage":16.0,"enemies":"Lagavulin","floor":8.0,"turns":4.0},{"damage":0.0,"enemies":"3 Louse","floor":11.0,"turns":3.0},{"damage":0.0,"enemies":"The Mushroom Lair","floor":12.0,"turns":3.0},{"damage":17.0,"enemies":"3 Sentries","floor":14.0,"turns":8.0},{"damage":18.0,"enemies":"Hexaghost","floor":16.0,"turns":6.0},{"damage":10.0,"enemies":"2 Thieves","floor":18.0,"turns":3.0},{"damage":0.0,"enemies":"3 Byrds","floor":19.0,"turns":4.0},{"damage":18.0,"enemies":"Snake Plant","floor":21.0,"turns":5.0},{"damage":8.0,"enemies":"Shelled Parasite and Fungi","floor":22.0,"turns":4.0},{"damage":47.0,"enemies":"Slavers","floor":24.0,"turns":5.0},{"damage":22.0,"enemies":"Book of Stabbing","floor":27.0,"turns":5.0},{"damage":8.0,"enemies":"Centurion and Healer","floor":28.0,"turns":4.0},{"damage":0,"enemies":"Cultist and Chosen","floor":31,"turns":4},{"damage":25,"enemies":"Collector","floor":33,"turns":9},{"damage":9,"enemies":"Orb Walker","floor":35,"turns":4},{"damage":12,"enemies":"3 Darklings","floor":38,"turns":4},{"damage":0,"enemies":"Transient","floor":39,"turns":5},{"damage":22,"enemies":"Reptomancer","floor":40,"turns":6},{"damage":14,"enemies":"Nemesis","floor":41,"turns":5},{"damage":18,"enemies":"Jaw Worm Horde","floor":44,"turns":3},{"damage":8,"enemies":"Maw","floor":46,"turns":7},{"damage":12,"enemies":"Reptomancer","floor":48,"turns":5},{"damage":50,"enemies":"Awakened One","floor":50,"turns":11}],"seed_played":"2770545053872088490","potions_obtained":[{"floor":1.0,"key":"Block Potion"},{"floor":3.0,"key":"SkillPotion"},{"floor":11.0,"key":"SmokeBomb"},{"floor":12.0,"key":"Strength Potion"},{"floor":14.0,"key":"ColorlessPotion"},{"floor":19.0,"key":"CultistPotion"},{"floor":24.0,"key":"Swift Potion"},{"floor":28.0,"key":"DuplicationPotion"},{"floor":33,"key":"Fire Potion"},{"floor":35,"key":"SteroidPotion"},{"floor":40,"key":"SteroidPotion"},{"floor":41,"key":"Swift Potion"}],"is_trial":false,"path_per_floor":["M","?","M","M","?","E","R","E","T","$","M","?","R","E","R","B",null,"M","M","$","M","M","R","E","?","T","E","M","$","R","M","R","B",null,"M","$","?","M","M","E","E","R","T","M","R","M","R","E","R","B",null],"character_chosen":"Ab_Foreigner","items_purchased":["Matryoshka","Blood Vial","AbbyMod:ConsumeFlesh","AbbyMod:PreciousMemories","Bag of Preparation"],"campfire_rested":3,"item_purchase_floors":[10,20,29,36,36],"current_hp_per_floor":[60,60,60,60,60,48,48,32,32,32,32,32,50,37,56,38,64,54,63,63,51,62,62,31,31,31,29,35,35,35,51,51,57,66,57,57,57,58,70,55,64,64,64,53,53,64,64,63,85,35],"gold":203,"neow_bonus":"THREE_ENEMY_KILL","is_daily":false,"chose_seed":false,"campfire_upgraded":7,"win_rate":0.0,"timestamp":1608300335,"path_taken":["M","?","?","M","?","E","R","E","T","$","M","?","R","E","R","BOSS","M","M","$","M","M","R","E","?","T","E","M","$","R","M","R","BOSS","M","$","?","M","M","E","E","R","T","M","R","?","R","E","R","BOSS"],"items_purchased_type":["Relic","Relic","Card","Card","Relic"],"build_version":"2020-12-13","purchased_purges":1,"victory":true,"max_hp_per_floor":[60,60,60,60,60,60,60,60,60,60,60,60,60,64,64,64,64,64,64,64,64,64,64,64,64,64,64,64,64,64,64,64,66,66,66,66,66,68,70,72,74,74,74,74,74,76,76,85,85,85],"card_choices":[{"not_picked":["AbbyMod:PreciousMemories","AbbyMod:PowerGamer"],"picked":"AbbyMod:DemonPancake","floor":1.0},{"not_picked":["AbbyMod:Kuroboshi","AbbyMod:SavingThrow"],"picked":"AbbyMod:LargeTentacle","floor":3.0},{"not_picked":["AbbyMod:WorldStrongest","AbbyMod:CloneArmy"],"picked":"AbbyMod:EyesOfMadness","floor":4.0},{"not_picked":["AbbyMod:MysteryKey","AbbyMod:PrayerOfFaith"],"picked":"AbbyMod:PreciousMemories","floor":6.0},{"not_picked":["AbbyMod:MeltBrain","AbbyMod:LossOfSanity"],"picked":"AbbyMod:DemonPancake","floor":8.0},{"not_picked":["AbbyMod:HeroCreationA","AbbyMod:SanityCheck"],"picked":"AbbyMod:WitchTrial","floor":11.0},{"not_picked":["AbbyMod:StarRadiance","AbbyMod:SanityCheck"],"picked":"AbbyMod:SweetPancakes","floor":12.0},{"not_picked":["AbbyMod:MysteryKey","AbbyMod:WormHole"],"picked":"AbbyMod:AdultWords","floor":14.0},{"not_picked":["AbbyMod:AbsoluteCorruption","AbbyMod:MysteryKey"],"picked":"AbbyMod:PantyShot","floor":16.0},{"not_picked":["AbbyMod:PreciousMemories","AbbyMod:TentacleSwarm"],"picked":"AbbyMod:FlyingMascot","floor":18.0},{"not_picked":["AbbyMod:LossOfSanity","AbbyMod:Meteo+1"],"picked":"AbbyMod:FlyingMascot","floor":19.0},{"not_picked":["AbbyMod:OldOneLimb","AbbyMod:FlyingMascot"],"picked":"AbbyMod:AdultWords","floor":21.0},{"not_picked":["AbbyMod:InsaneStrike+1","AbbyMod:WormHole"],"picked":"AbbyMod:Ab_FiveStars+1","floor":22.0},{"not_picked":["AbbyMod:Ygna+1","AbbyMod:WorldStrongest"],"picked":"AbbyMod:ExposeNavel","floor":24.0},{"not_picked":["AbbyMod:RecklessSlam","AbbyMod:SuperMuscular"],"picked":"AbbyMod:SilverKey+1","floor":27.0},{"not_picked":["AbbyMod:CloneArmy","AbbyMod:Kinoko"],"picked":"AbbyMod:AlignStars","floor":28.0},{"not_picked":["AbbyMod:Memocide+1","AbbyMod:PowerGamer"],"picked":"AbbyMod:LiftSkirt+1","floor":31},{"not_picked":["AbbyMod:EquivalentExchange","AbbyMod:MysteryKey"],"picked":"AbbyMod:Ab_PuppyEyes","floor":33},{"not_picked":["AbbyMod:PowerGamer+1","AbbyMod:Meteo+1"],"picked":"AbbyMod:LargeTentacle","floor":35},{"not_picked":[],"picked":"AbbyMod:Ab_OldOneTrigger","floor":37},{"not_picked":["AbbyMod:AttoSecond","AbbyMod:ConsumeFlesh+1"],"picked":"AbbyMod:HeroCreationA+1","floor":38},{"not_picked":["AbbyMod:OldOneLimb+1","AbbyMod:ChocoKey"],"picked":"AbbyMod:HeroCreationA+1","floor":39},{"not_picked":["AbbyMod:OldOneLimb","AbbyMod:MeltBrain","AbbyMod:WormHole+1"],"picked":"SKIP","floor":40},{"not_picked":["AbbyMod:DemonPancake+1","AbbyMod:WitchTrial+1"],"picked":"AbbyMod:VoidWhispers","floor":41},{"not_picked":["AbbyMod:WitchTrial+1","AbbyMod:BlackKey"],"picked":"AbbyMod:SuperMuscular+1","floor":44},{"not_picked":["AbbyMod:AceInTheHole","AbbyMod:Kuroboshi"],"picked":"AbbyMod:SavingThrow+1","floor":46},{"not_picked":["AbbyMod:Memocide","AbbyMod:HeroCreationA+1"],"picked":"AbbyMod:Keyblade+1","floor":48}],"player_experience":298026,"relics_obtained":[{"floor":6.0,"key":"Bronze Scales"},{"floor":8.0,"key":"Pen Nib"},{"floor":9.0,"key":"Anchor"},{"floor":12.0,"key":"Odd Mushroom"},{"floor":14.0,"key":"Nunchaku"},{"floor":24.0,"key":"Bottled Flame"},{"floor":26.0,"key":"Happy Flower"},{"floor":26.0,"key":"Sundial"},{"floor":27.0,"key":"Bag of Marbles"},{"floor":34,"key":"Toy Ornithopter"},{"floor":34,"key":"Shuriken"},{"floor":34,"key":"Shovel"},{"floor":40,"key":"WingedGreaves"},{"floor":41,"key":"Blue Candle"},{"floor":43,"key":"Regal Pillow"},{"floor":43,"key":"Ancient Tea Set"},{"floor":48,"key":"Strawberry"}],"event_choices":[{"damage_healed":0.0,"max_hp_gain":0.0,"max_hp_loss":0.0,"gold_gain":0.0,"event_name":"Match and Keep!","player_choice":"2 cards matched","floor":2.0,"gold_loss":0.0,"damage_taken":0.0,"cards_obtained":["Trip","AbbyMod:CommandSpell"]},{"damage_healed":0.0,"max_hp_gain":0.0,"max_hp_loss":0.0,"gold_gain":50.0,"event_name":"Golden Wing","player_choice":"Gained Gold","floor":5.0,"gold_loss":0.0,"damage_taken":0.0},{"damage_healed":0.0,"max_hp_gain":0.0,"max_hp_loss":0.0,"gold_gain":0.0,"event_name":"Mushrooms","player_choice":"Fought Mushrooms","floor":12.0,"gold_loss":0.0,"damage_taken":0.0},{"damage_healed":0.0,"max_hp_gain":0.0,"max_hp_loss":0.0,"gold_gain":0.0,"event_name":"Beggar","player_choice":"Ignored","floor":25.0,"gold_loss":0.0,"damage_taken":0.0}],"is_beta":false,"boss_relics":[{"not_picked":["Fusion Hammer","Velvet Choker"],"picked":"Cursed Key"},{"not_picked":["Philosopher\u0027s Stone","SacredBark"],"picked":"Calling Bell"}],"items_purged_floors":[29],"is_endless":false,"potions_floor_spawned":[1,3,11,12,14,19,24,28,33,35,40,41],"ascension_level":0}}