{"host":"newqdrzxfhh2im9e","time":1608279484,"event":{"mods":["AchievementEnabler","BaseMod","BetterRewards","Block Reminder","Colored Map","Jorbs\u0027s Wanderer Trilogy","Minty Spire (QoL Compilation)","Rare Cards Sparkle","Shop Mod","StSLib"],"gold_per_floor":[118,129,56,56,71,99,99,131,131,141,141,156,156,256,256,351,351,361,381,392,405,0,0,19,66,116,141,141,12,12,12,12,113,113,126,126,3,0,0,0,18,46,58,70,101,131,41,2,2,2],"floor_reached":51,"playtime":2264,"items_purged":[],"score":728,"play_id":"49ff512a-428b-4894-a460-ea5c01ffc417","local_time":"20201218001804","is_ascension_mode":false,"campfire_choices":[{"floor":7,"key":"REST"},{"data":"Genetic Algorithm","floor":11,"key":"SMITH"},{"floor":15,"key":"REST"},{"floor":23,"key":"REST"},{"data":"Echo Form","floor":28,"key":"SMITH"},{"data":"Defragment","floor":30,"key":"SMITH"},{"floor":32,"key":"REST"},{"data":"Rainbow","floor":40,"key":"SMITH"},{"data":"Loop","floor":44,"key":"SMITH"},{"data":"Electrodynamics","floor":49,"key":"SMITH"}],"circlet_count":0,"master_deck":["Strike_B","Strike_B","Strike_B","Defend_B+1","Defend_B","Defend_B","Defend_B","Zap","Dualcast+1","Undo","Hyperbeam+1","Loop+1","Genetic Algorithm+1","Steam","Conserve Battery","Electrodynamics+1","Force Field","Fusion","Aggregate","Stack+1","Doom and Gloom","Echo Form+1","Defragment+1","Rainbow+1","Double Energy+1","Madness","Madness","Force Field+1","Heatsinks","Melter+1","Storm","Auto Shields","Storm"],"relics":["Cracked Core","Pear","Darkstone Periapt","Meat on the Bone","SlaversCollar","Membership Card","Lantern","Sundial","Toy Ornithopter","Art of War","Bottled Lightning","Molten Egg 2","SacredBark","Eternal Feather","Red Mask","MawBank","Ornamental Fan"],"acts_visited":["Exordium","TheCity","TheBeyond"],"potions_floor_usage":[6,6,16,21,21,24,27,45,50,50],"damage_taken":[{"damage":7,"enemies":"Small Slimes","floor":1,"turns":3},{"damage":0,"enemies":"Jaw Worm","floor":2,"turns":3},{"damage":1,"enemies":"Cultist","floor":5,"turns":3},{"damage":47,"enemies":"Lagavulin","floor":6,"turns":7},{"damage":28,"enemies":"Gremlin Nob","floor":8,"turns":4},{"damage":5,"enemies":"Exordium Wildlife","floor":10,"turns":3},{"damage":0,"enemies":"Looter","floor":12,"turns":3},{"damage":52,"enemies":"The Guardian","floor":16,"turns":16},{"damage":5,"enemies":"3 Byrds","floor":18,"turns":4},{"damage":14,"enemies":"Shell Parasite","floor":19,"turns":8},{"damage":9,"enemies":"Cultist and Chosen","floor":20,"turns":7},{"damage":14,"enemies":"Snecko","floor":21,"turns":7},{"damage":14,"enemies":"Centurion and Healer","floor":24,"turns":6},{"damage":13,"enemies":"Slavers","floor":27,"turns":2},{"damage":62,"enemies":"Collector","floor":33,"turns":10},{"damage":0,"enemies":"3 Shapes","floor":35,"turns":1},{"damage":16,"enemies":"Orb Walker","floor":41,"turns":5},{"damage":0,"enemies":"Nemesis","floor":42,"turns":7},{"damage":4,"enemies":"Maw","floor":45,"turns":8},{"damage":32,"enemies":"Spire Growth","floor":46,"turns":7},{"damage":70,"enemies":"Donu and Deca","floor":50,"turns":8}],"seed_played":"4870524967585693819","potions_obtained":[{"floor":0,"key":"Ancient Potion"},{"floor":0,"key":"PotionOfCapacity"},{"floor":0,"key":"CultistPotion"},{"floor":5,"key":"Block Potion"},{"floor":6,"key":"FairyPotion"},{"floor":8,"key":"FocusPotion"},{"floor":18,"key":"EssenceOfSteel"},{"floor":20,"key":"SkillPotion"},{"floor":21,"key":"AttackPotion"},{"floor":42,"key":"Block Potion"},{"floor":46,"key":"BlessingOfTheForge"}],"is_trial":false,"path_per_floor":["M","M","$","?","M","E","R","E","T","M","R","M","?","?","R","B",null,"M","M","M","M","$","R","M","T","T","E","R","$","R","?","R","B",null,"M","?","$","?","?","R","M","E","T","R","M","M","$","$","R","B",null],"character_chosen":"DEFECT","items_purchased":["Hyperbeam","Membership Card","Lantern","Sundial","Doom and Gloom","ColorlessPotion","Molten Egg 2","Eternal Feather","Storm","Auto Shields","Energy Potion","Storm"],"campfire_rested":4,"item_purchase_floors":[3,22,22,22,22,22,29,37,47,47,47,48],"current_hp_per_floor":[68,68,68,68,67,30,55,27,27,34,34,46,29,29,54,14,85,80,66,57,43,43,68,54,54,54,46,46,46,46,46,71,21,85,85,74,74,74,74,85,69,69,69,84,85,53,53,53,71,23],"gold":2,"neow_bonus":"THREE_SMALL_POTIONS","is_daily":false,"chose_seed":false,"campfire_upgraded":6,"win_rate":0.0,"timestamp":1608279484,"path_taken":["M","M","$","?","M","E","R","E","T","M","R","M","?","?","R","BOSS","M","M","M","M","$","R","M","?","T","E","R","$","R","?","R","BOSS","M","?","$","?","?","R","M","E","T","R","M","?","?","$","R","BOSS"],"items_purchased_type":["Card","Relic","Relic","Relic","Card","Potion","Relic","Relic","Card","Card","Potion","Card"],"build_version":"2020-12-13","purchased_purges":0,"victory":true,"max_hp_per_floor":[75,75,75,75,75,85,85,85,85,85,85,85,85,85,85,85,85,85,85,85,85,85,85,85,85,85,85,85,85,85,85,85,85,85,85,85,85,85,85,85,85,85,85,85,85,85,85,85,85,85],"card_choices":[{"not_picked":["Gash","Barrage"],"picked":"Undo","floor":1},{"not_picked":["Coolheaded","Cold Snap","Steam"],"picked":"SKIP","floor":2},{"not_picked":["Consume","Barrage"],"picked":"Loop","floor":5},{"not_picked":["Conserve Battery","Ball Lightning"],"picked":"Genetic Algorithm","floor":6},{"not_picked":["Barrage","Rebound"],"picked":"Steam","floor":8},{"not_picked":["Cold Snap","Coolheaded","Redo"],"picked":"SKIP","floor":10},{"not_picked":["Ball Lightning","Turbo"],"picked":"Conserve Battery","floor":12},{"not_picked":["Thunder Strike","Hyperbeam"],"picked":"Electrodynamics","floor":16},{"not_picked":["Turbo+1","Gash"],"picked":"Force Field","floor":18},{"not_picked":["Rebound","Heatsinks"],"picked":"Fusion","floor":19},{"not_picked":["Cold Snap","Rebound"],"picked":"Aggregate","floor":20},{"not_picked":["Barrage+1","Steam+1"],"picked":"Stack+1","floor":21},{"not_picked":["Cold Snap","Coolheaded"],"picked":"Echo Form","floor":24},{"not_picked":["Sweeping Beam","Barrage"],"picked":"Defragment","floor":27},{"not_picked":["Fission","Machine Learning"],"picked":"Rainbow","floor":33},{"not_picked":["Gash+1","Coolheaded"],"picked":"Double Energy+1","floor":35},{"not_picked":["Redo+1","Cold Snap+1"],"picked":"Force Field+1","floor":41},{"not_picked":["Ball Lightning+1","Barrage+1"],"picked":"Heatsinks","floor":42},{"not_picked":["Heatsinks+1","Hello World+1"],"picked":"Melter+1","floor":45},{"not_picked":["Conserve Battery","Coolheaded+1","Gash+1"],"picked":"SKIP","floor":46}],"player_experience":613321,"relics_obtained":[{"floor":6,"key":"Pear"},{"floor":8,"key":"Darkstone Periapt"},{"floor":9,"key":"Meat on the Bone"},{"floor":25,"key":"Toy Ornithopter"},{"floor":26,"key":"Art of War"},{"floor":27,"key":"Bottled Lightning"},{"floor":42,"key":"MawBank"},{"floor":43,"key":"Ornamental Fan"}],"event_choices":[{"damage_healed":0,"gold_gain":0,"player_choice":"Grow","damage_taken":0,"max_hp_gain":0,"max_hp_loss":0,"event_name":"Living Wall","floor":4,"gold_loss":0,"cards_upgraded":["Hyperbeam"]},{"damage_healed":0,"gold_gain":0,"player_choice":"Entered Light","damage_taken":17,"max_hp_gain":0,"max_hp_loss":0,"event_name":"Shining Light","floor":13,"gold_loss":0,"cards_upgraded":["Dualcast","Defend_B"]},{"damage_healed":0,"gold_gain":100,"player_choice":"Pray","damage_taken":0,"max_hp_gain":0,"max_hp_loss":0,"event_name":"Golden Shrine","floor":14,"gold_loss":0},{"damage_healed":0,"gold_gain":0,"player_choice":"Ignored","damage_taken":0,"max_hp_gain":0,"max_hp_loss":0,"event_name":"Vampires","floor":31,"gold_loss":0},{"damage_healed":0,"gold_gain":0,"player_choice":"Embrace Madness","damage_taken":11,"max_hp_gain":0,"max_hp_loss":0,"event_name":"Winding Halls","floor":36,"gold_loss":0,"cards_obtained":["Madness","Madness"]},{"damage_healed":0,"gold_gain":0,"player_choice":"Paid","damage_taken":0,"relics_obtained":["Red Mask"],"max_hp_gain":0,"max_hp_loss":0,"event_name":"Tomb of Lord Red Mask","floor":38,"gold_loss":3},{"cards_removed":["Strike_B"],"damage_healed":0,"gold_gain":0,"player_choice":"Removed Attack","damage_taken":0,"max_hp_gain":0,"max_hp_loss":0,"event_name":"Falling","floor":39,"gold_loss":0}],"is_beta":false,"boss_relics":[{"not_picked":["Sozu","Fusion Hammer"],"picked":"SlaversCollar"},{"not_picked":["Empty Cage","Runic Dome"],"picked":"SacredBark"}],"items_purged_floors":[],"is_endless":false,"potions_floor_spawned":[5,6,8,12,18,19,20,21,42,46],"ascension_level":0}}