{"host":"4lebci84u2l5u89t","time":1608327764,"event":{"mods":["AchievementEnabler","Aspiration","Bard","BaseMod","Beaked The Cultist","Better Altar","Better Match","Better Note","Better Sensory Stone","Better Skull","Better Third Choice","BetterRewards","CCEM","Colored Map","Conspire","Downfall","GifTheSpireLib","Googly Eyes","Halation","Hermit","Highlight Path","Hubris","Hunter ??","Jedi Mod","Jorbs\u0027s Wanderer Trilogy","Lobotomy","Mad Scientist","Marisa????????","Mimic Mod","Minty Spire (QoL Compilation)","Permanent Neow","Replay The Spire","Shade Mod","Spicy Shops","StSLib","Stuff the Spire","Unceasing Turn Reminder"],"gold_per_floor":[119,84,84,103,116,141,141,141,141],"floor_reached":8,"playtime":512,"items_purged":[],"score":56,"play_id":"e4b01f87-39b9-45ac-8ee5-4d66c661f77d","local_time":"20201218224244","is_ascension_mode":false,"campfire_choices":[],"circlet_count":0,"master_deck":["Strike_MRS","Strike_MRS","Strike_MRS","Strike_MRS","Defend_MRS","Defend_MRS","Defend_MRS","Defend_MRS","MasterSpark","UpSweep","6A","WallGazer","WitchLeyline","RedShoes","Alriune","OortCloud","Acceleration","MHz"],"relics":["MiniHakkero","CogitoBucket","betterThird:SlimedRelic","hubris:SlimyHat","hubris:AstralHammer","hubris:Icosahedron"],"acts_visited":["Exordium"],"potions_floor_usage":[6,6,8],"damage_taken":[{"damage":0,"enemies":"2 Louse","floor":1,"turns":2},{"damage":8,"enemies":"Jaw Worm","floor":4,"turns":3},{"damage":4,"enemies":"Small Slimes","floor":5,"turns":3},{"damage":29,"enemies":"Lagavulin","floor":6,"turns":8},{"damage":14,"enemies":"Gremlin Nob","floor":8,"turns":2}],"seed_played":"4965693283203373885","potions_obtained":[{"floor":1,"key":"Adrenaline Potion"},{"floor":4,"key":"Swift Potion"}],"is_trial":false,"path_per_floor":["M","?","?","M","M","E","?","E"],"character_chosen":"MARISA","items_purchased":[],"campfire_rested":0,"item_purchase_floors":[],"current_hp_per_floor":[75,64,49,41,37,8,8,0,0],"gold":141,"neow_bonus":"","is_daily":false,"chose_seed":false,"campfire_upgraded":0,"win_rate":0.0,"timestamp":1608327764,"path_taken":["M","?","?","?","M","E","?","E"],"items_purchased_type":[],"build_version":"2020-12-13","purchased_purges":0,"victory":false,"max_hp_per_floor":[75,75,75,75,75,75,75,75,75],"card_choices":[{"not_picked":["MysteriousBeam","OrrerysSun"],"picked":"6A","floor":1},{"not_picked":["OldLady","Murderer"],"picked":"WallGazer","floor":1},{"not_picked":["UnstableBomb","IllusionStar"],"picked":"WitchLeyline","floor":4},{"not_picked":["ShyLook","Woodsman"],"picked":"RedShoes","floor":4},{"not_picked":["SnowQueen","Murderer"],"picked":"Alriune","floor":5},{"not_picked":["GalacticHalo","SporeBomb"],"picked":"OortCloud","floor":5},{"not_picked":["SporeBomb","PropBag"],"picked":"Acceleration","floor":6},{"not_picked":["WhitesApple","SingingMachine"],"picked":"MHz","floor":6}],"player_experience":262452,"relics_obtained":[{"floor":6,"key":"hubris:AstralHammer"}],"event_choices":[{"damage_healed":0,"gold_gain":0,"player_choice":"Slimed","damage_taken":11,"max_hp_gain":0,"max_hp_loss":0,"event_name":"betterThird:BetterGoop","floor":2,"gold_loss":35},{"damage_healed":0,"gold_gain":1,"player_choice":"Relic ","damage_taken":15,"max_hp_gain":0,"max_hp_loss":0,"event_name":"betterThird:BetterScrap","floor":3,"gold_loss":0,"cards_obtained":["StuffTheSpire:TitanForm"]}],"is_beta":false,"boss_relics":[],"items_purged_floors":[],"is_endless":false,"potions_floor_spawned":[1,4],"killed_by":"Gremlin Nob","ascension_level":0}}