{"host":"c43fkomrial8fa1s","time":1608274290,"event":{"mods":["BaseMod","Googly Eyes","Minty Spire (QoL Compilation)","Quick Restart","Relic Stats","StSLib"],"gold_per_floor":[359,534,553,628,188,188,205,205,281,163,65,92,103,120,120,219,219,219,219,8,21,21,21,21,21,21],"floor_reached":25,"playtime":1608,"items_purged":["Doubt","Strike_G"],"score":229,"play_id":"67a9ed9a-2b84-493c-83ed-3b0e9b9a8500","local_time":"20201218005130","is_ascension_mode":true,"campfire_choices":[{"data":"Infinite Blades","floor":6.0,"key":"SMITH"},{"data":"Neutralize","floor":8.0,"key":"SMITH"},{"floor":15.0,"key":"REST"},{"floor":23.0,"key":"REST"}],"circlet_count":0,"master_deck":["Strike_G","Strike_G","Strike_G","Strike_G","Defend_G","Defend_G","Defend_G","Defend_G","Defend_G","Survivor","Neutralize+1","Infinite Blades+1","Cloak And Dagger","Poisoned Stab","Dagger Throw","Quick Slash","Leg Sweep","Bane","Flying Knee","A Thousand Cuts","Metamorphosis","Deflect","Prepared","Blade Dance"],"relics":["Ring of the Snake","Omamori","Ancient Tea Set","The Courier","Strawberry","Paper Crane","Runic Pyramid","Mercury Hourglass","Juzu Bracelet"],"acts_visited":["Exordium","TheCity"],"potions_floor_usage":[25],"damage_taken":[{"damage":7.0,"enemies":"Small Slimes","floor":1.0,"turns":4.0},{"damage":4.0,"enemies":"Jaw Worm","floor":3.0,"turns":6.0},{"damage":0.0,"enemies":"Cultist","floor":7.0,"turns":3.0},{"damage":20.0,"enemies":"Lagavulin","floor":12.0,"turns":9.0},{"damage":2.0,"enemies":"Large Slime","floor":13.0,"turns":6.0},{"damage":6.0,"enemies":"Looter","floor":14.0,"turns":3.0},{"damage":15.0,"enemies":"The Guardian","floor":16.0,"turns":18.0},{"damage":0.0,"enemies":"Chosen","floor":18.0,"turns":1.0},{"damage":47.0,"enemies":"2 Thieves","floor":21.0,"turns":4.0},{"damage":32,"enemies":"Slavers","floor":25,"turns":3}],"seed_played":"7232211468368145672","potions_obtained":[{"floor":1.0,"key":"Weak Potion"},{"floor":12.0,"key":"SpeedPotion"},{"floor":14.0,"key":"DistilledChaos"},{"floor":16.0,"key":"SmokeBomb"},{"floor":21.0,"key":"Dexterity Potion"}],"is_trial":false,"path_per_floor":["M","?","M","?","$","R","M","R","T","$","?","E","M","M","R","B",null,"M","?","$","M","?","R","?","E"],"character_chosen":"THE_SILENT","items_purchased":["Cloak And Dagger","Poisoned Stab","Omamori","Ancient Tea Set","Quick Slash","Metamorphosis","Deflect","Prepared"],"campfire_rested":2,"item_purchase_floors":[5,5,5,5,10,20,20,20],"current_hp_per_floor":[56,56,52,41,41,41,41,41,41,41,48,28,26,20,41,26,70,70,70,70,23,23,44,31,0,0],"gold":21,"neow_bonus":"TWO_FIFTY_GOLD","is_daily":false,"chose_seed":false,"campfire_upgraded":2,"win_rate":0.0,"timestamp":1608274290,"path_taken":["M","?","M","?","$","R","M","R","T","$","?","E","M","?","R","BOSS","M","?","$","M","?","R","?","E"],"items_purchased_type":["Card","Card","Relic","Relic","Card","Card","Card","Card"],"build_version":"2020-12-13","purchased_purges":2,"victory":false,"max_hp_per_floor":[63,63,63,63,63,63,63,63,63,63,70,70,70,70,70,70,70,70,70,70,70,70,70,75,75,75],"relic_stats":{"counters":[10,57],"Juzu Bracelet":0,"obtain_stats":[{"Strawberry":11,"The Courier":9,"Omamori":5,"Juzu Bracelet":22,"Paper Crane":12,"Ancient Tea Set":5,"Ring of the Snake":0,"Runic Pyramid":17,"Mercury Hourglass":19},{"Strawberry":3,"The Courier":3,"Omamori":2,"Juzu Bracelet":9,"Paper Crane":4,"Ancient Tea Set":2,"Ring of the Snake":0,"Runic Pyramid":7,"Mercury Hourglass":8},{"Strawberry":13,"The Courier":13,"Omamori":10,"Juzu Bracelet":54,"Paper Crane":22,"Ancient Tea Set":10,"Ring of the Snake":0,"Runic Pyramid":49,"Mercury Hourglass":50}],"Ring of the Snake":[20],"Mercury Hourglass":[44]},"card_choices":[{"not_picked":["Outmaneuver","Riddle With Holes","Flechettes"],"picked":"SKIP","floor":1.0},{"not_picked":["Flying Knee","Dodge and Roll"],"picked":"Infinite Blades","floor":3.0},{"not_picked":["Slice","Bouncing Flask"],"picked":"Dagger Throw","floor":7.0},{"not_picked":["Prepared","Crippling Poison"],"picked":"Leg Sweep","floor":12.0},{"not_picked":["Sucker Punch","Predator"],"picked":"Bane","floor":13.0},{"not_picked":["Dagger Spray","Deflect"],"picked":"Flying Knee","floor":14.0},{"not_picked":["Night Terror","Malaise"],"picked":"A Thousand Cuts","floor":16.0},{"not_picked":["Backflip+1","Finisher"],"picked":"Blade Dance","floor":21.0}],"player_experience":334017,"relics_obtained":[{"floor":9.0,"key":"The Courier"},{"floor":12.0,"key":"Paper Crane"}],"event_choices":[{"damage_healed":0.0,"max_hp_gain":0.0,"max_hp_loss":0.0,"gold_gain":175.0,"event_name":"Liars Game","player_choice":"AGREE","floor":2.0,"gold_loss":0.0,"damage_taken":0.0,"cards_obtained":["Doubt"]},{"damage_healed":0.0,"max_hp_gain":0.0,"max_hp_loss":0.0,"gold_gain":75.0,"event_name":"World of Goop","player_choice":"Gather Gold","floor":4.0,"gold_loss":0.0,"damage_taken":11.0},{"damage_healed":0.0,"max_hp_gain":0.0,"max_hp_loss":0.0,"gold_gain":0.0,"event_name":"WeMeetAgain","player_choice":"Paid Gold","floor":11.0,"gold_loss":98.0,"damage_taken":0.0,"relics_obtained":["Strawberry"]},{"damage_healed":0.0,"max_hp_gain":0.0,"max_hp_loss":0.0,"gold_gain":0.0,"event_name":"The Mausoleum","player_choice":"Opened","floor":19.0,"gold_loss":0.0,"damage_taken":0.0,"relics_obtained":["Mercury Hourglass"],"cards_obtained":["Writhe"]},{"damage_healed":0.0,"max_hp_gain":0.0,"max_hp_loss":0.0,"gold_gain":0.0,"event_name":"Addict","player_choice":"Stole Relic","floor":22.0,"gold_loss":0.0,"damage_taken":0.0,"relics_obtained":["Juzu Bracelet"],"cards_obtained":["Shame"]},{"damage_healed":0.0,"max_hp_gain":5.0,"max_hp_loss":0.0,"gold_gain":0.0,"event_name":"Forgotten Altar","player_choice":"Shed Blood","floor":24.0,"gold_loss":0.0,"damage_taken":18.0}],"is_beta":false,"boss_relics":[{"not_picked":["Philosopher\u0027s Stone","Empty Cage"],"picked":"Runic Pyramid"}],"items_purged_floors":[5,10],"is_endless":false,"potions_floor_spawned":[1,12,14,16,21],"killed_by":"Slavers","ascension_level":3}}