{"host":"qw1m3zcvi888b4j7","time":1608318131,"event":{"mods":["AchievementEnabler","Act Like it!","BaseMod","Best Route Mod","Block Reminder","Colored Map","Colored Powertips","Curses Come First","DeckTracker","Gensokyo","Hermit","Highlight Path","Hubris","Minty Spire (QoL Compilation)","Quick Restart","Rare Cards Sparkle","Relic Sorter","Relic Stats","Replay The Spire","StSLib","SuperFastMode","The Blue Laboratory","The Cursed","The Servant 0.9.4","everything is the same but u backflip on backflip"],"gold_per_floor":[109,154,154,154,173,173,193,225,225,255,274,289,28,28,28,124,124,142,49,49,64,83,83,117,117,171,206,206,221,221,232,232,331,431,449,449,499,514,528,528,561,561,561,561,582,9,53,69,69,69,69],"floor_reached":50,"playtime":3126,"items_purged":["Regret"],"score":756,"play_id":"64497458-d7d0-4d2f-8617-e140e9db2d0a","local_time":"20201218200211","is_ascension_mode":true,"campfire_choices":[{"floor":6.0,"key":"REST"},{"floor":15.0,"key":"REST"},{"floor":23.0,"key":"REST"},{"floor":25.0,"key":"REST"},{"floor":30.0,"key":"REST"},{"floor":32.0,"key":"REST"},{"floor":40,"key":"RECALL"},{"floor":42,"key":"REST"},{"data":"ReplayTheSpireMod:LeadingStrike","floor":44,"key":"SMITH"},{"floor":49,"key":"REST"}],"circlet_count":0,"master_deck":["Bash+1","Flex+1","ReplayTheSpireMod:Splinters","True Grit+1","Run Through+1","ReplayTheSpireMod:Corrosion Curse","Massacre","hubris:CleavingFinish","Reaper","ReplayTheSpireMod:Strike From Hell","Whirlwind","Metallicize+1","ReplayTheSpireMod:Strike From Hell","Eclipse","Thunderclap","True Grit","Dark Embrace","ReplayTheSpireMod:Strike From Hell","Brutality+1","Warcry+1","Pummel+1","Carnage+1","hubris:StunningStrike+1","Thunderclap+1","Run Through+1","Rampage+1","Sentinel+1","Demonic Infusion","Run Through","Entrench","Sword Boomerang","Brutality","Eclipse","Second Wind","Clash","Defy Death","Entrench","ReplayTheSpireMod:LeadingStrike+1","Voices","Armaments","Bloodletting+1","Body Slam+1","Armaments+1","Havoc+1","Metallicize","Headbutt+1","Panache","Replay:BasicMightCard","Replay:BasicMightCard","Dropkick+1","Thunderclap+1","Armaments+1"],"relics":["Burning Blood","Dream Catcher","ReplayTheSpireMod:Spearhead","hubris:GlazedTorus","Art of War","Quantum Egg","Brimstone","hubris:Backtick","Gremlin Food","Nilry\u0027s Codex","Happy Flower","Nloth\u0027s Gift","Replay:Grab Bag","Replay:Bronze Core","Replay:Wanted Poster","hubris:HollowSoul","Pandora\u0027s Box","Ring of Panic","Ring of Greed","Golden Idol","Blue Doll","Mercury Hourglass","Unceasing Top","ClockworkSouvenir","Omamori","Garlic"],"acts_visited":["Exordium","TheCity","TheBeyond"],"potions_floor_usage":[50],"damage_taken":[{"damage":5.0,"enemies":"Jaw Worm","floor":1.0,"turns":5.0},{"damage":10.0,"enemies":"2 Louse","floor":5.0,"turns":2.0},{"damage":3.0,"enemies":"Small Slimes","floor":7.0,"turns":3.0},{"damage":32.0,"enemies":"3 Sentries","floor":8.0,"turns":5.0},{"damage":50.0,"enemies":"Lagavulin","floor":10.0,"turns":7.0},{"damage":17.0,"enemies":"Red Slaver","floor":11.0,"turns":5.0},{"damage":4.0,"enemies":"3 Louse","floor":12.0,"turns":2.0},{"damage":0.0,"enemies":"Slime Boss","floor":16.0,"turns":5.0},{"damage":37.0,"enemies":"Shell Parasite","floor":18.0,"turns":5.0},{"damage":4.0,"enemies":"Chosen","floor":21.0,"turns":3.0},{"damage":23.0,"enemies":"Sentry and Sphere","floor":22.0,"turns":5.0},{"damage":62.0,"enemies":"Slavers","floor":24.0,"turns":4.0},{"damage":33.0,"enemies":"Book of Stabbing","floor":27.0,"turns":4.0},{"damage":21.0,"enemies":"3 Cultists","floor":29.0,"turns":5.0},{"damage":33.0,"enemies":"Chosen and Byrds","floor":31.0,"turns":5.0},{"damage":78.0,"enemies":"Automaton","floor":33.0,"turns":7.0},{"damage":25,"enemies":"Orb Walker","floor":35,"turns":3},{"damage":17,"enemies":"3 Darklings","floor":38,"turns":4},{"damage":12,"enemies":"Jaw Worm Horde","floor":39,"turns":2},{"damage":12,"enemies":"Giant Head","floor":41,"turns":7},{"damage":33,"enemies":"4 Shapes","floor":45,"turns":3},{"damage":25,"enemies":"R_Hoarder","floor":47,"turns":5},{"damage":22,"enemies":"3 Darklings","floor":48,"turns":2},{"damage":24,"enemies":"Awakened One","floor":50,"turns":1}],"seed_played":"8002463291696936462","potions_obtained":[{"floor":1.0,"key":"blueLaboratory:HummingbirdPotion"},{"floor":2.0,"key":"Elixir"},{"floor":5.0,"key":"Block Potion"},{"floor":18.0,"key":"blueLaboratory:IronCompound"},{"floor":22.0,"key":"SkillPotion"},{"floor":27.0,"key":"blueLaboratory:BottleOfVodka"},{"floor":39,"key":"blueLaboratory:ExaltedPotion"},{"floor":41,"key":"blueLaboratory:PhilterOfMotion"},{"floor":48,"key":"blueLaboratory:BottledHope"}],"is_trial":false,"path_per_floor":["M","?","?","?","M","R","M","E","T","E","M","M","$","?","R","B",null,"M","$","?","M","M","R","E","R","T","E","?","M","R","M","R","B",null,"M","?","?","M","M","R","E","R","T","R","M","$","E","M","R","B"],"character_chosen":"IRONCLAD","items_purchased":["Brimstone","Metallicize","True Grit","Dark Embrace","ClockworkSouvenir","Metallicize","Headbutt+1","Panache","Replay:BasicMightCard","Omamori"],"campfire_rested":8,"item_purchase_floors":[13,13,19,19,46,46,46,46,46,46],"current_hp_per_floor":[80,80,80,80,76,80,80,54,54,22,17,19,19,19,43,57,80,53,53,37,39,22,46,8,32,32,25,25,32,58,42,68,16,87,79,79,79,78,72,72,77,87,87,87,60,60,51,35,61,0,0],"gold":69,"neow_bonus":"UPGRADE_CARD","is_daily":false,"chose_seed":false,"campfire_upgraded":1,"win_rate":0.0,"timestamp":1608318131,"path_taken":["M","?","?","?","M","R","M","E","T","E","M","M","?","?","R","BOSS","M","$","?","M","M","R","E","R","T","E","?","M","R","M","R","BOSS","M","?","?","M","M","R","E","R","T","R","M","$","E","M","R","BOSS"],"items_purchased_type":["Relic","Card","Card","Card","Relic","Card","Card","Card","Card","Relic"],"build_version":"2020-12-13","purchased_purges":1,"victory":false,"max_hp_per_floor":[80,80,80,80,80,80,80,80,80,80,80,80,80,80,80,80,80,80,80,80,80,80,80,80,80,80,87,87,87,87,87,87,87,87,87,87,87,87,87,87,87,87,87,87,87,87,87,87,87,87,87],"relic_stats":{"Dream Catcher":8,"Happy Flower":[17],"counters":[24,103],"Golden Idol":29,"Pandora\u0027s Box":["Run Through","Entrench","Sword Boomerang","Brutality","Eclipse","Second Wind","Clash","Defy Death","Entrench"],"Art of War":[4],"Nloth\u0027s Gift":4,"obtain_stats":[{"Nilry\u0027s Codex":20,"Blue Doll":37,"Burning Blood":0,"ClockworkSouvenir":46,"Replay:Wanted Poster":34,"Dream Catcher":2,"hubris:Backtick":17,"Strawberry":27,"Replay:Bronze Core":34,"Ring of Panic":37,"hubris:GlazedTorus":8,"Gremlin Food":17,"Happy Flower":24,"Golden Idol":37,"Quantum Egg":10,"Replay:Grab Bag":34,"hubris:HollowSoul":34,"Omamori":46,"Ring of Greed":37,"Mercury Hourglass":41,"ReplayTheSpireMod:Spearhead":4,"Brimstone":13,"Pandora\u0027s Box":34,"Art of War":9,"Nloth\u0027s Gift":28,"Garlic":47,"Unceasing Top":43},{"Nilry\u0027s Codex":9,"Blue Doll":17,"Burning Blood":0,"ClockworkSouvenir":21,"Replay:Wanted Poster":16,"Dream Catcher":1,"hubris:Backtick":8,"Strawberry":13,"Replay:Bronze Core":16,"Ring of Panic":17,"hubris:GlazedTorus":4,"Gremlin Food":8,"Happy Flower":12,"Golden Idol":17,"Quantum Egg":5,"Replay:Grab Bag":16,"hubris:HollowSoul":16,"Omamori":21,"Ring of Greed":17,"Mercury Hourglass":20,"ReplayTheSpireMod:Spearhead":1,"Brimstone":7,"Pandora\u0027s Box":16,"Art of War":4,"Nloth\u0027s Gift":13,"Garlic":22,"Unceasing Top":20},{"Nilry\u0027s Codex":39,"Blue Doll":75,"Burning Blood":0,"ClockworkSouvenir":91,"Replay:Wanted Poster":72,"Dream Catcher":5,"hubris:Backtick":34,"Strawberry":55,"Replay:Bronze Core":72,"Ring of Panic":75,"hubris:GlazedTorus":15,"Gremlin Food":34,"Happy Flower":51,"Golden Idol":75,"Quantum Egg":22,"Replay:Grab Bag":72,"hubris:HollowSoul":72,"Omamori":91,"Ring of Greed":75,"Mercury Hourglass":88,"ReplayTheSpireMod:Spearhead":5,"Brimstone":29,"Pandora\u0027s Box":72,"Art of War":15,"Nloth\u0027s Gift":55,"Garlic":96,"Unceasing Top":88}],"Burning Blood":134,"Unceasing Top":[18],"Mercury Hourglass":[77]},"card_choices":[{"not_picked":["Dark Embrace","ReplayReversal"],"picked":"Flex","floor":1.0},{"not_picked":["Headbutt","Anger"],"picked":"True Grit","floor":2.0},{"not_picked":["Blood for Blood","Flame Barrier"],"picked":"Run Through","floor":2.0},{"not_picked":["Rupture","Warcry"],"picked":"ReplayTheSpireMod:Corrosion Curse","floor":5.0},{"not_picked":["Cleave","Perfected Strike"],"picked":"Massacre","floor":6.0},{"not_picked":["Warcry","True Grit"],"picked":"hubris:CleavingFinish","floor":7.0},{"not_picked":["Havoc","Life Link"],"picked":"Reaper","floor":8.0},{"not_picked":["Clothesline","hubris:ReadiedAction"],"picked":"Armaments","floor":10.0},{"not_picked":["ReplayTheSpireMod:Muscle Training","Intimidate"],"picked":"ReplayTheSpireMod:Strike From Hell","floor":11.0},{"not_picked":["Armaments","Perfected Strike"],"picked":"Whirlwind","floor":12.0},{"not_picked":["Headbutt","Sword Boomerang"],"picked":"ReplayTheSpireMod:Strike From Hell","floor":15.0},{"not_picked":["Hemogenesis","Fiend Fire"],"picked":"Eclipse","floor":16.0},{"not_picked":["Run Through","Clothesline+1"],"picked":"Thunderclap","floor":18.0},{"not_picked":["Clash","True Grit"],"picked":"ReplayTheSpireMod:Strike From Hell","floor":21.0},{"not_picked":["Power Through+1","Run Through+1"],"picked":"Brutality","floor":22.0},{"not_picked":["Havoc","Defy Death"],"picked":"Warcry+1","floor":23.0},{"not_picked":["Havoc","Heavy Blade+1"],"picked":"Pummel+1","floor":24.0},{"not_picked":["Armaments","Twin Strike+1"],"picked":"Carnage+1","floor":25.0},{"not_picked":["Ghostly Armor","Wild Strike+1"],"picked":"hubris:StunningStrike","floor":27.0},{"not_picked":["Twin Strike+1","Pommel Strike"],"picked":"Thunderclap+1","floor":29.0},{"not_picked":["Perfected Strike+1","Headbutt"],"picked":"Run Through+1","floor":30.0},{"not_picked":["Second Wind+1","Pummel"],"picked":"Rampage+1","floor":31.0},{"not_picked":["Rage","ReplayTheSpireMod:Strike From Hell"],"picked":"Sentinel+1","floor":32.0},{"not_picked":["Limit Break","Bludgeon"],"picked":"Demonic Infusion","floor":33.0},{"not_picked":["Entrench","Reaper"],"picked":"ReplayTheSpireMod:LeadingStrike","floor":35},{"not_picked":["Iron Wave","Rampage"],"picked":"Armaments","floor":38},{"not_picked":["Pummel","Reaper"],"picked":"Bloodletting+1","floor":39},{"not_picked":["Brutality","Reaper"],"picked":"Body Slam+1","floor":41},{"not_picked":["Heavy Blade","Thunderclap"],"picked":"Armaments+1","floor":42},{"not_picked":["Perfected Strike+1","Sever Soul"],"picked":"Havoc+1","floor":45},{"not_picked":["Wild Strike+1","Hemogenesis"],"picked":"Dropkick+1","floor":47},{"not_picked":["Wild Strike+1","ReplayTheSpireMod:Limb From Limb+1"],"picked":"Thunderclap+1","floor":48},{"not_picked":["Intimidate","Iron Wave"],"picked":"Armaments+1","floor":49}],"player_experience":109132,"relics_obtained":[{"floor":2.0,"key":"Dream Catcher"},{"floor":8.0,"key":"hubris:GlazedTorus"},{"floor":9.0,"key":"Art of War"},{"floor":10.0,"key":"Quantum Egg"},{"floor":20.0,"key":"Nilry\u0027s Codex"},{"floor":24.0,"key":"Happy Flower"},{"floor":27.0,"key":"Strawberry"},{"floor":37,"key":"Ring of Panic"},{"floor":37,"key":"Ring of Greed"},{"floor":37,"key":"Golden Idol"},{"floor":37,"key":"Blue Doll"},{"floor":41,"key":"Mercury Hourglass"},{"floor":43,"key":"Unceasing Top"},{"floor":47,"key":"Garlic"}],"event_choices":[{"damage_healed":0.0,"max_hp_gain":0.0,"max_hp_loss":0.0,"gold_gain":0.0,"event_name":"Living Wall","player_choice":"Grow","floor":3.0,"gold_loss":0.0,"damage_taken":0.0,"cards_upgraded":["Flex"]},{"damage_healed":0.0,"max_hp_gain":0.0,"max_hp_loss":0.0,"gold_gain":0.0,"event_name":"Big Fish","player_choice":"Box","floor":4.0,"gold_loss":0.0,"damage_taken":0.0,"relics_obtained":["ReplayTheSpireMod:Spearhead"],"cards_obtained":["Regret"]},{"damage_healed":0.0,"max_hp_gain":0.0,"max_hp_loss":0.0,"gold_gain":0.0,"event_name":"Lab","player_choice":"Got Potions","floor":14.0,"gold_loss":0.0,"damage_taken":0.0},{"damage_healed":0.0,"max_hp_gain":0.0,"max_hp_loss":0.0,"gold_gain":0.0,"event_name":"Cursed Tome","player_choice":"Obtained Book","floor":20.0,"gold_loss":0.0,"damage_taken":16.0},{"damage_healed":0.0,"max_hp_gain":0.0,"max_hp_loss":0.0,"gold_gain":0.0,"event_name":"N\u0027loth","player_choice":"Traded Relic","floor":28.0,"relics_lost":["Strawberry"],"gold_loss":0.0,"damage_taken":0.0,"relics_obtained":["Nloth\u0027s Gift"]},{"cards_removed":["Armaments"],"damage_healed":0,"gold_gain":0,"player_choice":"Removed Skill","damage_taken":0,"max_hp_gain":0,"max_hp_loss":0,"event_name":"Falling","floor":36,"gold_loss":0}],"is_beta":false,"boss_relics":[{"not_picked":["SlaversCollar","hubris:BlackHole"],"picked":"hubris:Backtick"},{"not_picked":["hubris:GrandSneckoEye","Fusion Hammer"],"picked":"Replay:Grab Bag"},{"not_picked":["Coffee Dripper","Runic Dome"],"picked":"Replay:Bronze Core"},{"not_picked":["ReplayTheSpireMod:DimensionalGlitch","ReplayTheSpireMod:Onyx Gauntlets"],"picked":"Replay:Wanted Poster"},{"not_picked":["Astrolabe","Runic Pyramid"],"picked":"hubris:HollowSoul"},{"not_picked":["Black Star","Tiny House"],"picked":"Pandora\u0027s Box"}],"items_purged_floors":[13],"is_endless":false,"potions_floor_spawned":[1,5,8,10,18,22,27,39,41,48],"killed_by":"Awakened One","ascension_level":1}}