{"host":"4a6fro0of1ie0h2w","time":1608299591,"event":{"mods":["Aspiration","BaseMod","CCEM","Colored Map","Conspire","Downfall","GifTheSpireLib","Halation","Highlight Path","Hubris","Infinite Spire","Marisa????????","Minty Spire (QoL Compilation)","Permanent Neow","Replay The Spire","StSLib","Stuff the Spire","The Servant 0.9.4"],"gold_per_floor":[99,109,109,141,141,152,179,179,205,205,205,216,266,279,289,386,386,311,328,328,328,328,347,347,257,283,133,148,148,73,73,89,190,190,190,209,239,239,239,270,270,282,301,301,311,330,330,366,379,379],"floor_reached":51,"playtime":4542,"items_purged":["champ:Haymaker","champ:Execute","champ:CrownThrow"],"score":910,"play_id":"eebf6035-3d34-4825-9842-33df3fc5d94e","local_time":"20201218155311","is_ascension_mode":false,"campfire_choices":[{"data":"champ:Taunt","floor":1,"key":"SMITH"},{"floor":8,"key":"RECALL"},{"floor":10,"key":"REST"},{"data":"ReplayTheSpireMod:Book of Names","floor":18,"key":"SMITH"},{"data":"champ:ShieldWall","floor":27,"key":"SMITH"},{"data":"infinitespire:Gouge","floor":35,"key":"SMITH"},{"data":"infinitespire:Gouge","floor":38,"key":"SMITH"}],"circlet_count":0,"master_deck":["champ:Strike","champ:Strike","champ:Defend+1","champ:Defend","champ:Defend","champ:Taunt+1","champ:Encircle","ReplayTheSpireMod:Book of Names+1","champ:AdrenalArmor","champ:GladiatorsShout+1","champ:ShieldWall+1","champ:AdrenalArmor","champ:StanceDance","StuffTheSpire:Innocence","infinitespire:Gouge+1","infinitespire:Gouge+1","champ:Shatter","champ:Shatter","hubris:Fate","champ:AdrenalArmor","StuffTheSpire:CuriosityCurse","champ:Encircle","Swift Strike+1"],"relics":["champ:ChampionCrown","infinitespire:Eraser","Guardian:PocketSentry","StuffTheSpire:Mouthbags","aspiration:TomeofQuesting","StuffTheSpire:RunicHypercube","downfall:HeartBlessingRed","War Paint","aspiration:FetidBarrel","downfall:HeartBlessingGreen","downfall:HeartBlessingBlue","Coffee Dripper","halation:NonexistentMirror","SacredBark","hexamod:BolsterEngine","Lizard Tail","hubris:MysteriousPyramids","conspire:SlowCooker","hubris:Potato","Orichalcum","CCEMRelics:FestiveHat"],"acts_visited":["Exordium","TheCity","TheBeyond"],"potions_floor_usage":[4,15,16,16,37,40,49],"damage_taken":[{"damage":9,"enemies":"Jaw Worm","floor":2,"turns":5},{"damage":26,"enemies":"3 Sentries","floor":4,"turns":9},{"damage":20,"enemies":"2 Louse","floor":6,"turns":3},{"damage":11,"enemies":"Lagavulin","floor":9,"turns":5},{"damage":9,"enemies":"Cultist","floor":12,"turns":2},{"damage":8,"enemies":"Large Slime","floor":14,"turns":3},{"damage":8,"enemies":"3 Louse","floor":15,"turns":3},{"damage":25,"enemies":"downfall:Ironclad","floor":16,"turns":6},{"damage":16,"enemies":"Chosen","floor":19,"turns":3},{"damage":16,"enemies":"Spheric Guardian","floor":23,"turns":3},{"damage":20,"enemies":"downfall:FleeingMerchant","floor":25,"turns":4},{"damage":49,"enemies":"Book of Stabbing","floor":26,"turns":5},{"damage":36,"enemies":"Centurion and Healer","floor":28,"turns":6},{"damage":18,"enemies":"Sentry and Sphere","floor":32,"turns":3},{"damage":24,"enemies":"downfall:Defect","floor":33,"turns":4},{"damage":3,"enemies":"Orb Walker","floor":36,"turns":3},{"damage":38,"enemies":"Reptomancer","floor":37,"turns":5},{"damage":47,"enemies":"R_Hoarder","floor":40,"turns":6},{"damage":24,"enemies":"3 Darklings","floor":42,"turns":3},{"damage":39,"enemies":"Transient","floor":43,"turns":5},{"damage":0,"enemies":"4 Shapes","floor":45,"turns":4},{"damage":0,"enemies":"Writhing Mass","floor":46,"turns":4},{"damage":0,"enemies":"conspire:MimicChest","floor":48,"turns":3},{"damage":0,"enemies":"Jaw Worm Horde","floor":49,"turns":3},{"damage":0,"enemies":"downfall:Watcher","floor":50,"turns":3}],"seed_played":"-6238545598904215649","potions_obtained":[{"floor":2,"key":"AttackPotion"},{"floor":4,"key":"SkillPotion"},{"floor":13,"key":"LifebloodPotion"},{"floor":13,"key":"Regen Potion"},{"floor":16,"key":"Reflective Coating"},{"floor":22,"key":"CultistPotion"},{"floor":23,"key":"LifebloodPotion"},{"floor":33,"key":"ColorlessPotion"},{"floor":37,"key":"Fire Potion"},{"floor":42,"key":"Flashbang"},{"floor":49,"key":"BlessingOfTheForge"}],"is_trial":false,"path_per_floor":["R","M","?","E","?","M","T","R","E","R","?","M","?","M","M","B",null,"R","M","?","?","?","M","T","$","E","R","M","?","?","AVR","M","B",null,"R","M","E","R","?","E","T","M","M","AVR","M","M","?","?","M","B",null],"character_chosen":"THE_CHAMP","items_purchased":[],"campfire_rested":1,"item_purchase_floors":[],"current_hp_per_floor":[90,86,86,68,46,33,33,33,28,55,55,55,19,16,16,33,90,90,84,84,66,66,66,66,66,45,55,55,55,55,55,62,68,105,105,105,97,97,97,73,73,73,79,79,97,105,105,105,105,105],"gold":379,"neow_bonus":"REMOVE_CARD","is_daily":false,"chose_seed":false,"campfire_upgraded":5,"win_rate":0.0,"timestamp":1608299591,"path_taken":["R","M","?","E","?","M","T","R","E","R","?","?","?","?","M","BOSS","R","M","?","?","?","?","T","$","E","R","M","?","?","AVR","M","BOSS","R","M","E","R","?","E","T","M","M","AVR","M","?","?","?","M","BOSS"],"items_purchased_type":[],"build_version":"2020-12-13","purchased_purges":3,"victory":true,"max_hp_per_floor":[90,90,90,90,90,90,90,90,90,90,90,90,90,90,90,90,90,90,90,90,95,95,95,95,95,95,105,105,105,105,105,105,105,105,105,105,105,105,105,105,105,105,105,105,105,105,105,105,105,105],"card_choices":[{"not_picked":["champ:EndlessRage","champ:CrookedStrike"],"picked":"champ:Encircle","floor":2},{"not_picked":["champ:GladiatorsShout","champ:FightOn"],"picked":"champ:Haymaker","floor":4},{"not_picked":["infinitespire:Gouge","infinitespire:Collect"],"picked":"ReplayTheSpireMod:Book of Names","floor":5},{"not_picked":["champ:TornadoPunch","champ:FanOfKnives"],"picked":"champ:AdrenalArmor","floor":6},{"not_picked":["champ:SteelEdge","champ:EnragedBash","champ:ViciousMockery"],"picked":"SKIP","floor":9},{"not_picked":["champ:HeartStrike","champ:Circumvent"],"picked":"champ:GladiatorsShout","floor":12},{"not_picked":["champ:Encircle","champ:StanceDance"],"picked":"champ:ShieldWall","floor":13},{"not_picked":["champ:FightOn","champ:FaceSlap","champ:PreciseThrust"],"picked":"SKIP","floor":14},{"not_picked":["champ:Circumvent","champ:FanOfKnives","champ:Balance"],"picked":"SKIP","floor":15},{"not_picked":["champ:FanOfKnives","champ:Riposte"],"picked":"champ:AdrenalArmor","floor":19},{"not_picked":["champ:DeathBlow+1","champ:Lariat+1"],"picked":"champ:StanceDance","floor":23},{"not_picked":["champ:Encircle","champ:BerserkersShout","champ:Control"],"picked":"SKIP","floor":25},{"not_picked":["champ:SkillfulDodge","champ:Aggression","champ:HeartStrike"],"picked":"SKIP","floor":26},{"not_picked":["champ:AdrenalArmor","champ:IronFortress+1","champ:DefensiveShout"],"picked":"SKIP","floor":28},{"not_picked":["champ:FanOfKnives+1","champ:FocusedDefense"],"picked":"champ:Shatter","floor":32},{"not_picked":["champ:HeavySlash","champ:HoldFirm"],"picked":"champ:CrownThrow","floor":33},{"not_picked":["champ:Haymaker","champ:FlashCut","champ:Duel+1"],"picked":"SKIP","floor":36},{"not_picked":["champ:FanOfKnives","champ:Circumvent+1","champ:GutPunch"],"picked":"SKIP","floor":37},{"not_picked":["champ:DeathBlow","champ:Haymaker","champ:GladiatorsShout"],"picked":"SKIP","floor":40},{"not_picked":["champ:ShieldWall+1","champ:HoldFirm","champ:StanceDance"],"picked":"SKIP","floor":42},{"not_picked":["champ:FanOfKnives+1","champ:BladeFlurry+1","champ:AdrenalArmor+1"],"picked":"SKIP","floor":43},{"not_picked":["champ:GladiatorsShout+1","champ:FightOn"],"picked":"champ:AdrenalArmor","floor":45},{"not_picked":["champ:GladiatorsShout","champ:DefensiveShout","champ:SkillfulDodge+1"],"picked":"SKIP","floor":46},{"not_picked":["champ:TornadoPunch+1","champ:SwordThrow"],"picked":"champ:Encircle","floor":48},{"not_picked":["expansioncontent:QuickStudy+1","expansioncontent:TimeRipple+1"],"picked":"Swift Strike+1","floor":49},{"not_picked":["champ:Backstep","champ:EndlessRage+1","champ:TornadoPunch"],"picked":"SKIP","floor":49}],"player_experience":189846,"relics_obtained":[{"floor":4,"key":"infinitespire:Eraser"},{"floor":7,"key":"Guardian:PocketSentry"},{"floor":9,"key":"StuffTheSpire:Mouthbags"},{"floor":13,"key":"aspiration:TomeofQuesting"},{"floor":26,"key":"aspiration:FetidBarrel"},{"floor":37,"key":"hexamod:BolsterEngine"},{"floor":40,"key":"Lizard Tail"},{"floor":41,"key":"hubris:MysteriousPyramids"},{"floor":48,"key":"CCEMRelics:FestiveHat"}],"event_choices":[{"cards_removed":["champ:Strike"],"damage_healed":0,"gold_gain":0,"player_choice":"Purged","damage_taken":0,"max_hp_gain":0,"max_hp_loss":0,"event_name":"Purifier","floor":11,"gold_loss":0},{"damage_healed":0,"gold_gain":0,"player_choice":"Ignored","damage_taken":0,"max_hp_gain":0,"max_hp_loss":0,"event_name":"NoteForYourself","floor":39,"gold_loss":0}],"is_beta":false,"boss_relics":[{"not_picked":["halation:SmartPhone","Ectoplasm"],"picked":"StuffTheSpire:RunicHypercube"},{"not_picked":["Snecko Eye","hubris:GrandSneckoEye"],"picked":"SacredBark"}],"items_purged_floors":[25,31,44],"is_endless":false,"potions_floor_spawned":[2,4,16,23,28,32,33,36,37,42,49],"ascension_level":0}}