{"host":"u0pglb4bn1g4qngk","time":1608280470,"event":{"mods":["Bard","BaseMod","CapriCore","Chen","Colored Map","Colored Powertips","Downfall","Infinite Spire","Lobotomy","Marisa£®ÏF”Í°°ƒß¿Ì…≥£©","Minty Spire (QoL Compilation)","Prisma Mod","Quick Restart","Remilia£®¿Ÿ√◊¿Ú—«£©","Replay The Spire","Robot Space Explorer","StSLib","The Administrix","The Animator","The Bug Knight","The Cursed","The Immortal","The Senshi","The Servant 0.9.4","WarShipGirlsR/’ΩΩ¢…Ÿ≈ÆR mod","Youmu£®ªÍ∆«—˝√Œ£©"],"gold_per_floor":[114,129,129,144,159,159,189,189,214,244,244,259,289,304,304,464,464,479,29,44,79,109,139,154,253,278,278,308,308,338,388,388,488,488,503,518,593,193,248,248,470,470,470,540,575,575,575],"floor_reached":46,"playtime":3280,"items_purged":[],"score":1045,"play_id":"cf91f1d8-5007-4ff8-8b42-83f64b68cb72","local_time":"20201218163430","daily_mods":["Shiny","Hoarder","DeadlyEvents"],"is_ascension_mode":false,"campfire_choices":[{"data":"QueenOfMidnight","floor":6,"key":"SMITH"},{"data":"TransientEternity","floor":8,"key":"SMITH"},{"data":"TricksterDevil","floor":15,"key":"SMITH"},{"data":"HeartBreak","floor":27,"key":"SMITH"},{"data":"ScarletCoffin","floor":29,"key":"SMITH"},{"data":"DemonKingCradle","floor":32,"key":"SMITH"},{"data":"ScarletMeister","floor":40,"key":"SMITH"},{"floor":42,"key":"DIG"}],"circlet_count":0,"master_deck":["TricksterDevil+1","BatForm","ForecastOfChange","CurseOfVladTepes","ScarletMeister+1","QueenOfMidnight+1","BloodyHallows","HeartBreak+1","BloodRain","EquivalentExchange","KillingBlow","BloodyCatastrophe+1","ChaoticDestiny","BloodySeventeenLaser","HellCatastrophe","ScarletCoffin+1","DemonKingCradle+1","TransientEternity+1","CeilingFear","RedRainbow","RedRainbow","RedRainbow","BlasphemousPunishment","BlasphemousPunishment","BlasphemousPunishment","Decay","Decay","Decay","NightDance","NightDance+1","NightDance+1","VampireKiss","VampireKiss","VampireKiss","BlasphemousPunishment","BlasphemousPunishment","BlasphemousPunishment","FavorOfDestiny","FavorOfDestiny","FavorOfDestiny","RedRainbow","RedRainbow","RedRainbow","BlasphemousPunishment","BlasphemousPunishment","BlasphemousPunishment","RedRainbow","RedRainbow","RedRainbow","ScarletCoffin","ScarletCoffin+1","ScarletCoffin+1","ScarletImprint+1","ScarletImprint+1","ScarletImprint+1","Spreading Infection","Spreading Infection","Spreading Infection","Injury","Injury","Injury","Sickly","Sickly","Sickly","BloodyMagicSquare","BloodyMagicSquare","BloodyMagicSquare"],"relics":["ScarletHat","Pen Nib","Calipers","Anchor","Replay:Multitool","Snack Pack","AntiCross","Philosopher\u0027s Stone","PreservedInsect","Pondfish Scales","Red Mask","Torii","theSenshi:SailorFukuRelic","Shuriken","sneckomod:BlankCard","Lantern","Replay:Ancient Bell","Replay:Wax Seal","Replay:Ringing Soul","champ:DeflectingBracers","Whetstone","Bottled Tornado","infinitespire:Beetle Shell"],"acts_visited":["Exordium","TheCity","TheBeyond"],"potions_floor_usage":[13,13,18,24,28,37],"damage_taken":[{"damage":0,"enemies":"Small Slimes","floor":1,"turns":4},{"damage":15,"enemies":"Cultist","floor":2,"turns":2},{"damage":25,"enemies":"2 Louse","floor":4,"turns":3},{"damage":20,"enemies":"Blue Slaver","floor":5,"turns":1},{"damage":19,"enemies":"Replay:BlueRogue","floor":7,"turns":2},{"damage":78,"enemies":"HollowMod:MossKnight","floor":10,"turns":3},{"damage":10,"enemies":"Red Slaver","floor":12,"turns":1},{"damage":10,"enemies":"Gremlin Nob","floor":13,"turns":2},{"damage":20,"enemies":"Looter","floor":14,"turns":1},{"damage":34,"enemies":"Slime Boss","floor":16,"turns":2},{"damage":10,"enemies":"Chosen","floor":18,"turns":2},{"damage":40,"enemies":"2 Thieves","floor":20,"turns":2},{"damage":40,"enemies":"Centurion and Healer","floor":21,"turns":1},{"damage":50,"enemies":"Masked Bandits","floor":22,"turns":1},{"damage":40,"enemies":"Replay:Snechameleon","floor":23,"turns":2},{"damage":34,"enemies":"Snake Plant","floor":24,"turns":2},{"damage":14,"enemies":"Gremlin Leader","floor":28,"turns":2},{"damage":30,"enemies":"Book of Stabbing","floor":30,"turns":2},{"damage":20,"enemies":"HollowMod:Nosk","floor":31,"turns":2},{"damage":94,"enemies":"Collector","floor":33,"turns":2},{"damage":36,"enemies":"Orb Walker","floor":35,"turns":1},{"damage":10,"enemies":"3 Darklings","floor":36,"turns":2},{"damage":110,"enemies":"Transient","floor":37,"turns":3},{"damage":44,"enemies":"Maw","floor":39,"turns":2},{"damage":55,"enemies":"Mind Bloom Boss Battle","floor":44,"turns":2},{"damage":10,"enemies":"Sphere and 2 Shapes","floor":45,"turns":2},{"damage":85,"enemies":"4 Shapes","floor":46,"turns":1}],"seed_played":"4511563792049188764","potions_obtained":[{"floor":1,"key":"Energy Potion"},{"floor":7,"key":"Reflective Coating"},{"floor":10,"key":"BlessingOfTheForge"},{"floor":13,"key":"Swift Potion"},{"floor":18,"key":"FearPotion"},{"floor":20,"key":"SkillPotion"},{"floor":24,"key":"SkillPotion"},{"floor":31,"key":"champ:CounterPotion"},{"floor":39,"key":"Energy Potion"}],"is_trial":false,"path_per_floor":["M","M","?","M","M","R","E","R","T","E","T","M","E","M","R","B",null,"M","$","M","M","?","E","M","?","T","R","E","R","E","E","R","B",null,"M","M","M","$","M","R","?","R","T","?","M","M"],"character_chosen":"REMILIA","items_purchased":["PreservedInsect","Pondfish Scales","Whetstone","Bottled Tornado"],"campfire_rested":0,"item_purchase_floors":[19,19,38,38],"current_hp_per_floor":[75,75,75,70,71,71,67,67,67,75,75,75,75,75,75,75,75,75,75,75,75,75,75,75,75,75,75,75,75,75,75,75,75,78,78,78,78,78,78,78,78,78,78,78,81,0,0],"gold":575,"neow_bonus":"","is_daily":true,"chose_seed":false,"campfire_upgraded":7,"win_rate":0.0,"timestamp":1608280470,"path_taken":["M","M","?","M","?","R","E","R","T","E","?","M","?","M","R","BOSS","M","$","M","M","?","E","M","?","T","R","?","R","?","?","R","BOSS","M","M","M","$","M","R","?","R","T","?","M","M"],"items_purchased_type":["Relic","Relic","Relic","Relic"],"build_version":"2020-12-13","purchased_purges":0,"victory":false,"max_hp_per_floor":[75,75,75,75,75,75,75,75,75,75,75,75,75,75,75,75,75,75,75,75,75,75,75,75,75,75,75,75,75,75,75,75,75,78,78,78,78,78,78,78,78,78,78,78,81,81,81],"card_choices":[{"not_picked":["BombardNight","Septette"],"picked":"RedRainbow","floor":1},{"not_picked":["AfternoonTea","Ultimatum"],"picked":"BlasphemousPunishment","floor":2},{"not_picked":["BombardNight","VampireKiss"],"picked":"NightDance","floor":4},{"not_picked":["UnderTheZenith","ScarletSymphony"],"picked":"VampireKiss","floor":5},{"not_picked":["UnstableMagic","ForecastOfChange"],"picked":"BlasphemousPunishment","floor":7},{"not_picked":["DiffusionOfMisfortune","VampirishNight","UnstableMagic"],"picked":"SKIP","floor":10},{"not_picked":["EndlessAdversity","HunterOfTheNight"],"picked":"FavorOfDestiny","floor":12},{"not_picked":["VampireKiss","ScarletDream","DiffusionOfMisfortune"],"picked":"SKIP","floor":13},{"not_picked":["EndlessAdversity","UnstableMagic"],"picked":"RedRainbow","floor":14},{"not_picked":["ScarletImprint","Ultimatum","BloodHunter+1"],"picked":"SKIP","floor":18},{"not_picked":["UnstableMagic","BombardNight"],"picked":"BlasphemousPunishment","floor":20},{"not_picked":["DiffusionOfMisfortune","GlobalNightmare","UnstableMagic+1"],"picked":"SKIP","floor":21},{"not_picked":["ScarletDevilSign","VampireKiss"],"picked":"RedRainbow","floor":22},{"not_picked":["VampireKiss","DiffusionOfMisfortune","LeisurelyOfLord+1"],"picked":"SKIP","floor":23},{"not_picked":["EternalNight","RedRainbow"],"picked":"ScarletCoffin","floor":24},{"not_picked":["StarOfDavid","UnstableMagic+1"],"picked":"ScarletImprint+1","floor":28},{"not_picked":["Stigmanizer","SuperhumanBloodyKnife","ScarletImprint"],"picked":"SKIP","floor":30},{"not_picked":["VampireSweep+1","TwelveNightmare","VampireClaw"],"picked":"SKIP","floor":31},{"not_picked":["Greed_TH","Gluttony_TH"],"picked":"Spreading Infection","floor":34},{"not_picked":["Writhe","Wrath_TH"],"picked":"Injury","floor":34},{"not_picked":["AbeCurse","ReplayTheSpireMod:Restless Dread"],"picked":"Sickly","floor":34},{"not_picked":["CharismaGuard+1","EquivalentExchange","ScarletGensokyo"],"picked":"SKIP","floor":35},{"not_picked":["AfternoonTea","ScarletDevilSign","NightDance+1"],"picked":"SKIP","floor":36},{"not_picked":["UltimateOffering","ForbiddenFruit+1","Stigmanizer+1"],"picked":"SKIP","floor":37},{"not_picked":["MillenniumVampire","ScarletDevil+1","StarOfDavid"],"picked":"SKIP","floor":39},{"not_picked":["TwelveNightmare+1","ScarletNetherworld+1"],"picked":"BloodyMagicSquare","floor":45}],"player_experience":80511,"relics_obtained":[{"floor":7,"key":"Pen Nib"},{"floor":7,"key":"Calipers"},{"floor":9,"key":"Anchor"},{"floor":10,"key":"Replay:Multitool"},{"floor":11,"key":"Snack Pack"},{"floor":13,"key":"AntiCross"},{"floor":22,"key":"Red Mask"},{"floor":23,"key":"Torii"},{"floor":26,"key":"theSenshi:SailorFukuRelic"},{"floor":28,"key":"Shuriken"},{"floor":30,"key":"sneckomod:BlankCard"},{"floor":31,"key":"Lantern"},{"floor":45,"key":"infinitespire:Beetle Shell"}],"event_choices":[{"damage_healed":0,"gold_gain":0,"player_choice":"Cursed","damage_taken":0,"max_hp_gain":0,"max_hp_loss":0,"event_name":"Wheel of Change","floor":3,"gold_loss":0,"cards_obtained":["Decay"]},{"damage_healed":0,"gold_gain":0,"player_choice":"Fought Bandits","damage_taken":0,"max_hp_gain":0,"max_hp_loss":0,"event_name":"Masked Bandits","floor":22,"gold_loss":0},{"damage_healed":0,"gold_gain":99,"player_choice":"Stole From Cult","damage_taken":0,"max_hp_gain":0,"max_hp_loss":0,"event_name":"Nest","floor":25,"gold_loss":0},{"damage_healed":0,"gold_gain":222,"player_choice":"Wore Mask","damage_taken":0,"max_hp_gain":0,"max_hp_loss":0,"event_name":"Tomb of Lord Red Mask","floor":41,"gold_loss":0},{"damage_healed":0,"gold_gain":0,"player_choice":"Fight","damage_taken":0,"max_hp_gain":0,"max_hp_loss":0,"event_name":"MindBloom","floor":44,"gold_loss":0}],"is_beta":false,"boss_relics":[{"not_picked":["Painkiller Herb","sneckomod:SneckoTalon"],"picked":"Philosopher\u0027s Stone"},{"not_picked":["Ring of Chaos","Kintsugi"],"picked":"Replay:Ancient Bell"},{"not_picked":["ReplayTheSpireMod:TigerMarble","Grinning Jar"],"picked":"Replay:Wax Seal"},{"not_picked":["infinitespire:Bottled Soul","Replay:Accelerometer"],"picked":"Replay:Ringing Soul"},{"not_picked":["infinitespire:Joker Card","Guardian:GemstoneGun"],"picked":"champ:DeflectingBracers"}],"items_purged_floors":[],"is_endless":false,"potions_floor_spawned":[1,10,13,20,23,24,31,33,36,37],"killed_by":"4 Shapes","ascension_level":0}}