{"host":"qhn6g0owdgjb77rz","time":1608298978,"event":{"mods":["BaseMod","Colored Map","Minty Spire (QoL Compilation)","Relic Sorter","StSLib"],"gold_per_floor":[19,19,42,42,56,56,87,102,102,102,116,116,139,178,178,178,178],"floor_reached":16,"playtime":2656,"items_purged":[],"score":185,"play_id":"5dc8d946-4359-46ef-b788-9edad2c5a82f","local_time":"20201218224258","is_ascension_mode":true,"campfire_choices":[{"data":"Cloak And Dagger","floor":6,"key":"SMITH"},{"floor":12,"key":"REST"},{"data":"Noxious Fumes","floor":15,"key":"SMITH"}],"circlet_count":0,"master_deck":["AscendersBane","Strike_G","Strike_G","Strike_G","Strike_G","Defend_G","Defend_G","Defend_G","Defend_G","Defend_G","Survivor","Neutralize","Cloak And Dagger+1","Terror","Noxious Fumes+1","Dash","Blade Dance","Cloak And Dagger"],"relics":["Ring of the Snake","WingedGreaves","Golden Idol","Potion Belt","Akabeko","InkBottle","Orichalcum"],"acts_visited":["Exordium"],"potions_floor_usage":[7,16],"damage_taken":[{"damage":3,"enemies":"2 Louse","floor":1,"turns":3},{"damage":0,"enemies":"Jaw Worm","floor":3,"turns":5},{"damage":1,"enemies":"Cultist","floor":5,"turns":5},{"damage":9,"enemies":"3 Sentries","floor":7,"turns":12},{"damage":26,"enemies":"Exordium Thugs","floor":8,"turns":7},{"damage":4,"enemies":"Looter","floor":11,"turns":5},{"damage":0,"enemies":"Large Slime","floor":13,"turns":5},{"damage":7,"enemies":"Lagavulin","floor":14,"turns":6},{"damage":26,"enemies":"The Guardian","floor":16,"turns":6}],"seed_played":"-3634796082237735501","potions_obtained":[{"floor":5,"key":"CunningPotion"},{"floor":7,"key":"PowerPotion"},{"floor":13,"key":"Strength Potion"}],"is_trial":false,"path_per_floor":["M","?","M","T","M","R","E","M","T","?","M","R","M","E","R","B"],"character_chosen":"THE_SILENT","items_purchased":[],"campfire_rested":1,"item_purchase_floors":[],"current_hp_per_floor":[60,60,60,60,59,59,50,24,24,17,13,32,32,25,25,0,0],"gold":178,"neow_bonus":"ONE_RARE_RELIC","is_daily":false,"chose_seed":false,"campfire_upgraded":2,"win_rate":0.0,"timestamp":1608298978,"path_taken":["M","?","M","?","M","R","E","M","T","?","M","R","M","E","R","BOSS"],"items_purchased_type":[],"build_version":"2020-12-13","purchased_purges":0,"victory":false,"max_hp_per_floor":[70,65,65,65,65,65,65,65,65,65,65,65,65,65,65,65,65],"card_choices":[{"not_picked":["PiercingWail","Choke"],"picked":"Cloak And Dagger","floor":1},{"not_picked":["Poisoned Stab","Slice","Dodge and Roll"],"picked":"SKIP","floor":3},{"not_picked":["Riddle With Holes","Flechettes"],"picked":"Terror","floor":5},{"not_picked":["Distraction","Endless Agony"],"picked":"Noxious Fumes","floor":7},{"not_picked":["Flying Knee","Concentrate","Dagger Throw"],"picked":"SKIP","floor":8},{"not_picked":["All Out Attack","Predator"],"picked":"Dash","floor":11},{"not_picked":["PiercingWail","Bane"],"picked":"Blade Dance","floor":13},{"not_picked":["Bane","Phantasmal Killer"],"picked":"Cloak And Dagger","floor":14}],"player_experience":374527,"relics_obtained":[{"floor":4,"key":"Potion Belt"},{"floor":7,"key":"Akabeko"},{"floor":9,"key":"InkBottle"},{"floor":14,"key":"Orichalcum"}],"event_choices":[{"damage_healed":0,"gold_gain":0,"player_choice":"Lose Max HP","damage_taken":0,"relics_obtained":["Golden Idol"],"max_hp_gain":0,"max_hp_loss":5,"event_name":"Golden Idol","floor":2,"gold_loss":0},{"cards_removed":["Strike_G"],"damage_healed":0,"gold_gain":0,"player_choice":"Card Removal","damage_taken":7,"max_hp_gain":0,"max_hp_loss":0,"event_name":"Golden Wing","floor":10,"gold_loss":0}],"is_beta":false,"boss_relics":[],"items_purged_floors":[],"is_endless":false,"potions_floor_spawned":[5,7,13],"killed_by":"The Guardian","ascension_level":13}}