{"host":"zw7mtpqi2yatqhwv","time":1608331651,"event":{"mods":["2.2 Compatiblity","A Magickal Journey","AchievementEnabler","Act Like it!","Aspiration","Bard","BaseMod","Beaked The Cultist","Better Altar","Better Match","Better Note","Better Sensory Stone","Better Skull","Better Third Choice","BetterRewards","CCEM","Colored Map","Colored Powertips","Conspire","Downfall","Friendly Minions","GifTheSpireLib","Glutton Mod","Halation","Hermit","Highlight Path","Hubris","Infinite Spire","Jedi Mod","JesterMod","Jorbs\u0027s Wanderer Trilogy","Mad Scientist","Marisa????????","Mimic Mod","Minty Spire (QoL Compilation)","Permanent Neow","READ ME - Guardian Mod","READ ME - Snecko Mod","Rare Cards Sparkle","RatMod","Replay The Spire","Shade Mod","Shop Mod","Spicy Shops","StSLib","Strawberry Spire","Stuff the Spire","The Blackbeard","The Construct","The Cursed","The Death Knight","The Disciple","The Elementalist","The Factory","The Gatherer","The Hierophant","The Juggle","The Jungle","The Mystic","The Necromancer","The Runesmith","The Servant 0.9.4","The Spell Scribe","The Wild Card","TheVacant","Unceasing Turn Reminder","vexMod"],"gold_per_floor":[8110,7592,7592,7592,7603,7619,7619,7635,7684,7711,7103,0,16,31,31,132,132,145,7561,7579,7598,7523,7523,7557,7567,7567,7567,7154,7154,7189,7208,7208,7306,7306,7324,7335,7526,7541,7541,7552,7562,7579,7604,7579,7612,7651,7651,7651],"floor_reached":47,"playtime":4310,"items_purged":["Shade:Defend_Shade+1","Shade:Defend_Shade"],"score":674,"play_id":"becdc376-0448-4066-ae83-17594ca855cc","local_time":"20201218234731","is_ascension_mode":false,"campfire_choices":[{"data":"Shade:AuraOfUnlife","floor":7,"key":"SMITH"},{"data":"Sadistic Nature","floor":15,"key":"SMITH"},{"data":"Metamorphosis","floor":23,"key":"SMITH"},{"data":"Shade:OfferingToTheBeyond","floor":27,"key":"SMITH"},{"data":"Shade:UnbarTheGrave","floor":32,"key":"SMITH"}],"circlet_count":0,"master_deck":["Shade:Strike_Shade","Shade:Strike_Shade","Shade:Strike_Shade","Shade:Strike_Shade","Shade:Defend_Shade","Shade:AnimateDead","Shade:CarefulCut","Shade:AuraOfUnlife+1","Shade:Carnophage+1","Shade:DarkOfNight+1","Apotheosis+1","Spreading Infection","Shade:SpontaneousRitual","Shade:TouchOfTheGrave","Shade:GraveStillness","Shade:FreshBones","Sadistic Nature+1","Shade:SensePrey+1","Shade:UnbarTheGrave","Shade:AncientSpear","Shade:ScuttlingHand","Shade:ScuttlingHand","Shade:AuraOfUnlife","Enlightenment","Shade:FeralStrike","Shade:DangerousRitual","Shade:OfferingToTheBeyond","Shade:CommandSoldier+1","Metamorphosis+1","Shade:AncientSpear","Shade:AncientSpear","Shade:Brains","Shade:OfferingToTheBeyond+1","Shade:UnbarTheGrave","Shade:CoffinDance","Shade:FeralStrike","Shade:ScuttlingHand","Shade:Premonition+1","Shade:UnbarTheGrave+1","Replay:Parry","Shade:Bonestorm","Shade:PoundOfFlesh","Shade:Tombstone","Dropkick+1","ReplayTheSpireMod:LeadingStrike+1","strawberrySpire:Endurance","Carnage+1","Sadistic Nature+1","StuffTheSpire:Slingshot","Warcry","Shade:CommandSoldier"],"relics":["Shade:YorickSkull","Membership Card","Toolbox","hubris:Reverence","Ring of Fangs","infinitespire:Beetle Shell","construct:FoamFinger","Guardian:PocketSentry","hubris:ToyBattleship","strawberrySpire:CharschorBlot","vexMod:GhostlyGear","Pen Nib","Simple Rune","Singing Bowl","halation:Toothbrush","vexMod:PaidLearning","Pantograph","Replay:Rubber Ducky","GremlinMask","halation:KoshaPiece","aspiration:IroncladSkillbook","vexMod:MemoryStick","rat:KircheisShard","Prayer Wheel"],"acts_visited":["Exordium","TheCity","TheBeyond"],"potions_floor_usage":[8,16,20,24,25],"damage_taken":[{"damage":0,"enemies":"conspire:RoseBush","floor":1,"turns":3},{"damage":0,"enemies":"2 Louse","floor":5,"turns":4},{"damage":0,"enemies":"Jaw Worm","floor":6,"turns":2},{"damage":5,"enemies":"2 Fungi Beasts","floor":8,"turns":6},{"damage":0,"enemies":"Replay:BlueRogue","floor":10,"turns":9},{"damage":0,"enemies":"Blue Slaver","floor":13,"turns":2},{"damage":0,"enemies":"3 Louse","floor":14,"turns":1},{"damage":6,"enemies":"Hexaghost","floor":16,"turns":5},{"damage":3,"enemies":"conspire:FuzzyDice","floor":18,"turns":3},{"damage":0,"enemies":"Chosen","floor":20,"turns":2},{"damage":15,"enemies":"conspire:HollyBat","floor":21,"turns":7},{"damage":3,"enemies":"Replay:Snechameleon","floor":24,"turns":3},{"damage":0,"enemies":"Snake Plant","floor":25,"turns":3},{"damage":0,"enemies":"strawberrySpire:AncientClocktower","floor":30,"turns":4},{"damage":6,"enemies":"Centurion and Healer","floor":31,"turns":6},{"damage":4,"enemies":"conspire:MysteriousRune","floor":33,"turns":5},{"damage":0,"enemies":"3 Darklings","floor":35,"turns":2},{"damage":5,"enemies":"Orb Walker","floor":36,"turns":4},{"damage":0,"enemies":"4 Shapes","floor":38,"turns":5},{"damage":3,"enemies":"Maw","floor":40,"turns":4},{"damage":5,"enemies":"Spire Growth","floor":41,"turns":5},{"damage":0,"enemies":"4 Shapes","floor":42,"turns":2},{"damage":33,"enemies":"Nemesis","floor":45,"turns":5},{"damage":0,"enemies":"Maw","floor":46,"turns":6},{"damage":61,"enemies":"Nightmare","floor":47,"turns":6}],"seed_played":"548838068569328764","potions_obtained":[{"floor":1,"key":"Block Potion"},{"floor":13,"key":"Regen Potion"},{"floor":14,"key":"Elixir"},{"floor":16,"key":"champ:CounterPotion"},{"floor":20,"key":"Block Potion"},{"floor":24,"key":"infinitespire:BlackPotion"},{"floor":25,"key":"FearPotion"},{"floor":31,"key":"FearPotion"},{"floor":38,"key":"FairyPotion"}],"is_trial":true,"path_per_floor":["M","$","?","?","M","M","R","M","T","E","$","?","M","M","R","B",null,"M","$","M","M","?","R","E","M","T","R","$","?","E","M","R","B",null,"M","M","?","M","?","M","M","M","T","?","E","MIM","NM"],"character_chosen":"SHADE","items_purchased":["Membership Card","Toolbox","hubris:Reverence","Shade:Carnophage","Shade:DarkOfNight","Guardian:PocketSentry","hubris:ToyBattleship","strawberrySpire:CharschorBlot","Sadistic Nature","Shade:UnbarTheGrave","Shade:AncientSpear","Shade:ScuttlingHand","Shade:AuraOfUnlife","Metamorphosis","vexMod:GhostlyGear","Pen Nib","Shade:AncientSpear","Shade:Brains","Shade:OfferingToTheBeyond","Shade:UnbarTheGrave","Shade:CoffinDance","Simple Rune","Shade:UnbarTheGrave","vexMod:PaidLearning","Pantograph","Replay:Rubber Ducky","Replay:Parry"],"campfire_rested":0,"item_purchase_floors":[2,2,2,2,2,11,11,11,11,11,11,11,11,19,19,19,19,19,19,19,19,19,28,28,28,28,28],"current_hp_per_floor":[65,65,65,65,65,65,65,60,60,60,60,66,66,66,66,71,71,68,68,68,53,53,53,57,57,57,57,60,60,60,54,54,50,74,74,73,44,48,48,51,50,54,54,54,27,31,0,0],"gold":7651,"neow_bonus":"","is_daily":false,"chose_seed":false,"campfire_upgraded":5,"win_rate":0.0,"timestamp":1608331651,"path_taken":["M","$","?","?","M","M","R","M","T","E","$","?","?","M","R","BOSS","M","$","M","M","?","R","E","M","T","R","$","?","E","M","R","BOSS","M","?","?","?","?","M","?","?","T","?","E","?","NM"],"items_purchased_type":["Relic","Relic","Relic","Card","Card","Relic","Relic","Relic","Card","Card","Card","Card","Card","Card","Relic","Relic","Card","Card","Card","Card","Card","Relic","Card","Relic","Relic","Relic","Card"],"build_version":"2020-12-13","purchased_purges":2,"victory":false,"max_hp_per_floor":[65,65,65,65,65,65,65,65,65,65,65,71,71,71,71,71,71,71,71,71,71,71,71,71,71,71,71,74,74,74,74,74,74,74,74,74,74,74,74,76,76,76,76,76,78,78,78,78],"card_choices":[{"not_picked":["Shade:CallWraith","Shade:WallOfFlesh"],"picked":"Shade:AuraOfUnlife","floor":1},{"not_picked":["Shade:GoDigging","Shade:AblativeArmor"],"picked":"Shade:SpontaneousRitual","floor":5},{"not_picked":["Shade:Haruspicy","Shade:Awaken"],"picked":"Shade:TouchOfTheGrave","floor":6},{"not_picked":["Shade:ClawBack","Shade:FleshOffering"],"picked":"Shade:GraveStillness","floor":8},{"not_picked":["Shade:SelfBurial","Shade:Patience"],"picked":"Shade:FreshBones","floor":10},{"not_picked":["Shade:CommandSoldier","Shade:Trample"],"picked":"Shade:FeralStrike","floor":13},{"not_picked":["Shade:SkeletonHug","Shade:Excise"],"picked":"Shade:DangerousRitual","floor":14},{"not_picked":["Shade:SoulPierce","Shade:DarkOfNight"],"picked":"Shade:OfferingToTheBeyond","floor":16},{"not_picked":["Shade:FingerOfDeath+1","Shade:PressTheAttack"],"picked":"Shade:CommandSoldier+1","floor":18},{"not_picked":["Shade:DangerousRitual","Shade:FingerOfDeath"],"picked":"Shade:FeralStrike","floor":20},{"not_picked":["Shade:SpontaneousRitual","Shade:CloudOfShrapnel+1","Shade:BoneShards"],"picked":"SKIP","floor":21},{"not_picked":["Shade:Trample","Shade:CoffinDance"],"picked":"Shade:ScuttlingHand","floor":24},{"not_picked":["Shade:FleshOffering+1","Shade:Bonestorm"],"picked":"Shade:Premonition+1","floor":25},{"not_picked":["Shade:RitualOffering","Shade:GraveStillness"],"picked":"Shade:Bonestorm","floor":30},{"not_picked":["Shade:AncientSpear","Shade:WallOfFlesh"],"picked":"Shade:PoundOfFlesh","floor":31},{"not_picked":["Shade:GreaterAnimation","Shade:LoseControl"],"picked":"Shade:Tombstone","floor":33},{"not_picked":["Shade:ClawBack","strawberrySpire:ZonePlayer+1","Shade:LyeBath"],"picked":"Dropkick+1","floor":35},{"not_picked":["Combust+1","Shade:WallOfFlesh+1","Cleave+1"],"picked":"ReplayTheSpireMod:LeadingStrike+1","floor":36},{"not_picked":["Rupture+1","strawberrySpire:ZonePlayer+1","jedi:fear+1"],"picked":"strawberrySpire:Endurance","floor":37},{"not_picked":["strawberrySpire:FireDrill","Clothesline","Shade:FingerOfDeath+1"],"picked":"Carnage+1","floor":38},{"not_picked":["Wild Strike","strawberrySpire:ZonePlayer+1","Shade:GraveStillness+1","Cleave"],"picked":"Singing Bowl","floor":40},{"not_picked":["strawberrySpire:FortFortyFour","Havoc","Shade:SkeletonHug"],"picked":"StuffTheSpire:Slingshot","floor":41},{"not_picked":["strawberrySpire:Spite+1","Anger+1","Shade:Excise+1"],"picked":"Warcry","floor":42},{"not_picked":["StuffTheSpire:Incineration+1","Shade:FingerOfDeath+1","Clash","Armaments"],"picked":"Singing Bowl","floor":45},{"not_picked":["strawberrySpire:FireDrill+1","Shade:BoneShards","Searing Blow+1"],"picked":"Shade:CommandSoldier","floor":46}],"player_experience":85088,"relics_obtained":[{"floor":4,"key":"Ring of Fangs"},{"floor":9,"key":"infinitespire:Beetle Shell"},{"floor":10,"key":"construct:FoamFinger"},{"floor":24,"key":"Singing Bowl"},{"floor":26,"key":"halation:Toothbrush"},{"floor":30,"key":"halation:KoshaPiece"},{"floor":43,"key":"vexMod:MemoryStick"},{"floor":45,"key":"rat:KircheisShard"},{"floor":46,"key":"Prayer Wheel"}],"event_choices":[{"damage_healed":65,"gold_gain":0,"player_choice":"Embrace","damage_taken":0,"max_hp_gain":0,"max_hp_loss":65,"event_name":"betterThird:BetterShining","floor":3,"gold_loss":0},{"damage_healed":0,"gold_gain":0,"player_choice":"RENOUNCE","damage_taken":7103,"max_hp_gain":0,"max_hp_loss":0,"event_name":"betterThird:BetterSerpent","floor":12,"gold_loss":7103,"cards_obtained":["Enlightenment"]},{"damage_healed":0,"gold_gain":0,"player_choice":"3","damage_taken":0,"max_hp_gain":0,"max_hp_loss":0,"event_name":"betterMatch:BetterMatch","floor":22,"gold_loss":0,"cards_obtained":[]},{"damage_healed":0,"gold_gain":0,"player_choice":"Trade","damage_taken":0,"relics_obtained":["GremlinMask"],"max_hp_gain":0,"max_hp_loss":0,"event_name":"FaceTrader","floor":29,"gold_loss":0},{"damage_healed":0,"gold_gain":0,"player_choice":"Copied","damage_taken":0,"max_hp_gain":0,"max_hp_loss":0,"event_name":"Duplicator","floor":39,"gold_loss":0,"cards_obtained":["Sadistic Nature"]}],"is_beta":false,"boss_relics":[{"not_picked":["StuffTheSpire:RunicConfusion","halation:LoveArrow","ReplayTheSpireMod:DimensionalGlitch"]},{"not_picked":["ReplayTheSpireMod:SealedPack","vexMod:BigBerry"],"picked":"aspiration:IroncladSkillbook"}],"items_purged_floors":[19,28],"is_endless":false,"potions_floor_spawned":[1,13,14,16,20,24,25,31,33,36,38,41,45],"killed_by":"Nightmare","ascension_level":0}}