{"host":"1rf9pknejqhzkc4o","time":1608295363,"event":{"mods":["Aspiration","BaseMod","Better Altar","Better Match","Better Note","Better Sensory Stone","Better Skull","Better Third Choice","Colored Map","Colored Powertips","Communication Mod","Conspire","Energized Spire","Hubris","Infinite Spire","Ironclad Rager","Minty Spire (QoL Compilation)","Quick Restart","RNG Fix","Rare Cards Sparkle","Relic Stats","Replay The Spire","Retaliation","Spicy Shops","StSLib","The Blue Laboratory","Trackpad"],"gold_per_floor":[113,132,132,146,20,20,35,50,50,68,79,105,105,4,4,104,104,119,119,40,66,66,101,113,113,113,113,124,124,25,36,36,36,36],"floor_reached":33,"playtime":1304,"items_purged":["Injury","Looming Evil","Normality"],"score":267,"play_id":"65cf4058-3ca7-41a1-b7e5-2cf745842c19","local_time":"20201218154243","is_ascension_mode":false,"campfire_choices":[{"data":"infinitespire:DeathsTouch","floor":6.0,"key":"SMITH"},{"data":"Enlightenment","floor":15,"key":"SMITH"},{"floor":25,"key":"REST"},{"data":"Brilliance","floor":27,"key":"SMITH"},{"floor":32,"key":"REST"}],"circlet_count":0,"master_deck":["Strike_P","Strike_P","Strike_P","Strike_P","Defend_P","Defend_P","Defend_P","Defend_P","Eruption","Vigilance","BowlingBash","FollowUp","infinitespire:DeathsTouch+1","Brilliance+1","Enlightenment+1","Replay:DivineShield","Prostrate","Protect","Prostrate","FollowUp","Consecrate+1","ConjureBlade","ReachHeaven+1","ForeignInfluence","FollowUp+1","Brilliance+1","Prostrate","Consecrate+1","Devotion"],"relics":["HolyWater","aspiration:Nostalgia","infinitespire:DarkRift","Lantern","trackpad:PetRock","Molten Egg 2","trackpad:IceCube","Regal Pillow","hubris:SlimyHat","Simple Rune","White Beast Statue","ReplayTheSpireMod:CursedCoin"],"acts_visited":["Exordium","TheCity"],"potions_floor_usage":[21,31,31,33],"damage_taken":[{"damage":1.0,"enemies":"2 Louse","floor":1.0,"turns":3.0},{"damage":9.0,"enemies":"Jaw Worm","floor":2.0,"turns":4.0},{"damage":0.0,"enemies":"Small Slimes","floor":4.0,"turns":2.0},{"damage":0,"enemies":"Looter","floor":7,"turns":1},{"damage":10,"enemies":"Lots of Slimes","floor":8,"turns":2},{"damage":0,"enemies":"Exordium Thugs","floor":10,"turns":2},{"damage":0,"enemies":"Large Slime","floor":11,"turns":2},{"damage":1,"enemies":"Gremlin Nob","floor":12,"turns":3},{"damage":32,"enemies":"Fading Forest","floor":16,"turns":11},{"damage":5,"enemies":"3 Byrds","floor":18,"turns":4},{"damage":40,"enemies":"conspire:MimicChest","floor":21,"turns":5},{"damage":12,"enemies":"conspire:SneckoGhost","floor":23,"turns":5},{"damage":2,"enemies":"Chosen","floor":24,"turns":3},{"damage":14,"enemies":"Sentry and Sphere","floor":28,"turns":5},{"damage":29,"enemies":"conspire:HollyBat","floor":31,"turns":10},{"damage":61,"enemies":"Pondfish","floor":33,"turns":6}],"seed_played":"-1462758083748873546","potions_obtained":[{"floor":1.0,"key":"Swift Potion"},{"floor":4.0,"key":"blueLaboratory:TrueEctoplasm"},{"floor":11,"key":"Explosive Potion"},{"floor":16,"key":"Flashbang"},{"floor":18,"key":"Regen Potion"},{"floor":21,"key":"blueLaboratory:MidnightOil"},{"floor":31,"key":"blueLaboratory:PolymorphPotion"}],"is_trial":false,"path_per_floor":["M","M","?","M","$","R","M","M","T","M","M","E","?","$","R","B",null,"M","?","?","?","T","E","M","R","T","R","M","?","$","M","R","B"],"character_chosen":"WATCHER","items_purchased":["Enlightenment","Consecrate+1","ReplayTheSpireMod:CursedCoin","Consecrate+1"],"campfire_rested":2,"item_purchase_floors":[5,14,30,30],"current_hp_per_floor":[71,62,62,62,62,62,62,52,52,52,52,51,51,51,51,41,72,67,67,67,39,39,27,25,61,61,61,47,50,50,21,58,0,0],"gold":36,"neow_bonus":"NOSTALGIA","is_daily":false,"chose_seed":false,"campfire_upgraded":3,"win_rate":0.0,"timestamp":1608295363,"path_taken":["M","M","?","?","$","R","M","M","T","M","M","E","?","?","R","BOSS","M","?","?","?","?","E","M","R","T","R","?","?","$","M","R","BOSS"],"items_purchased_type":["Card","Card","Relic","Card"],"build_version":"2020-12-13","purchased_purges":3,"victory":false,"max_hp_per_floor":[72,72,72,72,72,72,72,72,72,72,72,72,72,72,72,72,72,72,72,72,72,72,72,72,72,72,72,72,75,75,75,75,75,75],"relic_stats":{"Regal Pillow":30,"counters":[16,68],"obtain_stats":[{"Lantern":9,"Regal Pillow":21,"trackpad:IceCube":20,"aspiration:Nostalgia":0,"ReplayTheSpireMod:CursedCoin":30,"trackpad:PetRock":12,"hubris:SlimyHat":22,"White Beast Statue":26,"infinitespire:DarkRift":0,"HolyWater":17,"Molten Egg 2":13,"Simple Rune":23,"PureWater":0},{"Lantern":5,"Regal Pillow":11,"trackpad:IceCube":10,"aspiration:Nostalgia":0,"ReplayTheSpireMod:CursedCoin":14,"trackpad:PetRock":8,"hubris:SlimyHat":11,"White Beast Statue":13,"infinitespire:DarkRift":0,"HolyWater":9,"Molten Egg 2":8,"Simple Rune":12,"PureWater":0},{"Lantern":12,"Regal Pillow":39,"trackpad:IceCube":34,"aspiration:Nostalgia":0,"ReplayTheSpireMod:CursedCoin":52,"trackpad:PetRock":19,"hubris:SlimyHat":39,"White Beast Statue":47,"infinitespire:DarkRift":0,"HolyWater":30,"Molten Egg 2":19,"Simple Rune":44,"PureWater":0}]},"card_choices":[{"not_picked":["EmptyFist","Nirvana"],"picked":"BowlingBash","floor":1.0},{"not_picked":["ForeignInfluence","SandsOfTime"],"picked":"FollowUp","floor":2.0},{"not_picked":["Crescendo","Replay:ManipulateFuture"],"picked":"Brilliance","floor":4.0},{"not_picked":["EmptyFist","Protect"],"picked":"Replay:DivineShield","floor":7},{"not_picked":["Crescendo","ThirdEye"],"picked":"Prostrate","floor":8},{"not_picked":["JustLucky","Weave"],"picked":"Protect","floor":10},{"not_picked":["ThirdEye","Establishment"],"picked":"Prostrate","floor":11},{"not_picked":["EmptyFist","ReachHeaven"],"picked":"FollowUp","floor":12},{"not_picked":["Blasphemy","Replay:AllIn"],"picked":"ConjureBlade","floor":16},{"not_picked":["Perseverance","Weave+1"],"picked":"ReachHeaven+1","floor":18},{"not_picked":["JustLucky+1","Crescendo"],"picked":"ForeignInfluence","floor":21},{"not_picked":["TalkToTheHand+1","Prostrate"],"picked":"FollowUp+1","floor":23},{"not_picked":["ForeignInfluence+1","EmptyFist+1"],"picked":"Brilliance+1","floor":24},{"not_picked":["Replay:ManipulateFuture","Crescendo+1"],"picked":"Prostrate","floor":28},{"not_picked":["Protect","SashWhip+1"],"picked":"Devotion","floor":31}],"player_experience":145309,"relics_obtained":[{"floor":9,"key":"Lantern"},{"floor":12,"key":"trackpad:PetRock"},{"floor":21,"key":"Regal Pillow"},{"floor":22,"key":"hubris:SlimyHat"},{"floor":23,"key":"Simple Rune"},{"floor":26,"key":"White Beast Statue"}],"event_choices":[{"cards_removed":["infinitespire:DeathsTouch"],"damage_healed":0.0,"max_hp_gain":0.0,"max_hp_loss":0.0,"gold_gain":0.0,"event_name":"betterNote:BetterNote","player_choice":"Take \u0026 Give","floor":3.0,"gold_loss":0.0,"damage_taken":0.0,"cards_obtained":["infinitespire:DeathsTouch"]},{"damage_healed":0,"gold_gain":0,"player_choice":"Paid Gold","damage_taken":0,"relics_obtained":["trackpad:IceCube"],"max_hp_gain":0,"max_hp_loss":0,"event_name":"WeMeetAgain","floor":20,"gold_loss":79}],"is_beta":false,"boss_relics":[{"not_picked":["energizedSpire:EnergizedDie","Busted Crown"],"picked":"HolyWater"}],"items_purged_floors":[14,30,30],"is_endless":false,"potions_floor_spawned":[1,4,11,16,18,21,28,31],"killed_by":"Pondfish","ascension_level":0}}