{"host":"g76rhe4j5kh9hdf9","time":1608258929,"event":{"mods":["Act Like it!","BaseMod","Better Third Choice","GifTheSpireLib","Minty Spire (QoL Compilation)","Relic Stats","Spicy Shops","StSLib","The Dragon Tamer"],"gold_per_floor":[116,136,15,31,31,65,65,65,144,144,177,177,177,28,28,154,154,169,169,169,23,48,88,88,126,150,1,15,15,56,155,155,276,276,295,595,611,944,958,992,236,267,335,348,57,75,75,91,91,91,91,91,16,49,49],"floor_reached":56,"playtime":4140,"items_purged":["DTMod:TargetDefense","DTMod:Strike","DTMod:Strike","DTMod:Strike"],"score":1544,"play_id":"84952326-c05c-4d38-8cc9-b68a874f000a","local_time":"20201217183529","is_ascension_mode":false,"metric_token":595,"campfire_choices":[{"data":"DTMod:SwitchingTactic","floor":7,"key":"SMITH"},{"data":"DTMod:ShadowImage","floor":15,"key":"SMITH"},{"data":"DTMod:Multitask","floor":24,"key":"SMITH"},{"data":"DTMod:Inferno","floor":29,"key":"SMITH"},{"data":"DTMod:HeatWave","floor":32,"key":"SMITH"},{"floor":47,"key":"RECALL"},{"data":"DTMod:Harmonize","floor":49,"key":"SMITH"},{"data":"DTMod:ComboAttack","floor":52,"key":"SMITH"}],"dtmod_dragon_data":[50,50,1,3,8,10],"circlet_count":0,"master_deck":["DTMod:Strike","DTMod:DoubleHit","DTMod:SwitchingTactic+1","DTMod:ComboAttack+1","DTMod:HeatWave+1","DTMod:CrossStep","DTMod:ShadowImage+1","DTMod:Inferno+1","DTMod:Multitask+1","DTMod:LightShield+1","DTMod:LightShield+1","DTMod:BurningEnergy","DTMod:CrossStep","DTMod:SealedStrike","DTMod:SneakAttack+1","DTMod:Harmonize+1","DTMod:CrossStep","DTMod:ForkedFire+1","DTMod:BurningEnergy+1","DTMod:ComboAttack+1"],"relics":["DTMod:MagicStone","Meat on the Bone","PreservedInsect","Shuriken","Akabeko","Nunchaku","Art of War","Blood Vial","Eternal Feather","Singing Bowl","War Paint","Omamori","White Beast Statue","Runic Pyramid","Gremlin Horn","Medical Kit","Lantern","Vajra","Sundial","HornCleat","Membership Card","Bag of Preparation","Toolbox","Calipers"],"acts_visited":["Exordium","TheCity","TheBeyond","TheEnding"],"potions_floor_usage":[11,23,25,28,28,33,33,35,39,40,42,55,55,55],"damage_taken":[{"damage":0,"enemies":"2 Louse","floor":1,"turns":3},{"damage":0,"enemies":"Small Slimes","floor":2,"turns":3},{"damage":0,"enemies":"Jaw Worm","floor":4,"turns":5},{"damage":0,"enemies":"Lagavulin","floor":6,"turns":9},{"damage":0,"enemies":"Gremlin Nob","floor":11,"turns":4},{"damage":14,"enemies":"Slime Boss","floor":16,"turns":8},{"damage":7,"enemies":"Spheric Guardian","floor":18,"turns":4},{"damage":0,"enemies":"Chosen","floor":22,"turns":6},{"damage":0,"enemies":"Book of Stabbing","floor":23,"turns":4},{"damage":0,"enemies":"Slavers","floor":25,"turns":1},{"damage":2,"enemies":"Centurion and Healer","floor":28,"turns":7},{"damage":0,"enemies":"Gremlin Leader","floor":30,"turns":5},{"damage":6,"enemies":"Champ","floor":33,"turns":10},{"damage":13,"enemies":"Orb Walker","floor":35,"turns":3},{"damage":0,"enemies":"3 Shapes","floor":37,"turns":2},{"damage":26,"enemies":"Writhing Mass","floor":39,"turns":6},{"damage":5,"enemies":"Reptomancer","floor":40,"turns":5},{"damage":0,"enemies":"Giant Head","floor":42,"turns":5},{"damage":0,"enemies":"3 Darklings","floor":44,"turns":2},{"damage":0,"enemies":"4 Shapes","floor":46,"turns":3},{"damage":0,"enemies":"Sphere and 2 Shapes","floor":48,"turns":1},{"damage":0,"enemies":"Time Eater","floor":50,"turns":4},{"damage":0,"enemies":"Shield and Spear","floor":54,"turns":1},{"damage":0,"enemies":"The Heart","floor":55,"turns":6}],"seed_played":"-5912248302338153040","potions_obtained":[{"floor":2,"key":"Block Potion"},{"floor":11,"key":"ColorlessPotion"},{"floor":20,"key":"Energy Potion"},{"floor":20,"key":"FearPotion"},{"floor":20,"key":"EntropicBrew"},{"floor":23,"key":"SteroidPotion"},{"floor":30,"key":"SkillPotion"},{"floor":33,"key":"Fire Potion"},{"floor":35,"key":"PowerPotion"},{"floor":37,"key":"Explosive Potion"},{"floor":39,"key":"DuplicationPotion"},{"floor":40,"key":"Weak Potion"},{"floor":42,"key":"FearPotion"},{"floor":48,"key":"ColorlessPotion"}],"is_trial":false,"path_per_floor":["M","M","$","M","?","E","R","?","T","?","E","?","T","$","R","B",null,"M","?","?","$","M","E","R","E","T","$","M","R","E","?","R","B",null,"M","?","M","?","M","E","$","E","T","M","$","M","R","M","R","B",null,"R","$","E","B",null],"character_chosen":"THE_DT","items_purchased":["Meat on the Bone","Art of War","Blood Vial","Omamori","Medical Kit","DTMod:CrossStep","Lantern","Vajra","Fruit Juice","Membership Card","Bag of Preparation","Toolbox"],"campfire_rested":0,"item_purchase_floors":[3,14,21,27,41,41,41,41,41,45,45,45],"current_hp_per_floor":[49,49,49,49,49,49,49,42,42,30,30,27,27,27,27,25,49,42,42,42,42,49,49,49,51,51,51,49,51,53,53,53,47,53,42,42,53,53,31,35,35,49,49,58,58,64,64,64,64,64,64,64,64,66,66],"gold":49,"neow_bonus":"TEN_PERCENT_HP_BONUS","is_daily":false,"chose_seed":false,"campfire_upgraded":7,"win_rate":0.0,"timestamp":1608258929,"path_taken":["M","M","$","M","?","E","R","?","T","?","E","?","?","?","R","BOSS","M","?","?","$","?","E","R","E","T","$","?","R","E","?","R","BOSS","M","?","?","?","M","E","$","E","T","M","$","M","R","M","R","BOSS","R","$","E","BOSS"],"items_purchased_type":["Relic","Relic","Relic","Relic","Relic","Card","Relic","Relic","Potion","Relic","Relic","Relic"],"build_version":"2020-12-13","purchased_purges":4,"victory":true,"max_hp_per_floor":[49,49,49,49,49,49,49,49,49,49,49,49,49,49,49,49,49,49,49,49,49,49,49,49,51,51,51,51,51,53,53,53,53,53,55,55,57,57,57,57,57,62,62,62,62,64,64,64,64,64,64,64,64,66,66],"relic_stats":{"Singing Bowl":12,"Gremlin Horn":[4,4],"counters":[24,107],"Eternal Feather":2,"PreservedInsect":401,"Bag of Preparation":[10],"War Paint":["DTMod:LightShield","DTMod:LightShield"],"Medical Kit":[22],"Blood Vial":14,"Nunchaku":[19],"Shuriken":[38],"Sundial":[6],"Art of War":[7],"obtain_stats":[{"Lantern":41,"Calipers":54,"Singing Bowl":25,"Gremlin Horn":40,"Vajra":41,"Bag of Preparation":45,"Blood Vial":21,"Nunchaku":12,"HornCleat":43,"Sundial":42,"Toolbox":45,"Runic Pyramid":34,"Golden Idol":10,"Eternal Feather":23,"PreservedInsect":6,"Omamori":27,"War Paint":26,"Medical Kit":41,"Akabeko":11,"White Beast Statue":30,"DTMod:PactStone":0,"Shuriken":9,"Art of War":14,"Membership Card":45,"DTMod:MagicStone":17,"Meat on the Bone":3},{"Lantern":17,"Calipers":23,"Singing Bowl":10,"Gremlin Horn":17,"Vajra":17,"Bag of Preparation":19,"Blood Vial":7,"Nunchaku":5,"HornCleat":18,"Sundial":18,"Toolbox":19,"Runic Pyramid":13,"Golden Idol":4,"Eternal Feather":9,"PreservedInsect":4,"Omamori":10,"War Paint":10,"Medical Kit":17,"Akabeko":5,"White Beast Statue":12,"DTMod:PactStone":0,"Shuriken":4,"Art of War":5,"Membership Card":19,"DTMod:MagicStone":6,"Meat on the Bone":2},{"Lantern":85,"Calipers":101,"Singing Bowl":47,"Gremlin Horn":85,"Vajra":85,"Bag of Preparation":92,"Blood Vial":36,"Nunchaku":24,"HornCleat":90,"Sundial":90,"Toolbox":92,"Runic Pyramid":69,"Golden Idol":20,"Eternal Feather":46,"PreservedInsect":20,"Omamori":47,"War Paint":47,"Medical Kit":85,"Akabeko":24,"White Beast Statue":59,"DTMod:PactStone":0,"Shuriken":20,"Art of War":24,"Membership Card":92,"DTMod:MagicStone":32,"Meat on the Bone":6}],"Meat on the Bone":12},"card_choices":[{"not_picked":["DTMod:BizarreTactic","DTMod:Cover"],"picked":"DTMod:ComboAttack","floor":1},{"not_picked":["DTMod:Weaken","DTMod:DeepFocus"],"picked":"DTMod:HeatWave","floor":2},{"not_picked":["DTMod:Weaken","DTMod:Shift"],"picked":"DTMod:CrossStep","floor":4},{"not_picked":["DTMod:BreakAttack","DTMod:LastStand"],"picked":"DTMod:ShadowImage","floor":6},{"not_picked":["DTMod:RunningTactic","DTMod:Astonish"],"picked":"DTMod:Inferno","floor":11},{"not_picked":["DTMod:RepeatStrike","DTMod:GearUp"],"picked":"DTMod:Multitask","floor":16},{"not_picked":["DTMod:MaximumCharge+1","DTMod:QuickFly","DTMod:BreakAttack"],"picked":"SKIP","floor":18},{"not_picked":["DTMod:HeatWave","DTMod:MasterPlan"],"picked":"DTMod:BurningEnergy","floor":22},{"not_picked":["DTMod:MagicField","DTMod:MaximumCharge","DTMod:StunTrap"],"picked":"SKIP","floor":23},{"not_picked":["DTMod:Astonish","DTMod:SneakAttack+1","DTMod:BlazingStrike"],"picked":"Singing Bowl","floor":25},{"not_picked":["DTMod:CleansingStrike","DTMod:FlameSlash+1"],"picked":"DTMod:CrossStep","floor":28},{"not_picked":["DTMod:Training","DTMod:MasterPlan+1","DTMod:Overwhelm"],"picked":"Singing Bowl","floor":30},{"not_picked":["DTMod:FierySynthesis","DTMod:StunTrap"],"picked":"DTMod:SealedStrike","floor":33},{"not_picked":["DTMod:BuildUp+1","DTMod:BurningEnergy+1","DTMod:Feint"],"picked":"Singing Bowl","floor":35},{"not_picked":["DTMod:FlameSlash+1","DTMod:Punisher+1","DTMod:Training+1"],"picked":"Singing Bowl","floor":37},{"not_picked":["DTMod:Training","DTMod:OpeningTactic"],"picked":"DTMod:SneakAttack+1","floor":39},{"not_picked":["DTMod:Weaken+1","DTMod:MasterPlan+1"],"picked":"DTMod:Harmonize","floor":40},{"not_picked":["DTMod:Astonish+1","DTMod:QuickFly"],"picked":"DTMod:ForkedFire+1","floor":42},{"not_picked":["DTMod:SneakAttack+1","DTMod:ExcessFootwork"],"picked":"DTMod:BurningEnergy+1","floor":44},{"not_picked":["DTMod:CleansingStrike","DTMod:StarRain+1","DTMod:Punisher"],"picked":"Singing Bowl","floor":46},{"not_picked":["DTMod:RunningTactic+1","DTMod:Punisher"],"picked":"DTMod:ComboAttack+1","floor":48},{"not_picked":["DTMod:FlameSlash","DTMod:TagTeam","DTMod:Feint+1"],"picked":"Singing Bowl","floor":54}],"player_experience":450052,"relics_obtained":[{"floor":6,"key":"PreservedInsect"},{"floor":9,"key":"Shuriken"},{"floor":11,"key":"Akabeko"},{"floor":23,"key":"Eternal Feather"},{"floor":25,"key":"Singing Bowl"},{"floor":26,"key":"War Paint"},{"floor":30,"key":"White Beast Statue"},{"floor":40,"key":"Gremlin Horn"},{"floor":42,"key":"Sundial"},{"floor":43,"key":"HornCleat"},{"floor":54,"key":"Calipers"}],"event_choices":[{"damage_healed":0,"gold_gain":0,"player_choice":"Ignored","damage_taken":31,"max_hp_gain":0,"max_hp_loss":0,"event_name":"betterThird:BetterSerpent","floor":5,"gold_loss":0},{"cards_removed":["DTMod:TargetDefense"],"damage_healed":0,"gold_gain":0,"player_choice":"Card Removal","damage_taken":7,"max_hp_gain":0,"max_hp_loss":0,"event_name":"Golden Wing","floor":8,"gold_loss":0},{"damage_healed":0,"gold_gain":0,"player_choice":"Take Damage","damage_taken":12,"relics_obtained":["Golden Idol"],"max_hp_gain":0,"max_hp_loss":0,"event_name":"Golden Idol","floor":10,"gold_loss":0},{"damage_healed":0,"gold_gain":0,"player_choice":"Relic ","damage_taken":3,"max_hp_gain":0,"max_hp_loss":0,"event_name":"betterThird:BetterScrap","floor":12,"gold_loss":0,"cards_obtained":["Tactician"]},{"damage_healed":0,"gold_gain":0,"cards_transformed":["DTMod:TargetDefense","DTMod:TargetDefense"],"player_choice":"Became Test Subject","damage_taken":0,"max_hp_gain":0,"max_hp_loss":0,"event_name":"Drug Dealer","floor":19,"gold_loss":0,"cards_obtained":["DTMod:LightShield","DTMod:LightShield"]},{"damage_healed":0,"gold_gain":0,"player_choice":"Got Potions","damage_taken":0,"max_hp_gain":0,"max_hp_loss":0,"event_name":"Lab","floor":20,"gold_loss":0},{"damage_healed":0,"gold_gain":99,"player_choice":"Steal","damage_taken":0,"max_hp_gain":0,"max_hp_loss":0,"event_name":"betterThird:BetterNest","floor":31,"gold_loss":0},{"damage_healed":0,"gold_gain":300,"player_choice":"Gold","damage_taken":0,"max_hp_gain":0,"max_hp_loss":0,"event_name":"Wheel of Change","floor":36,"gold_loss":0},{"damage_healed":0,"gold_gain":333,"player_choice":"Gave Idol","damage_taken":0,"max_hp_gain":0,"max_hp_loss":0,"event_name":"The Moai Head","floor":38,"relics_lost":["Golden Idol"],"gold_loss":0}],"is_beta":false,"boss_relics":[{"not_picked":["DTMod:TheChair","Busted Crown"],"picked":"DTMod:MagicStone"},{"not_picked":["Sozu","Snecko Eye"],"picked":"Runic Pyramid"}],"items_purged_floors":[14,41,45,53],"is_endless":false,"potions_floor_spawned":[2,11,23,30,33,35,37,39,40,42,44,46,48,54],"ascension_level":0}}