{"host":"8u7tvcybuv0u72fd","time":1608270825,"event":{"mods":["BaseMod","BetterRewards","Colored Map","Colored Powertips","Minty Spire (QoL Compilation)","Quick Restart","Shop Mod"],"gold_per_floor":[114,134,134,151,101,101,101,101,101,136,154,174,174,189,189,314,314,329,329,329,347,297,297,328,349,349,363,33,56,56,79,79,199,199,214,214,234,4,0,33,33,76,125,458,458,472,472,486,486,486,486,486,54,82,82],"floor_reached":56,"playtime":3197,"items_purged":["Strike_R","Strike_R"],"score":1527,"play_id":"9e805a1e-7eac-452b-b68d-235b94dd2af1","local_time":"20201218005345","is_ascension_mode":false,"campfire_choices":[{"data":"Bash","floor":6.0,"key":"SMITH"},{"data":"Seeing Red","floor":8.0,"key":"SMITH"},{"data":"Offering","floor":13.0,"key":"SMITH"},{"data":"Defend_R","floor":15.0,"key":"SMITH"},{"data":"Defend_R","floor":23.0,"key":"SMITH"},{"data":"Writhe","floor":30.0,"key":"PURGE"},{"floor":32.0,"key":"RECALL"},{"data":"Defend_R","floor":41.0,"key":"SMITH"},{"data":"Defend_R","floor":45.0,"key":"SMITH"},{"data":"Battle Trance","floor":49.0,"key":"SMITH"},{"data":"Madness","floor":52.0,"key":"SMITH"}],"circlet_count":0,"master_deck":["Strike_R","Strike_R","Defend_R+1","Defend_R+1","Defend_R+1","Defend_R+1","Bash+1","Uppercut+1","Swift Strike+1","Dropkick+1","Seeing Red+1","Cleave+1","Offering+1","Inflame+1","Pommel Strike+1","Reaper+1","Immolate+1","CurseOfTheBell","Rage+1","Madness","Madness+1","Sever Soul+1","Brutality+1","Swift Strike+1","Battle Trance+1","Flame Barrier","Disarm+1","True Grit+1","Panacea","Heavy Blade+1"],"relics":["Burning Blood","Molten Egg 2","Mango","Frozen Egg 2","Busted Crown","Lizard Tail","InkBottle","Peace Pipe","Membership Card","TungstenRod","Calling Bell","PreservedInsect","Blue Candle","Gambling Chip","Red Skull","FossilizedHelix","Red Mask","Question Card","Regal Pillow","Pantograph","Orrery","White Beast Statue","Mercury Hourglass"],"acts_visited":["TheCity","TheBeyond","TheEnding"],"potions_floor_usage":[54,55,55,55],"damage_taken":[{"damage":1.0,"enemies":"Jaw Worm","floor":1.0,"turns":3.0},{"damage":0.0,"enemies":"2 Louse","floor":2.0,"turns":1.0},{"damage":0.0,"enemies":"Small Slimes","floor":4.0,"turns":2.0},{"damage":11.0,"enemies":"Lagavulin","floor":10.0,"turns":5.0},{"damage":6.0,"enemies":"Exordium Thugs","floor":11.0,"turns":3.0},{"damage":2.0,"enemies":"Blue Slaver","floor":12.0,"turns":3.0},{"damage":10.0,"enemies":"2 Fungi Beasts","floor":14.0,"turns":2.0},{"damage":6.0,"enemies":"Slime Boss","floor":16.0,"turns":3.0},{"damage":6.0,"enemies":"3 Byrds","floor":18.0,"turns":2.0},{"damage":6.0,"enemies":"Shell Parasite","floor":21.0,"turns":2.0},{"damage":55.0,"enemies":"Slavers","floor":24.0,"turns":4.0},{"damage":8.0,"enemies":"Cultist and Chosen","floor":25.0,"turns":3.0},{"damage":16.0,"enemies":"Snake Plant","floor":27.0,"turns":2.0},{"damage":23.0,"enemies":"Sentry and Sphere","floor":29.0,"turns":4.0},{"damage":5.0,"enemies":"Cultist and Chosen","floor":31.0,"turns":3.0},{"damage":32.0,"enemies":"Collector","floor":33.0,"turns":7.0},{"damage":5.0,"enemies":"3 Shapes","floor":35.0,"turns":1.0},{"damage":7.0,"enemies":"Orb Walker","floor":37.0,"turns":3.0},{"damage":8.0,"enemies":"Nemesis","floor":40.0,"turns":4.0},{"damage":10.0,"enemies":"Reptomancer","floor":42.0,"turns":3.0},{"damage":17.0,"enemies":"Maw","floor":46.0,"turns":6.0},{"damage":0.0,"enemies":"Jaw Worm Horde","floor":48.0,"turns":2.0},{"damage":79.0,"enemies":"Awakened One","floor":50.0,"turns":9.0},{"damage":41,"enemies":"Shield and Spear","floor":54,"turns":6},{"damage":106,"enemies":"The Heart","floor":55,"turns":9}],"seed_played":"5730868963652207468","potions_obtained":[{"floor":2.0,"key":"FearPotion"},{"floor":4.0,"key":"Regen Potion"},{"floor":10.0,"key":"SpeedPotion"},{"floor":16.0,"key":"ColorlessPotion"},{"floor":27.0,"key":"Ancient Potion"},{"floor":29.0,"key":"Dexterity Potion"},{"floor":31.0,"key":"SkillPotion"},{"floor":42.0,"key":"Regen Potion"},{"floor":46.0,"key":"BlessingOfTheForge"},{"floor":48.0,"key":"Dexterity Potion"},{"floor":54,"key":"GamblersBrew"}],"is_trial":false,"path_per_floor":["M","M","?","M","?","R","?","R","T","E","M","M","R","M","R","B",null,"M","?","?","M","?","R","E","M","T","M","$","M","R","M","R","B",null,"M","?","M","$","?","E","R","E","T","?","R","M","?","M","R","B",null,"R","$","E","B",null],"character_chosen":"IRONCLAD","items_purchased":["Molten Egg 2","Uppercut+1","Fruit Juice","Swift Strike+1","BlessingOfTheForge","Membership Card","TungstenRod","BloodPotion","Red Skull","FossilizedHelix","Pantograph","Flame Barrier","Orrery","Panacea","White Beast Statue"],"campfire_rested":0,"item_purchase_floors":[0,0,0,0,0,28,28,28,38,38,53,53,53,53,53],"current_hp_per_floor":[64,70,75,81,81,81,59,59,73,82,82,86,86,82,82,82,104,104,104,104,104,104,104,70,80,80,78,98,86,86,100,100,74,104,104,92,99,99,99,97,97,100,100,100,100,89,89,104,104,43,104,104,104,98,16],"gold":82,"neow_bonus":"","is_daily":false,"chose_seed":false,"campfire_upgraded":9,"win_rate":0.0,"timestamp":1608270825,"path_taken":["M","M","?","M","?","R","?","R","T","E","?","M","R","M","R","BOSS","M","?","?","M","?","R","E","M","T","M","$","M","R","?","R","BOSS","M","?","M","$","?","E","R","E","T","?","R","M","?","M","R","BOSS","R","$","E","BOSS"],"items_purchased_type":["Relic","Card","Potion","Card","Potion","Relic","Relic","Potion","Relic","Relic","Relic","Card","Relic","Card","Relic"],"build_version":"2020-12-13","purchased_purges":2,"victory":true,"max_hp_per_floor":[85,85,90,90,90,90,90,90,104,104,104,104,104,104,104,104,104,104,104,104,104,104,104,104,104,104,104,104,104,104,104,104,104,104,104,104,104,104,104,104,104,104,104,104,104,104,104,104,104,104,104,104,104,104,104],"card_choices":[{"not_picked":["Searing Blow+1","Thunderclap+1"],"picked":"Dropkick+1","floor":1.0},{"not_picked":["Thunderclap+1","Shockwave"],"picked":"Seeing Red","floor":2.0},{"not_picked":["Spot Weakness","Evolve","Hemokinesis+1"],"picked":"SKIP","floor":4.0},{"not_picked":["Perfected Strike+1","Rage"],"picked":"Cleave+1","floor":10.0},{"not_picked":["Headbutt+1","Spot Weakness"],"picked":"Offering","floor":11.0},{"not_picked":["Havoc","Inflame+1","Flex"],"picked":"SKIP","floor":12.0},{"not_picked":["Havoc","Flex"],"picked":"Inflame+1","floor":12.0},{"not_picked":["Clothesline+1","Havoc"],"picked":"Pommel Strike+1","floor":14.0},{"not_picked":["Immolate+1","Bludgeon+1"],"picked":"Reaper+1","floor":16.0},{"not_picked":["Clothesline+1"],"picked":"SKIP","floor":18.0},{"not_picked":["Clothesline+1"],"picked":"SKIP","floor":21.0},{"not_picked":["Ghostly Armor"],"picked":"SKIP","floor":24.0},{"not_picked":["Armaments+1"],"picked":"SKIP","floor":25.0},{"not_picked":["Bloodletting+1"],"picked":"SKIP","floor":27.0},{"not_picked":["Sword Boomerang+1"],"picked":"SKIP","floor":29.0},{"not_picked":["Dual Wield+1"],"picked":"SKIP","floor":31.0},{"not_picked":[],"picked":"Immolate+1","floor":33.0},{"not_picked":[],"picked":"Rage+1","floor":35.0},{"not_picked":["Clash+1"],"picked":"SKIP","floor":37.0},{"not_picked":["Wild Strike+1"],"picked":"SKIP","floor":40.0},{"not_picked":["Clash+1"],"picked":"Sever Soul+1","floor":42.0},{"not_picked":["Havoc"],"picked":"Brutality+1","floor":46.0},{"not_picked":["Warcry"],"picked":"Battle Trance","floor":48.0},{"not_picked":["Evolve+1"],"picked":"Disarm+1","floor":53.0},{"not_picked":["Carnage+1"],"picked":"True Grit+1","floor":53.0},{"not_picked":["Armaments+1"],"picked":"Heavy Blade+1","floor":54}],"player_experience":1169270,"relics_obtained":[{"floor":9.0,"key":"Mango"},{"floor":10.0,"key":"Frozen Egg 2"},{"floor":24.0,"key":"InkBottle"},{"floor":26.0,"key":"Peace Pipe"},{"floor":34.0,"key":"PreservedInsect"},{"floor":34.0,"key":"Blue Candle"},{"floor":34.0,"key":"Gambling Chip"},{"floor":40.0,"key":"Question Card"},{"floor":42.0,"key":"Regal Pillow"},{"floor":54,"key":"Mercury Hourglass"}],"event_choices":[{"damage_healed":0.0,"max_hp_gain":5.0,"max_hp_loss":0.0,"gold_gain":0.0,"event_name":"Big Fish","player_choice":"Donut","floor":3.0,"gold_loss":0.0,"damage_taken":0.0},{"cards_removed":["Strike_R"],"damage_healed":0.0,"max_hp_gain":0.0,"max_hp_loss":0.0,"gold_gain":0.0,"event_name":"The Cleric","player_choice":"Card Removal","floor":5.0,"gold_loss":50.0,"damage_taken":0.0},{"damage_healed":0.0,"max_hp_gain":0.0,"max_hp_loss":0.0,"gold_gain":0.0,"event_name":"Golden Idol","player_choice":"Take Damage","floor":7.0,"gold_loss":0.0,"damage_taken":22.0,"relics_obtained":["Golden Idol"]},{"damage_healed":0.0,"max_hp_gain":0.0,"max_hp_loss":0.0,"gold_gain":0.0,"event_name":"The Mausoleum","player_choice":"Opened","floor":19.0,"gold_loss":0.0,"damage_taken":0.0,"relics_obtained":["Lizard Tail"],"cards_obtained":["Writhe"]},{"damage_healed":0.0,"max_hp_gain":0.0,"max_hp_loss":0.0,"gold_gain":0.0,"event_name":"Ghosts","player_choice":"Ignored","floor":20.0,"gold_loss":0.0,"damage_taken":0.0},{"damage_healed":0.0,"max_hp_gain":0.0,"max_hp_loss":0.0,"gold_gain":0.0,"event_name":"The Joust","player_choice":"Bet on Murderer","floor":22.0,"gold_loss":50.0,"damage_taken":0.0},{"damage_healed":0.0,"max_hp_gain":0.0,"max_hp_loss":0.0,"gold_gain":0.0,"event_name":"Winding Halls","player_choice":"Embrace Madness","floor":36.0,"gold_loss":0.0,"damage_taken":13.0,"cards_obtained":["Madness","Madness"]},{"damage_healed":0.0,"max_hp_gain":0.0,"max_hp_loss":0.0,"gold_gain":0.0,"event_name":"Tomb of Lord Red Mask","player_choice":"Paid","floor":39.0,"gold_loss":4.0,"damage_taken":0.0,"relics_obtained":["Red Mask"]},{"damage_healed":0.0,"max_hp_gain":0.0,"max_hp_loss":0.0,"gold_gain":333.0,"event_name":"The Moai Head","player_choice":"Gave Idol","floor":44.0,"relics_lost":["Golden Idol"],"gold_loss":0.0,"damage_taken":0.0},{"damage_healed":0.0,"max_hp_gain":0.0,"max_hp_loss":0.0,"gold_gain":0.0,"event_name":"Duplicator","player_choice":"Copied","floor":47.0,"gold_loss":0.0,"damage_taken":0.0,"cards_obtained":["Swift Strike"]}],"is_beta":false,"boss_relics":[{"not_picked":["Cursed Key","Pandora\u0027s Box"],"picked":"Busted Crown"},{"not_picked":["Black Blood","Runic Pyramid"],"picked":"Calling Bell"}],"items_purged_floors":[0,53],"is_endless":false,"potions_floor_spawned":[2,4,10,16,18,27,29,31,42,46,48,54],"ascension_level":0}}