{"host":"90zmhqhem9nbzoc6","time":1608271659,"event":{"mods":["AchievementEnabler","Aspiration","BaseMod","Better Note","Better Third Choice","BetterRewards","Colored Map","Colored Powertips","Conspire","Downfall","Energized Spire","Friendly Minions","GifTheSpireLib","Hermit","Hubris","Infinite Spire","Minty Spire (QoL Compilation)","Quick Restart","Replay The Spire","Spikes Relics","StSLib","Stuff the Spire","The Blue Laboratory","The Jungle"],"gold_per_floor":[110,110,75,92,112,112,126,126,126,153,153,163,163,223,223,326,326,339,614,629,629,629,692,692,708,708,708,741,760,790,790,790,895,895,970,995,356,396,436,436,436,452,477,525,578,632,632,683,683,683,683],"floor_reached":50,"playtime":1726,"items_purged":[],"score":704,"play_id":"adc8984f-9c15-47e5-aeea-f5bbd61acca8","local_time":"20201217220739","is_ascension_mode":false,"campfire_choices":[{"data":"hermit:GoldenBullet","floor":6,"key":"SMITH"},{"data":"hermit:SprayPray","floor":8,"key":"SMITH"},{"data":"hermit:SprayPray","floor":13,"key":"SMITH"},{"floor":15,"key":"REST"},{"floor":24,"key":"REST"},{"floor":27,"key":"REST"},{"floor":32,"key":"REST"},{"floor":40,"key":"REST"},{"floor":47,"key":"REST"},{"floor":49,"key":"RECALL"}],"circlet_count":0,"master_deck":["hermit:Strike_Hermit","hermit:Strike_Hermit","hermit:Strike_Hermit","hermit:Strike_Hermit","hermit:Defend_Hermit","hermit:Defend_Hermit","hermit:Defend_Hermit","hermit:Defend_Hermit","hermit:Snapshot","hermit:Covet","Metamorphosis+1","hermit:Deadeye","hermit:GoldenBullet+1","hermit:Brawl","hermit:SprayPray+1","hermit:Malice","hermit:SprayPray+1","hermit:Magnum","hermit:DeadOrAlive","CurseOfTheBell","hermit:Spite+1","Regret","infinitespire:Punishment","hermit:Gestalt","hermit:Horror","hermit:Grudge","hermit:Misfire","Shame","hermit:DeadOrAlive","hermit:Grudge","hermit:Dive","expansioncontent:PrepareCrush","Violence","hermit:CursedWeapon","hermit:Manifest+1","hermit:Determination+1","hermit:Manifest","Parasite","hermit:SprayPray+1"],"relics":["hermit:Momento","ReplayTheSpireMod:TigerMarble","TungstenRod","Tiny Chest","Calling Bell","Art of War","hermit:Spyglass","CrustySpines","aspiration:Stabinomicon","Rawhide","aspiration:Lifesprig","Lantern","infinitespire:EvilPickle","Pet Ghost","conspire:DeflatedDodgeball","Membership Card","infinitespire:Lucky Rock"],"acts_visited":["Exordium","TheCity","TheBeyond"],"potions_floor_usage":[5,16,28,33,48,48],"damage_taken":[{"damage":1,"enemies":"2 Louse","floor":1,"turns":2},{"damage":2,"enemies":"Small Slimes","floor":4,"turns":3},{"damage":3,"enemies":"Cultist","floor":5,"turns":3},{"damage":9,"enemies":"3 Louse","floor":7,"turns":3},{"damage":16,"enemies":"3 Sentries","floor":10,"turns":4},{"damage":0,"enemies":"Looter","floor":12,"turns":2},{"damage":3,"enemies":"3 Sentries","floor":14,"turns":3},{"damage":61,"enemies":"The Guardian","floor":16,"turns":16},{"damage":29,"enemies":"Shell Parasite","floor":18,"turns":5},{"damage":0,"enemies":"Chosen","floor":20,"turns":3},{"damage":28,"enemies":"Book of Stabbing","floor":23,"turns":5},{"damage":0,"enemies":"Centurion and Healer","floor":25,"turns":4},{"damage":14,"enemies":"Gremlin Leader","floor":28,"turns":3},{"damage":0,"enemies":"Snecko","floor":29,"turns":3},{"damage":30,"enemies":"Book of Stabbing","floor":30,"turns":4},{"damage":8,"enemies":"Pondfish","floor":33,"turns":5},{"damage":17,"enemies":"3 Darklings","floor":35,"turns":5},{"damage":0,"enemies":"Orb Walker","floor":38,"turns":2},{"damage":14,"enemies":"4 Shapes","floor":39,"turns":4},{"damage":0,"enemies":"Spire Growth","floor":42,"turns":4},{"damage":1,"enemies":"Transient","floor":44,"turns":5},{"damage":14,"enemies":"3 Darklings","floor":45,"turns":5},{"damage":0,"enemies":"Spire Growth","floor":46,"turns":4},{"damage":29,"enemies":"Writhing Mass","floor":48,"turns":4},{"damage":44,"enemies":"Replay:Hell Engine","floor":50,"turns":6}],"seed_played":"5664893430910417544","potions_obtained":[{"floor":1,"key":"Swift Potion"},{"floor":4,"key":"blueLaboratory:PhilterOfMotion"},{"floor":7,"key":"Weak Potion"},{"floor":20,"key":"blueLaboratory:BottledHope"},{"floor":30,"key":"blueLaboratory:TrueEctoplasm"},{"floor":35,"key":"blueLaboratory:Moonshine"},{"floor":39,"key":"GamblersBrew"},{"floor":46,"key":"sneckomod:MuddlingPotion"}],"is_trial":false,"path_per_floor":["M","?","$","M","M","R","M","R","T","E","?","M","R","?","R","B",null,"M","?","M","AVR","?","E","R","M","T","R","E","M","E","?","R","B",null,"M","T","$","M","M","R","?","M","T","M","M","M","R","M","R","B"],"character_chosen":"HERMIT","items_purchased":["ReplayTheSpireMod:TigerMarble","Metamorphosis","hermit:Deadeye","hermit:Brawl","conspire:DeflatedDodgeball","Membership Card","infinitespire:Lucky Rock","hermit:Dive","expansioncontent:PrepareCrush","Violence"],"campfire_rested":6,"item_purchase_floors":[0,0,0,3,37,37,37,37,37,37],"current_hp_per_floor":[74,74,74,72,69,69,60,60,60,44,44,44,44,41,63,2,75,46,46,46,46,46,18,40,40,40,62,48,48,18,18,40,32,75,58,58,58,58,44,66,66,66,66,65,51,51,73,44,44,0,0],"gold":683,"neow_bonus":"","is_daily":false,"chose_seed":false,"campfire_upgraded":3,"win_rate":0.0,"timestamp":1608271659,"path_taken":["M","?","$","M","M","R","M","R","T","E","?","M","R","?","R","BOSS","M","?","M","AVR","?","E","R","M","T","R","E","M","E","?","R","BOSS","M","?","$","M","?","R","?","M","T","M","M","M","R","M","R","BOSS"],"items_purchased_type":["Relic","Card","Card","Card","Relic","Relic","Relic","Card","Card","Card"],"build_version":"2020-12-13","purchased_purges":0,"victory":false,"max_hp_per_floor":[75,75,75,75,75,75,75,75,75,75,75,75,75,75,75,75,75,75,75,75,75,75,75,75,75,75,75,75,75,75,75,75,75,75,75,75,75,75,75,75,75,75,75,75,75,75,75,75,75,75,75],"card_choices":[{"not_picked":["hermit:WideOpen","hermit:TrackingShot"],"picked":"hermit:GoldenBullet","floor":1},{"not_picked":["hermit:HoleUp","hermit:Desperado","hermit:Showdown"],"picked":"SKIP","floor":4},{"not_picked":["hermit:HighCaliber","hermit:BodyArmor","hermit:Desperado"],"picked":"SKIP","floor":5},{"not_picked":["hermit:Purgatory","hermit:Desperado"],"picked":"hermit:SprayPray","floor":7},{"not_picked":["hermit:LowProfile","hermit:GhostlyPresence"],"picked":"hermit:Malice","floor":10},{"not_picked":["hermit:TrackingShot","hermit:Scavenge"],"picked":"hermit:SprayPray","floor":12},{"not_picked":["hermit:Snipe","hermit:FlashPowder"],"picked":"hermit:Magnum","floor":14},{"not_picked":["hermit:Purgatory","hermit:FatalDesire"],"picked":"hermit:DeadOrAlive","floor":16},{"not_picked":["hermit:Showdown+1","hermit:Dive+1"],"picked":"hermit:Spite+1","floor":18},{"not_picked":["hermit:Coalescence+1","hermit:Ricochet","hermit:ItchyTrigger"],"picked":"SKIP","floor":20},{"not_picked":["hermit:Malice","hermit:Glare+1"],"picked":"hermit:Horror","floor":23},{"not_picked":["hermit:EternalForm","hermit:Snipe","hermit:Combo"],"picked":"SKIP","floor":25},{"not_picked":["hermit:ItchyTrigger","hermit:LoneWolf+1"],"picked":"hermit:Grudge","floor":28},{"not_picked":["hermit:Headshot","hermit:Scavenge","hermit:ItchyTrigger+1"],"picked":"SKIP","floor":29},{"not_picked":["hermit:Virtue","hermit:Determination"],"picked":"hermit:Misfire","floor":30},{"not_picked":["hermit:HighNoon","hermit:Dissolve"],"picked":"hermit:DeadOrAlive","floor":33},{"not_picked":["hermit:TakeCover","hermit:Coalescence+1"],"picked":"hermit:Grudge","floor":35},{"not_picked":["hermit:LowProfile","hermit:Glare"],"picked":"hermit:CursedWeapon","floor":38},{"not_picked":["hermit:Glare","hermit:LuckOfTheDraw+1"],"picked":"hermit:Manifest+1","floor":39},{"not_picked":["hermit:BodyArmor","hermit:Magnum"],"picked":"hermit:Determination+1","floor":42},{"not_picked":["hermit:Vantage","hermit:NoHoldsBarred","hermit:CalledShot+1"],"picked":"SKIP","floor":44},{"not_picked":["hermit:FullyLoaded","hermit:HighCaliber"],"picked":"hermit:Manifest","floor":45},{"not_picked":["hermit:Snipe+1","hermit:Cheat+1","hermit:Enervate"],"picked":"SKIP","floor":46},{"not_picked":["hermit:Misfire","hermit:Snipe+1"],"picked":"hermit:SprayPray+1","floor":48}],"player_experience":215426,"relics_obtained":[{"floor":9,"key":"TungstenRod"},{"floor":14,"key":"Tiny Chest"},{"floor":17,"key":"Art of War"},{"floor":17,"key":"hermit:Spyglass"},{"floor":17,"key":"CrustySpines"},{"floor":23,"key":"aspiration:Stabinomicon"},{"floor":26,"key":"Rawhide"},{"floor":28,"key":"aspiration:Lifesprig"},{"floor":30,"key":"Lantern"},{"floor":36,"key":"Pet Ghost"}],"event_choices":[{"damage_healed":0,"gold_gain":0,"player_choice":"LEAVE","damage_taken":0,"max_hp_gain":0,"max_hp_loss":0,"event_name":"betterThird:BetterScrap","floor":11,"gold_loss":0,"cards_obtained":["StuffTheSpire:Repulse"]},{"damage_healed":0,"gold_gain":0,"player_choice":"Searched \u00271\u0027 times","damage_taken":0,"max_hp_gain":0,"max_hp_loss":0,"event_name":"Dead Adventurer","floor":14,"gold_loss":0},{"damage_healed":0,"gold_gain":275,"player_choice":"Desecrate","damage_taken":0,"max_hp_gain":0,"max_hp_loss":0,"event_name":"Golden Shrine","floor":19,"gold_loss":0,"cards_obtained":["Regret"]},{"cards_removed":["infinitespire:Punishment"],"damage_healed":0,"gold_gain":0,"player_choice":"Take \u0026 Give","damage_taken":0,"max_hp_gain":0,"max_hp_loss":0,"event_name":"betterNote:BetterNote","floor":22,"gold_loss":0,"cards_obtained":["hermit:Gestalt"]},{"damage_healed":0,"gold_gain":0,"player_choice":"Ignored","damage_taken":0,"max_hp_gain":0,"max_hp_loss":0,"event_name":"Transmorgrifier","floor":41,"gold_loss":0}],"is_beta":false,"boss_relics":[{"not_picked":["Busted Crown","StuffTheSpire:ModemDavis"],"picked":"Calling Bell"},{"not_picked":["StuffTheSpire:RunicHypercube","energizedSpire:NeverEndingSparkler","ReplayTheSpireMod:DimensionalGlitch"]}],"items_purged_floors":[],"is_endless":false,"potions_floor_spawned":[1,4,7,20,23,30,35,39,46],"killed_by":"Replay:Hell Engine","ascension_level":0}}