{"host":"ewe4oe702q4ujr6i","time":1608300652,"event":{"mods":["BaseMod","Colored Map","Colored Powertips","DeckTracker","Minty Spire (QoL Compilation)","SuperFastMode"],"gold_per_floor":[109,127,146,146,96,124,124,124,148,162,237,300,300,320,320,423,423,443,443,489,511,623,635,678,700,712,771,783,811,738,766,778,790,790],"floor_reached":33,"playtime":1607,"items_purged":[],"score":392,"play_id":"3df5a7b8-5f0e-4358-a954-ab6c249cd423","local_time":"20201218231052","is_ascension_mode":true,"campfire_choices":[{"data":"Zap","floor":7,"key":"SMITH"},{"floor":13,"key":"REST"},{"data":"Dualcast","floor":15,"key":"SMITH"},{"data":"Buffer","floor":23,"key":"SMITH"},{"floor":32,"key":"REST"}],"circlet_count":0,"master_deck":["Strike_B","Strike_B","Defend_B+1","Defend_B","Defend_B+1","Defend_B","Zap+1","Dualcast+1","Ball Lightning","Compile Driver","Beam Cell","Buffer+1","Ball Lightning","Turbo","Conserve Battery","Seek","FTL","Genetic Algorithm","Defragment","Necronomicurse","Defragment"],"relics":["Cracked Core","War Paint","Akabeko","Tiny Chest","Nunchaku","Bronze Scales","SacredBark","White Beast Statue","MawBank","Sundial","PreservedInsect","DataDisk","Necronomicon","Bird Faced Urn"],"acts_visited":["Exordium","TheCity"],"potions_floor_usage":[16,18,24,24,25,31,31,33,33],"damage_taken":[{"damage":0,"enemies":"Jaw Worm","floor":1,"turns":3},{"damage":4,"enemies":"Small Slimes","floor":2,"turns":3},{"damage":0,"enemies":"2 Louse","floor":3,"turns":2},{"damage":22,"enemies":"Lagavulin","floor":6,"turns":5},{"damage":3,"enemies":"Looter","floor":10,"turns":2},{"damage":15,"enemies":"3 Sentries","floor":12,"turns":6},{"damage":6,"enemies":"Exordium Thugs","floor":14,"turns":3},{"damage":21,"enemies":"The Guardian","floor":16,"turns":9},{"damage":9,"enemies":"2 Thieves","floor":18,"turns":3},{"damage":0,"enemies":"Spheric Guardian","floor":21,"turns":3},{"damage":0,"enemies":"Slavers","floor":24,"turns":3},{"damage":5,"enemies":"3 Cultists","floor":25,"turns":5},{"damage":13,"enemies":"Snake Plant","floor":29,"turns":4},{"damage":0,"enemies":"Snecko","floor":31,"turns":3},{"damage":101,"enemies":"Automaton","floor":33,"turns":8}],"seed_played":"-5893702283224187377","potions_obtained":[{"floor":1,"key":"Swift Potion"},{"floor":3,"key":"Weak Potion"},{"floor":14,"key":"Weak Potion"},{"floor":16,"key":"FocusPotion"},{"floor":18,"key":"EssenceOfSteel"},{"floor":21,"key":"Explosive Potion"},{"floor":24,"key":"SpeedPotion"},{"floor":25,"key":"GamblersBrew"},{"floor":29,"key":"Fire Potion"},{"floor":31,"key":"Regen Potion"}],"is_trial":false,"path_per_floor":["M","M","M","?","?","E","R","?","T","M","?","?","R","M","R","B",null,"M","T","T","M","?","R","E","M","T","T","?","M","?","M","R","B"],"character_chosen":"DEFECT","items_purchased":[],"campfire_rested":2,"item_purchase_floors":[],"current_hp_per_floor":[68,64,64,61,61,39,39,39,39,36,25,10,32,26,26,5,58,49,49,49,49,49,49,49,44,44,44,28,15,15,17,39,0,0],"gold":790,"neow_bonus":"RANDOM_COMMON_RELIC","is_daily":false,"chose_seed":false,"campfire_upgraded":3,"win_rate":0.0,"timestamp":1608300652,"path_taken":["M","M","M","?","?","E","R","?","T","M","?","?","R","M","R","BOSS","M","?","?","M","?","R","E","?","T","?","?","M","?","M","R","BOSS"],"items_purchased_type":[],"build_version":"2020-12-13","purchased_purges":0,"victory":false,"max_hp_per_floor":[75,75,75,75,75,75,75,75,75,75,75,75,75,75,75,75,75,75,75,75,75,75,75,75,75,75,75,75,75,75,75,75,75,75],"card_choices":[{"not_picked":["Capacitor","Force Field"],"picked":"Ball Lightning","floor":1},{"not_picked":["Leap","Fusion"],"picked":"Compile Driver","floor":2},{"not_picked":["Undo","Streamline"],"picked":"Beam Cell","floor":3},{"not_picked":["Ball Lightning","Chill"],"picked":"Buffer","floor":6},{"not_picked":["Hello World","Heatsinks"],"picked":"Turbo","floor":10},{"not_picked":["Gash","Skim"],"picked":"Conserve Battery","floor":14},{"not_picked":["Creative AI","All For One"],"picked":"Seek","floor":16},{"not_picked":["Redo","Steam+1"],"picked":"FTL","floor":18},{"not_picked":["Cold Snap","Rebound"],"picked":"Genetic Algorithm","floor":21},{"not_picked":["Self Repair","Compile Driver"],"picked":"Defragment","floor":24},{"not_picked":["Static Discharge","Sunder","Streamline"],"picked":"SKIP","floor":25},{"not_picked":["Chaos","Scrape","BootSequence+1"],"picked":"SKIP","floor":29},{"not_picked":["Melter+1","Barrage"],"picked":"Defragment","floor":31}],"player_experience":172463,"relics_obtained":[{"floor":6,"key":"Tiny Chest"},{"floor":9,"key":"Nunchaku"},{"floor":12,"key":"Bronze Scales"},{"floor":19,"key":"White Beast Statue"},{"floor":20,"key":"MawBank"},{"floor":24,"key":"Sundial"},{"floor":26,"key":"PreservedInsect"},{"floor":27,"key":"DataDisk"},{"floor":28,"key":"Necronomicon"}],"event_choices":[{"damage_healed":0,"gold_gain":0,"player_choice":"Success","damage_taken":3,"relics_obtained":["Akabeko"],"max_hp_gain":0,"max_hp_loss":0,"event_name":"Scrap Ooze","floor":4,"gold_loss":0},{"cards_removed":["Strike_B"],"damage_healed":0,"gold_gain":0,"player_choice":"Card Removal","damage_taken":0,"max_hp_gain":0,"max_hp_loss":0,"event_name":"The Cleric","floor":5,"gold_loss":50},{"damage_healed":0,"gold_gain":0,"cards_transformed":["Strike_B"],"player_choice":"Change","damage_taken":0,"max_hp_gain":0,"max_hp_loss":0,"event_name":"Living Wall","floor":8,"gold_loss":0,"cards_obtained":["Ball Lightning"]},{"damage_healed":0,"gold_gain":75,"player_choice":"Gather Gold","damage_taken":11,"max_hp_gain":0,"max_hp_loss":0,"event_name":"World of Goop","floor":11,"gold_loss":0},{"damage_healed":0,"gold_gain":30,"player_choice":"Searched \u00272\u0027 times","damage_taken":0,"max_hp_gain":0,"max_hp_loss":0,"event_name":"Dead Adventurer","floor":12,"gold_loss":0},{"damage_healed":0,"gold_gain":100,"player_choice":"Pray","damage_taken":0,"max_hp_gain":0,"max_hp_loss":0,"event_name":"Golden Shrine","floor":22,"gold_loss":0},{"damage_healed":0,"gold_gain":0,"player_choice":"Obtained Book","damage_taken":16,"max_hp_gain":0,"max_hp_loss":0,"event_name":"Cursed Tome","floor":28,"gold_loss":0},{"damage_healed":0,"gold_gain":0,"player_choice":"Obtained Relic","damage_taken":0,"relics_obtained":["Bird Faced Urn"],"max_hp_gain":0,"max_hp_loss":0,"event_name":"Addict","floor":30,"gold_loss":85}],"is_beta":false,"boss_relics":[{"not_picked":["Astrolabe","Coffee Dripper"],"picked":"SacredBark"}],"items_purged_floors":[],"is_endless":false,"potions_floor_spawned":[1,3,14,16,18,21,24,25,29,31],"killed_by":"Automaton","ascension_level":7}}