{"host":"98jnipsbpkz8k2sh","time":1608271117,"event":{"mods":["BaseMod","Challenge The Spire","GifTheSpireLib","Minty Spire (QoL Compilation)","Replay The Spire","StSLib"],"gold_per_floor":[182,14,126,245,364,364,27,27,141,258,368,368,41,41,152,268,382,492],"floor_reached":19,"playtime":903,"items_purged":["Strike_R","Strike_R"],"score":4830,"play_id":"f137a94e-0a1f-445d-98a6-2c5be2e24758","local_time":"20201217215837","daily_mods":["challengethespire:Platinum Difficulty","challengethespire:Boss Rush","Uncertain Future"],"is_ascension_mode":true,"campfire_choices":[{"floor":8,"key":"REST"},{"floor":14,"key":"REST"}],"circlet_count":0,"master_deck":["AscendersBane","Strike_R","Strike_R","Strike_R","Defend_R","Defend_R","Defend_R","Defend_R","Bash","Inflame+1","Blind+1","Fire Breathing+1","Battle Trance+1","Dark Shackles+1","Wild Strike+1","Reckless Charge+1","Wild Strike+1","Shrug It Off+1","Metallicize+1","ReplayTheSpireMod:Brewmster+1","Juggernaut+1","Flex+1","Metallicize+1","Power Through+1","Reaper+1","Evolve+1","Shrug It Off+1","Replay:Bootleg Shield Generator+1","Blind+1","Dark Shackles+1","Panacea+1","Flash of Steel+1","Limit Break+1","Entrench+1","Intimidate+1","Metallicize+1"],"relics":["Burning Blood","The Courier","Molten Egg 2","Toxic Egg 2","Frozen Egg 2","Bag of Marbles","Replay:Wax Seal","Oddly Smooth Stone","Strawberry","Mirror","Vajra","Fusion Hammer","Membership Card","Chameleon Ring","Pet Ghost","StrikeDummy","Pantograph","Bronze Scales","Omamori","Incense Burner","Ancient Tea Set","Pear"],"acts_visited":["Exordium"],"potions_floor_usage":[3,9,9,9,10,10,10,10,10,10,10,10,11,11,11,11,15,15,15,15,15,15,15,15,15,15,16,16,16,16,16,17,17,17,17,17,17,18,18,18,18,18,18,18,18,18],"damage_taken":[{"damage":40,"enemies":"Hexaghost","floor":3,"turns":11},{"damage":13,"enemies":"The Guardian","floor":4,"turns":9},{"damage":0,"enemies":"Slime Boss","floor":5,"turns":5},{"damage":30,"enemies":"Collector","floor":9,"turns":8},{"damage":12,"enemies":"Champ","floor":10,"turns":8},{"damage":47,"enemies":"Automaton","floor":11,"turns":8},{"damage":88,"enemies":"Awakened One","floor":15,"turns":11},{"damage":10,"enemies":"Time Eater","floor":16,"turns":8},{"damage":46,"enemies":"Donu and Deca","floor":17,"turns":9},{"damage":72,"enemies":"The Heart","floor":18,"turns":10}],"seed_played":"-589886815395601563","potions_obtained":[{"floor":3,"key":"BloodPotion"},{"floor":4,"key":"Energy Potion"},{"floor":5,"key":"Swift Potion"},{"floor":10,"key":"AttackPotion"}],"is_trial":true,"path_per_floor":["$","$","M","M","M","T","$","R","M","M","M","T","$","R","M","M","M","M",null],"character_chosen":"IRONCLAD","items_purchased":["Inflame+1","Blind+1","Bag of Marbles","Replay:Wax Seal","Fire Breathing+1","Battle Trance+1","Dark Shackles+1","Oddly Smooth Stone","Wild Strike+1","Membership Card","Metallicize+1","ReplayTheSpireMod:Brewmster+1","Juggernaut+1","Flex+1","Metallicize+1","Bronze Scales","Shrug It Off+1","Replay:Bootleg Shield Generator+1","Blind+1","Dark Shackles+1","Panacea+1","Flash of Steel+1"],"campfire_rested":2,"item_purchase_floors":[1,1,1,1,1,1,1,2,2,7,7,7,7,7,7,13,13,13,13,13,13,13],"current_hp_per_floor":[68,68,57,50,56,56,56,80,56,50,52,52,52,76,32,82,82,66],"gold":492,"neow_bonus":"","is_daily":false,"chose_seed":false,"campfire_upgraded":0,"win_rate":0.0,"timestamp":1608271117,"path_taken":["$","$","M","M","M","T","$","R","M","M","M","T","$","R","M","M","M","M"],"items_purchased_type":["Card","Card","Relic","Relic","Card","Card","Card","Relic","Card","Relic","Card","Card","Card","Card","Card","Relic","Card","Card","Card","Card","Card","Card"],"build_version":"2020-12-13","purchased_purges":2,"victory":true,"max_hp_per_floor":[75,75,82,82,82,82,82,82,82,82,82,82,82,82,82,82,82,92],"card_choices":[],"player_experience":1053161,"relics_obtained":[{"floor":3,"key":"Strawberry"},{"floor":4,"key":"Mirror"},{"floor":5,"key":"Vajra"},{"floor":9,"key":"Chameleon Ring"},{"floor":10,"key":"Pet Ghost"},{"floor":11,"key":"StrikeDummy"},{"floor":15,"key":"Omamori"},{"floor":16,"key":"Incense Burner"},{"floor":17,"key":"Ancient Tea Set"},{"floor":18,"key":"Pear"}],"event_choices":[],"is_beta":false,"boss_relics":[{"not_picked":["Replay:Bronze Core","Kintsugi"],"picked":"Fusion Hammer"},{"not_picked":["Runic Pyramid","Pandora\u0027s Box"],"picked":"Pantograph"}],"items_purged_floors":[1,13],"is_endless":false,"potions_floor_spawned":[3,4,5,10,17],"ascension_level":20}}