{"host":"41zuqv3z4fqqx8y0","time":1608251094,"event":{"mods":["BaseMod","Lobotomy","Minty Spire (QoL Compilation)","Replay The Spire","StSLib"],"gold_per_floor":[110,110,124,199,199,199,124,124,124,157,157,182,207,157,157,283,283,283,283],"floor_reached":18,"playtime":878,"items_purged":["CherryBlossoms","Strike_B"],"score":242,"play_id":"7a5fe8e7-a509-40f8-b259-6c6230aeb89f","local_time":"20201218012454","is_ascension_mode":true,"campfire_choices":[{"data":"Go for the Eyes","floor":6,"key":"SMITH"},{"data":"Zap","floor":8,"key":"SMITH"},{"floor":11,"key":"REST"},{"floor":15,"key":"REST"}],"circlet_count":0,"master_deck":["AscendersBane","Strike_B","Strike_B","Strike_B","Defend_B","Defend_B","Defend_B","Defend_B","Zap+1","Dualcast","Go for the Eyes+1","ShyLook","Auto Shields","MeatLantern","Creative AI","Doom and Gloom","CurseOfTheBell"],"relics":["Cracked Core","CogitoBucket","Golden Idol","Prayer Wheel","Ancient Tea Set","Smiling Mask","Calling Bell","Replay:Baseball","White Beast Statue","FossilizedHelix"],"acts_visited":["Exordium","TheCity"],"potions_floor_usage":[16,16],"damage_taken":[{"damage":7,"enemies":"Jaw Worm","floor":1,"turns":3},{"damage":7,"enemies":"Small Slimes","floor":3,"turns":3},{"damage":34,"enemies":"3 Sentries","floor":10,"turns":10},{"damage":0,"enemies":"2 Louse","floor":13,"turns":3},{"damage":39,"enemies":"Slime Boss","floor":16,"turns":8},{"damage":67,"enemies":"2 Thieves","floor":18,"turns":4}],"seed_played":"-585298770298881910","potions_obtained":[{"floor":10,"key":"Reflective Coating"},{"floor":13,"key":"Block Potion"}],"is_trial":false,"path_per_floor":["M","?","M","?","?","R","$","R","T","E","R","T","M","$","R","B",null,"M"],"character_chosen":"DEFECT","items_purchased":[],"campfire_rested":2,"item_purchase_floors":[],"current_hp_per_floor":[61,66,59,48,48,48,48,48,48,14,36,36,36,36,58,19,60,0,0],"gold":283,"neow_bonus":"","is_daily":false,"chose_seed":false,"campfire_upgraded":2,"win_rate":0.0,"timestamp":1608251094,"path_taken":["M","?","M","?","?","R","$","R","T","E","R","?","M","?","R","BOSS","M"],"items_purchased_type":[],"build_version":"2020-12-13","purchased_purges":2,"victory":false,"max_hp_per_floor":[75,80,80,80,74,74,74,74,74,74,74,74,74,74,74,74,74,74,74],"card_choices":[{"not_picked":["Hello World","Panic Button"],"picked":"Go for the Eyes","floor":1},{"not_picked":["Murderer","UniverseFragment"],"picked":"CherryBlossoms","floor":1},{"not_picked":["WallGazer","LittlePrince"],"picked":"ShyLook","floor":3},{"not_picked":["Stack","Skim"],"picked":"Auto Shields","floor":3},{"not_picked":["QueenBee","SnowQueen"],"picked":"MeatLantern","floor":10},{"not_picked":["BasicCrystalCard","Steam"],"picked":"Creative AI","floor":10},{"not_picked":["UniverseFragment","Wellcheers","DespairKnight"],"picked":"Singing Bowl","floor":13},{"not_picked":["Go for the Eyes","Leap"],"picked":"Doom and Gloom","floor":13},{"not_picked":["Storm","Compile Driver","Beam Cell"],"picked":"SKIP","floor":13}],"player_experience":557563,"relics_obtained":[{"floor":9,"key":"Prayer Wheel"},{"floor":10,"key":"Ancient Tea Set"},{"floor":12,"key":"Smiling Mask"},{"floor":17,"key":"Replay:Baseball"},{"floor":17,"key":"White Beast Statue"},{"floor":17,"key":"FossilizedHelix"}],"event_choices":[{"damage_healed":0,"gold_gain":0,"player_choice":"Donut","damage_taken":0,"max_hp_gain":5,"max_hp_loss":0,"event_name":"Big Fish","floor":2,"gold_loss":0},{"damage_healed":0,"gold_gain":75,"player_choice":"Gather Gold","damage_taken":11,"max_hp_gain":0,"max_hp_loss":0,"event_name":"World of Goop","floor":4,"gold_loss":0},{"damage_healed":0,"gold_gain":0,"player_choice":"Lose Max HP","damage_taken":0,"relics_obtained":["Golden Idol"],"max_hp_gain":0,"max_hp_loss":6,"event_name":"Golden Idol","floor":5,"gold_loss":0}],"is_beta":false,"boss_relics":[{"not_picked":["SlaversCollar","Replay:Ancient Bell"],"picked":"Calling Bell"}],"items_purged_floors":[7,14],"is_endless":false,"potions_floor_spawned":[10,13],"killed_by":"2 Thieves","ascension_level":11}}