{"host":"dvpvhz1t6etneyb3","time":1608262951,"event":{"mods":["AchievementEnabler","BaseMod","Colored Map","Highlight Path","Minty Spire (QoL Compilation)","Permanent Neow","Quick Restart"],"gold_per_floor":[116,116,129,141,152,182,182,201,276,276,286,305,336,353,353,428,428,443,358,50,50,50,50,75,104,165,205,227,256,99,110,110,184,184,199,218,218,0,13,40,40,67,144,16,51,51,51,70,70,70,70],"floor_reached":52,"playtime":2266,"items_purged":["Strike_G","Strike_G"],"score":2113,"play_id":"674bfaef-b6c3-4f70-bccf-f146497c5640","local_time":"20201217224231","is_ascension_mode":true,"campfire_choices":[{"data":"Noxious Fumes","floor":7.0,"key":"SMITH"},{"floor":10.0,"key":"REST"},{"data":"Catalyst","floor":15.0,"key":"SMITH"},{"floor":23.0,"key":"REST"},{"floor":32.0,"key":"REST"},{"floor":41.0,"key":"REST"},{"floor":47.0,"key":"REST"},{"floor":49.0,"key":"REST"}],"circlet_count":0,"master_deck":["AscendersBane","Strike_G","Strike_G","Defend_G","Defend_G","Defend_G","Defend_G","Defend_G","Survivor","Neutralize","Quick Slash","Noxious Fumes+1","Dash","Crippling Poison","Bouncing Flask","PiercingWail","Catalyst+1","After Image","Crippling Poison","Wraith Form v2","Catalyst","Apotheosis","Footwork","Decay","Dodge and Roll","Deadly Poison","Footwork","Acrobatics+1","Backstab","Leg Sweep","Corpse Explosion","Catalyst","Noxious Fumes+1","Dodge and Roll","After Image"],"relics":["Ring of the Snake","PreservedInsect","Blue Candle","Lizard Tail","Fusion Hammer","Art of War","MutagenicStrength","MawBank","Potion Belt","Bottled Lightning","ClockworkSouvenir","Velvet Choker","Red Mask","Happy Flower","HornCleat","InkBottle","White Beast Statue","Pear"],"acts_visited":["Exordium","TheCity","TheBeyond"],"potions_floor_usage":[50,50,51],"damage_taken":[{"damage":3.0,"enemies":"2 Louse","floor":1.0,"turns":2.0},{"damage":2.0,"enemies":"Cultist","floor":3.0,"turns":4.0},{"damage":3.0,"enemies":"Jaw Worm","floor":4.0,"turns":3.0},{"damage":1.0,"enemies":"3 Louse","floor":5.0,"turns":2.0},{"damage":16.0,"enemies":"Lagavulin","floor":6.0,"turns":7.0},{"damage":5.0,"enemies":"Gremlin Gang","floor":8.0,"turns":5.0},{"damage":13.0,"enemies":"Large Slime","floor":11.0,"turns":4.0},{"damage":5.0,"enemies":"Blue Slaver","floor":12.0,"turns":4.0},{"damage":5.0,"enemies":"3 Sentries","floor":13.0,"turns":3.0},{"damage":2.0,"enemies":"Exordium Wildlife","floor":14.0,"turns":4.0},{"damage":3.0,"enemies":"Hexaghost","floor":16.0,"turns":7.0},{"damage":8.0,"enemies":"Shell Parasite","floor":18.0,"turns":5.0},{"damage":2.0,"enemies":"Gremlin Leader","floor":24.0,"turns":5.0},{"damage":2.0,"enemies":"Chosen","floor":25.0,"turns":5.0},{"damage":12.0,"enemies":"Book of Stabbing","floor":27.0,"turns":4.0},{"damage":6.0,"enemies":"Snake Plant","floor":28.0,"turns":4.0},{"damage":8.0,"enemies":"Centurion and Healer","floor":29.0,"turns":7.0},{"damage":1.0,"enemies":"Sentry and Sphere","floor":31.0,"turns":5.0},{"damage":27.0,"enemies":"Automaton","floor":33.0,"turns":11.0},{"damage":0.0,"enemies":"3 Shapes","floor":35.0,"turns":5.0},{"damage":2.0,"enemies":"Orb Walker","floor":36.0,"turns":4.0},{"damage":1.0,"enemies":"Writhing Mass","floor":39.0,"turns":5.0},{"damage":2.0,"enemies":"Nemesis","floor":40.0,"turns":5.0},{"damage":1.0,"enemies":"Reptomancer","floor":42.0,"turns":4.0},{"damage":0.0,"enemies":"Giant Head","floor":45.0,"turns":4.0},{"damage":6.0,"enemies":"4 Shapes","floor":48.0,"turns":4.0},{"damage":18,"enemies":"Awakened One","floor":50,"turns":12},{"damage":24,"enemies":"Donu and Deca","floor":51,"turns":9}],"seed_played":"5686956197388708072","potions_obtained":[{"floor":4.0,"key":"GamblersBrew"},{"floor":6.0,"key":"Energy Potion"},{"floor":8.0,"key":"SteroidPotion"},{"floor":11.0,"key":"PowerPotion"},{"floor":13.0,"key":"Poison Potion"},{"floor":24.0,"key":"SkillPotion"},{"floor":27.0,"key":"SpeedPotion"},{"floor":31.0,"key":"Swift Potion"},{"floor":35.0,"key":"DuplicationPotion"},{"floor":36.0,"key":"Strength Potion"},{"floor":45.0,"key":"FearPotion"},{"floor":48.0,"key":"SpeedPotion"}],"is_trial":false,"path_per_floor":["M","?","M","M","M","E","R","M","T","R","M","M","E","M","R","B",null,"M","?","$","?","?","R","E","M","T","E","M","M","$","M","R","B",null,"M","M","?","?","M","E","R","E","T","$","E","T","R","M","R","B","B",null],"character_chosen":"THE_SILENT","items_purchased":["Apotheosis","Footwork","ClockworkSouvenir","Dodge and Roll"],"campfire_rested":6,"item_purchase_floors":[20,20,30,44],"current_hp_per_floor":[56,56,54,51,50,34,34,29,29,48,35,30,25,23,23,20,55,47,47,47,47,47,66,64,62,62,50,44,36,36,35,54,27,56,56,54,54,54,53,51,66,65,65,65,65,75,76,70,76,58,34],"gold":70,"neow_bonus":"THREE_CARDS","is_daily":false,"chose_seed":false,"campfire_upgraded":2,"win_rate":0.0,"timestamp":1608262951,"path_taken":["M","?","M","M","M","E","R","M","T","R","M","M","E","M","R","BOSS","M","?","$","?","?","R","E","M","T","E","?","M","$","M","R","BOSS","M","M","?","?","M","E","R","E","T","?","E","?","R","M","R","BOSS","BOSS"],"items_purchased_type":["Card","Card","Relic","Card"],"build_version":"2020-12-13","purchased_purges":2,"victory":true,"max_hp_per_floor":[66,66,66,66,66,66,66,66,66,66,66,66,66,66,66,66,66,66,66,66,66,66,66,66,66,66,66,66,66,66,66,66,66,66,66,66,66,66,66,66,66,66,66,66,66,76,76,76,76,76,76],"card_choices":[{"not_picked":["Blade Dance","Prepared"],"picked":"All Out Attack","floor":0.0},{"not_picked":["Prepared","Blade Dance"],"picked":"Quick Slash","floor":1.0},{"not_picked":["Caltrops","Dagger Throw"],"picked":"Noxious Fumes","floor":3.0},{"not_picked":["Leg Sweep","Outmaneuver"],"picked":"Dash","floor":4.0},{"not_picked":["Deadly Poison","Riddle With Holes"],"picked":"Crippling Poison","floor":5.0},{"not_picked":["Deflect","Concentrate"],"picked":"Bouncing Flask","floor":6.0},{"not_picked":["Backflip","Infinite Blades"],"picked":"PiercingWail","floor":8.0},{"not_picked":["Escape Plan","Slice"],"picked":"Catalyst","floor":11.0},{"not_picked":["Terror","Backflip"],"picked":"After Image","floor":12.0},{"not_picked":["Reflex","Slice","Eviscerate"],"picked":"SKIP","floor":13.0},{"not_picked":["Slice","Setup"],"picked":"Crippling Poison","floor":14.0},{"not_picked":["Unload","Adrenaline"],"picked":"Wraith Form v2","floor":16.0},{"not_picked":["Flechettes","Setup+1"],"picked":"Catalyst","floor":18.0},{"not_picked":["Expertise","Bane"],"picked":"Dodge and Roll","floor":24.0},{"not_picked":["Cloak And Dagger","Reflex"],"picked":"Deadly Poison","floor":25.0},{"not_picked":["Burst","Backflip"],"picked":"Footwork","floor":27.0},{"not_picked":["Eviscerate","Masterful Stab+1"],"picked":"Acrobatics+1","floor":28.0},{"not_picked":["PiercingWail","Concentrate"],"picked":"Backstab","floor":29.0},{"not_picked":["Blur","Escape Plan"],"picked":"Leg Sweep","floor":31.0},{"not_picked":["Tools of the Trade","Venomology"],"picked":"Corpse Explosion","floor":33.0},{"not_picked":["Outmaneuver+1","Underhanded Strike","Infinite Blades+1"],"picked":"SKIP","floor":35.0},{"not_picked":["Sucker Punch","Blade Dance"],"picked":"Catalyst","floor":36.0},{"not_picked":["Eviscerate+1","Underhanded Strike","Sucker Punch"],"picked":"SKIP","floor":39.0},{"not_picked":["Underhanded Strike","Poisoned Stab"],"picked":"Noxious Fumes+1","floor":40.0},{"not_picked":["Noxious Fumes+1","Dagger Throw","Deadly Poison"],"picked":"SKIP","floor":42.0},{"not_picked":["Skewer","Blur"],"picked":"After Image","floor":45.0},{"not_picked":["Bane","Prepared","Masterful Stab"],"picked":"SKIP","floor":48.0}],"player_experience":1879863,"relics_obtained":[{"floor":6.0,"key":"PreservedInsect"},{"floor":9.0,"key":"Blue Candle"},{"floor":13.0,"key":"Lizard Tail"},{"floor":24.0,"key":"MawBank"},{"floor":26.0,"key":"Potion Belt"},{"floor":27.0,"key":"Bottled Lightning"},{"floor":40.0,"key":"Happy Flower"},{"floor":42.0,"key":"HornCleat"},{"floor":43.0,"key":"InkBottle"},{"floor":45.0,"key":"White Beast Statue"},{"floor":46.0,"key":"Pear"}],"event_choices":[{"cards_removed":["Strike_G"],"damage_healed":0.0,"max_hp_gain":0.0,"max_hp_loss":0.0,"gold_gain":0.0,"event_name":"Bonfire Elementals","player_choice":"Offered Basic","floor":2.0,"gold_loss":0.0,"damage_taken":0.0},{"damage_healed":0.0,"max_hp_gain":0.0,"max_hp_loss":0.0,"gold_gain":0.0,"event_name":"Addict","player_choice":"Obtained Relic","floor":19.0,"gold_loss":85.0,"damage_taken":0.0,"relics_obtained":["Art of War"]},{"damage_healed":0.0,"max_hp_gain":0.0,"max_hp_loss":0.0,"gold_gain":0.0,"event_name":"Drug Dealer","player_choice":"Inject Mutagens","floor":21.0,"gold_loss":0.0,"damage_taken":0.0,"relics_obtained":["MutagenicStrength"]},{"damage_healed":0.0,"max_hp_gain":0.0,"max_hp_loss":0.0,"gold_gain":0.0,"event_name":"Wheel of Change","player_choice":"Cursed","floor":22.0,"gold_loss":0.0,"damage_taken":0.0,"cards_obtained":["Decay"]},{"cards_removed":["All Out Attack"],"damage_healed":0.0,"max_hp_gain":0.0,"max_hp_loss":0.0,"gold_gain":0.0,"event_name":"Falling","player_choice":"Removed Attack","floor":37.0,"gold_loss":0.0,"damage_taken":0.0},{"damage_healed":0.0,"max_hp_gain":0.0,"max_hp_loss":0.0,"gold_gain":0.0,"event_name":"Tomb of Lord Red Mask","player_choice":"Paid","floor":38.0,"gold_loss":218.0,"damage_taken":0.0,"relics_obtained":["Red Mask"]}],"is_beta":false,"boss_relics":[{"not_picked":["Astrolabe","Empty Cage"],"picked":"Fusion Hammer"},{"not_picked":["Pandora\u0027s Box","SlaversCollar"],"picked":"Velvet Choker"}],"items_purged_floors":[20,44],"is_endless":false,"potions_floor_spawned":[4,6,8,11,13,18,24,27,31,35,36,45,48],"ascension_level":20}}