{"host":"mal0jdk4f6ubgyb8","time":1608297453,"event":{"mods":["BaseMod","KinomotoSakuraMod(木之本樱)","Koishi","LagranYue(拉格朗・月)","Luminous","Marisa（F雨　魔理沙）","Minty Spire (QoL Compilation)","Quick Restart","Reimu（博丽灵梦）","Relic Stats","Remilia（蕾米莉亚）","StSLib","The Animator","The Senshi","TheWitcher","WarShipGirlsR/战舰少女R mod","Youmu（魂魄妖梦）","Yuri Mod","Yuyuko","【东方二次创作】八云紫mod"],"gold_per_floor":[209,88,116,144,160,160,222,222,248,309,241,322,383,395,407,567,579,632,692,295,375,375,449,499,499,571,643,4,38,79,142,142,267,267,331,409,220,253,273,313,313,358,358,358,383,413,477,387,387,387,387,387,14,57,57,57],"floor_reached":55,"playtime":3657,"items_purged":["Strike_MRS","Strike_MRS","Defend_MRS"],"score":963,"play_id":"43364689-0fe5-426a-b222-9c2f669d1d80","local_time":"20201218211733","is_ascension_mode":true,"campfire_choices":[{"data":"UnstableBomb","floor":6.0,"key":"SMITH"},{"data":"DoubleSpark","floor":8.0,"key":"SMITH"},{"floor":15.0,"key":"REST"},{"floor":25.0,"key":"RECALL"},{"data":"BinaryStars","floor":32.0,"key":"SMITH"},{"data":"BinaryStars","floor":41.0,"key":"SMITH"},{"data":"JA","floor":44.0,"key":"SMITH"},{"data":"FinalSpark","floor":49.0,"key":"SMITH"},{"data":"EventHorizon","floor":52.0,"key":"SMITH"}],"circlet_count":0,"master_deck":["Defend_MRS+1","MasterSpark","UpSweep","UnstableBomb+1","WitchOfGreed","MeteoricShower","WitchLeyline","WitchOfGreed","DoubleSpark+1","BinaryStars+1","PowerUp","IllusionStar","UnstableBomb","WitchOfGreed","GalacticHalo","IllusionStar","6A","UltimateShortwave","Parasite","Parasite","SuperPerseids","UnstableBomb","CasketOfStar","Acceleration","EventHorizon+1","UltimateShortwave","StarBarrage+1","BinaryStars+1","MilkyWay+1","Acceleration+1","WitchLeyline","UltimateShortwave","6A+1","Singularity+1","GrandCross","JA+1","PowerUp+1","UnstableBomb","ChargeUpSpray+1","GravityBeat+1","FinalSpark+1","IllusionStar+1","PowerUp","UnstableBomb","Singularity"],"relics":["MiniHakkero","LagranYue:RandomDrawCardRelic","PreservedInsect","MawBank","Anchor","Empty Cage","DollysMirror","RuthlessExorcism:ReiMu","HornCleat","InkBottle","Ancient Tea Set","BigShroomBag","Gremlin Horn","LagranYue:ContractPerformanceRelic","StoneCalendar","Dream Catcher","Du-Vu Doll","Art of War","Akabeko","Pen Nib","Bird Faced Urn"],"acts_visited":["Exordium","TheCity","TheBeyond","TheEnding"],"potions_floor_usage":[],"damage_taken":[{"damage":0.0,"enemies":"2 Louse","floor":1.0,"turns":2.0},{"damage":2.0,"enemies":"Jaw Worm","floor":3.0,"turns":3.0},{"damage":1.0,"enemies":"Cultist","floor":4.0,"turns":3.0},{"damage":17.0,"enemies":"Gremlin Gang","floor":5.0,"turns":3.0},{"damage":18.0,"enemies":"Lagavulin","floor":7.0,"turns":5.0},{"damage":11.0,"enemies":"3 Sentries","floor":10.0,"turns":4.0},{"damage":23.0,"enemies":"The Mushroom Lair","floor":12.0,"turns":4.0},{"damage":0.0,"enemies":"2 Fungi Beasts","floor":13.0,"turns":3.0},{"damage":20.0,"enemies":"Slime Boss","floor":16.0,"turns":8.0},{"damage":3.0,"enemies":"3 Byrds","floor":18.0,"turns":6.0},{"damage":2.0,"enemies":"Chosen","floor":19.0,"turns":4.0},{"damage":41.0,"enemies":"Gremlin Leader","floor":23.0,"turns":5.0},{"damage":11.0,"enemies":"Centurion and Healer","floor":24.0,"turns":5.0},{"damage":20.0,"enemies":"Slavers","floor":27.0,"turns":4.0},{"damage":0.0,"enemies":"Chosen and Byrds","floor":29.0,"turns":3.0},{"damage":0.0,"enemies":"Snecko","floor":30.0,"turns":3.0},{"damage":2.0,"enemies":"Centurion and Healer","floor":31.0,"turns":4.0},{"damage":48.0,"enemies":"Champ","floor":33.0,"turns":6.0},{"damage":2.0,"enemies":"Orb Walker","floor":35.0,"turns":3.0},{"damage":4.0,"enemies":"2 Orb Walkers","floor":36.0,"turns":3.0},{"damage":2.0,"enemies":"3 Shapes","floor":38.0,"turns":2.0},{"damage":14.0,"enemies":"3 Darklings","floor":39.0,"turns":3.0},{"damage":6.0,"enemies":"Nemesis","floor":40.0,"turns":3.0},{"damage":14.0,"enemies":"Maw","floor":42.0,"turns":5.0},{"damage":0.0,"enemies":"Reptomancer","floor":45.0,"turns":2.0},{"damage":0.0,"enemies":"Spire Growth","floor":46.0,"turns":2.0},{"damage":3.0,"enemies":"Nemesis","floor":47.0,"turns":3.0},{"damage":57.0,"enemies":"Time Eater","floor":50.0,"turns":7.0},{"damage":3.0,"enemies":"Shield and Spear","floor":54.0,"turns":3.0},{"damage":92,"enemies":"The Heart","floor":55,"turns":3}],"seed_played":"-2443273805227979465","potions_obtained":[{"floor":1.0,"key":"SneckoOil"},{"floor":3.0,"key":"DistilledChaos"},{"floor":4.0,"key":"Block Potion"},{"floor":5.0,"key":"BlessingOfTheForge"},{"floor":7.0,"key":"Weak Potion"},{"floor":7.0,"key":"Dexterity Potion"},{"floor":10.0,"key":"GamblersBrew"},{"floor":12.0,"key":"Fruit Juice"},{"floor":12.0,"key":"Block Potion"},{"floor":12.0,"key":"Block Potion"},{"floor":13.0,"key":"LiquidMemories"},{"floor":13.0,"key":"Energy Potion"},{"floor":16.0,"key":"FearPotion"},{"floor":16.0,"key":"GamblersBrew"},{"floor":16.0,"key":"PowerPotion"},{"floor":18.0,"key":"LiquidMemories"},{"floor":18.0,"key":"BottledSpark"},{"floor":19.0,"key":"FearPotion"},{"floor":23.0,"key":"ColorlessPotion"},{"floor":23.0,"key":"CultistPotion"},{"floor":24.0,"key":"MagicPotion:ReiMu"},{"floor":24.0,"key":"BottledSpark"},{"floor":27.0,"key":"FairyPotion"},{"floor":29.0,"key":"FearPotion"},{"floor":30.0,"key":"LiquidBronze"},{"floor":30.0,"key":"ShroomBrew"},{"floor":31.0,"key":"Strength Potion"},{"floor":33.0,"key":"FearPotion"},{"floor":33.0,"key":"PowerPotion"},{"floor":35.0,"key":"AttackPotion"},{"floor":36.0,"key":"Fire Potion"},{"floor":36.0,"key":"EssenceOfSteel"},{"floor":40.0,"key":"BottledSpark"},{"floor":40.0,"key":"Fruit Juice"},{"floor":42.0,"key":"Explosive Potion"},{"floor":47.0,"key":"BlessingOfTheForge"},{"floor":47.0,"key":"Weak Potion"},{"floor":54.0,"key":"MagicPotion:ReiMu"}],"is_trial":false,"path_per_floor":["M","$","M","M","M","R","E","R","T","E","?","?","M","?","R","B",null,"M","M","$","T","?","E","M","R","T","E","$","M","M","M","R","B",null,"M","?","$","M","M","E","R","M","T","R","E","M","E","?","R","B",null,"R","$","E","B"],"character_chosen":"MARISA","items_purchased":["WitchOfGreed","DollysMirror","RuthlessExorcism:ReiMu","BigShroomBag","Gremlin Horn","GrandCross","JA","PowerUp","UnstableBomb","Pen Nib"],"campfire_rested":1,"item_purchase_floors":[2,20,20,28,28,37,37,53,53,53],"current_hp_per_floor":[75,75,73,72,55,55,37,37,37,26,26,8,10,10,34,18,80,78,80,80,80,80,43,36,36,36,18,18,21,21,25,25,24,80,80,76,76,74,60,62,62,54,54,54,60,63,66,66,66,15,85,85,85,82,0,0],"gold":57,"neow_bonus":"HUNDRED_GOLD","is_daily":false,"chose_seed":false,"campfire_upgraded":7,"win_rate":0.0,"timestamp":1608297453,"path_taken":["M","$","M","M","M","R","E","R","T","E","?","?","M","?","R","BOSS","M","?","$","?","?","E","M","R","T","E","$","?","M","M","R","BOSS","M","?","$","M","M","E","R","M","T","R","E","M","E","?","R","BOSS","R","$","E","BOSS"],"items_purchased_type":["Card","Relic","Relic","Relic","Relic","Card","Card","Card","Card","Relic"],"build_version":"2020-12-13","purchased_purges":3,"victory":false,"max_hp_per_floor":[75,75,75,75,75,75,75,75,75,75,75,80,80,80,80,80,80,80,80,80,80,80,80,80,80,80,80,80,80,80,80,80,80,80,80,80,80,80,80,85,85,85,85,85,85,85,85,85,85,85,85,85,85,85,85,85],"relic_stats":{"Dream Catcher":0,"Gremlin Horn":[11,11],"counters":[30,114],"Bird Faced Urn":[5],"StoneCalendar":[17],"PreservedInsect":334,"Pen Nib":[1],"Art of War":[1],"MawBank":132,"obtain_stats":[{"AmplifyWand":54,"LagranYue:RandomDrawCardRelic":0,"Gremlin Horn":28,"StoneCalendar":36,"Empty Cage":17,"Ancient Tea Set":27,"Dream Catcher":40,"HornCleat":23,"DollysMirror":20,"InkBottle":26,"PreservedInsect":7,"Pen Nib":53,"MawBank":9,"Akabeko":47,"Du-Vu Doll":43,"ShroomBag":12,"Anchor":10,"LagranYue:ContractPerformanceRelic":34,"Shuriken":42,"Bird Faced Urn":54,"BigShroomBag":28,"Art of War":45,"MiniHakkero":0,"RuthlessExorcism:ReiMu":20,"Meat on the Bone":39},{"AmplifyWand":29,"LagranYue:RandomDrawCardRelic":0,"Gremlin Horn":14,"StoneCalendar":20,"Empty Cage":9,"Ancient Tea Set":14,"Dream Catcher":23,"HornCleat":12,"DollysMirror":11,"InkBottle":13,"PreservedInsect":5,"Pen Nib":28,"MawBank":5,"Akabeko":27,"Du-Vu Doll":24,"ShroomBag":7,"Anchor":6,"LagranYue:ContractPerformanceRelic":18,"Shuriken":24,"Bird Faced Urn":29,"BigShroomBag":14,"Art of War":25,"MiniHakkero":0,"RuthlessExorcism:ReiMu":11,"Meat on the Bone":22},{"AmplifyWand":109,"LagranYue:RandomDrawCardRelic":0,"Gremlin Horn":59,"StoneCalendar":81,"Empty Cage":35,"Ancient Tea Set":59,"Dream Catcher":89,"HornCleat":50,"DollysMirror":45,"InkBottle":55,"PreservedInsect":16,"Pen Nib":108,"MawBank":16,"Akabeko":101,"Du-Vu Doll":94,"ShroomBag":24,"Anchor":20,"LagranYue:ContractPerformanceRelic":75,"Shuriken":93,"Bird Faced Urn":111,"BigShroomBag":59,"Art of War":96,"MiniHakkero":0,"RuthlessExorcism:ReiMu":45,"Meat on the Bone":84}],"InkBottle":[39]},"card_choices":[{"not_picked":["MagicChant","IllusionStar"],"picked":"UnstableBomb","floor":1.0},{"not_picked":["AsteroidBelt","OneTimeOff"],"picked":"MeteoricShower","floor":3.0},{"not_picked":["ChargingUp","MysteriousBeam"],"picked":"WitchLeyline","floor":4.0},{"not_picked":["UnstableBomb","6A"],"picked":"WitchOfGreed","floor":5.0},{"not_picked":["DC","Acceleration"],"picked":"DoubleSpark","floor":7.0},{"not_picked":["AlicesGift","DoubleSpark"],"picked":"BinaryStars","floor":10.0},{"not_picked":[],"picked":"PowerUp","floor":11.0},{"not_picked":[],"picked":"IllusionStar","floor":11.0},{"not_picked":[],"picked":"UnstableBomb","floor":11.0},{"not_picked":[],"picked":"WitchOfGreed","floor":11.0},{"not_picked":[],"picked":"GalacticHalo","floor":11.0},{"not_picked":[],"picked":"IllusionStar","floor":11.0},{"not_picked":[],"picked":"6A","floor":11.0},{"not_picked":[],"picked":"UltimateShortwave","floor":11.0},{"not_picked":["IllusionStar","SprinkleStarSeal"],"picked":"SuperPerseids","floor":12.0},{"not_picked":["IllusionStar","WitchLeyline"],"picked":"UnstableBomb","floor":13.0},{"not_picked":["StarDustReverie","FinalSpark"],"picked":"CasketOfStar","floor":16.0},{"not_picked":["NonDirectionalLaser","ShootTheMoon"],"picked":"Acceleration","floor":18.0},{"not_picked":["NonDirectionalLaser","RefractionSpark"],"picked":"EventHorizon","floor":19.0},{"not_picked":["DarkSpark+1","GalacticHalo","ChargingUp"],"picked":"SKIP","floor":23.0},{"not_picked":["WitchLeyline+1","EnergyFlow"],"picked":"StarBarrage+1","floor":24.0},{"not_picked":["PulseMagic","GravityBeat"],"picked":"BinaryStars","floor":27.0},{"not_picked":["AsteroidBelt","Acceleration"],"picked":"MilkyWay+1","floor":29.0},{"not_picked":["Orbital","BlazeAway"],"picked":"Acceleration+1","floor":30.0},{"not_picked":["Acceleration","NonDirectionalLaser+1"],"picked":"WitchLeyline","floor":31.0},{"not_picked":["BigCrunch","ManaRampage"],"picked":"UltimateShortwave","floor":33.0},{"not_picked":["OneTimeOff+1","StarBarrage"],"picked":"6A+1","floor":35.0},{"not_picked":["GasGiant","PowerUp"],"picked":"Singularity+1","floor":36.0},{"not_picked":["DoubleSpark","NonDirectionalLaser"],"picked":"PowerUp+1","floor":38.0},{"not_picked":["ChargeUpSpray+1","EnergyRecoil+1"],"picked":"UnstableBomb","floor":39.0},{"not_picked":["Robbery","Occultation"],"picked":"ChargeUpSpray+1","floor":40.0},{"not_picked":["PowerUp","DarkMatter"],"picked":"GravityBeat+1","floor":42.0},{"not_picked":["ShootingEcho","MysteriousBeam+1"],"picked":"FinalSpark","floor":45.0},{"not_picked":["StarlightTyphoon+1","NonDirectionalLaser+1"],"picked":"IllusionStar+1","floor":46.0},{"not_picked":["MagicAbsorber","Orbital","DC"],"picked":"SKIP","floor":47.0},{"not_picked":["WitchOfGreed+1","DC+1"],"picked":"Singularity","floor":54.0}],"player_experience":231637,"relics_obtained":[{"floor":7.0,"key":"PreservedInsect"},{"floor":9.0,"key":"MawBank"},{"floor":10.0,"key":"Anchor"},{"floor":12.0,"key":"ShroomBag"},{"floor":23.0,"key":"HornCleat"},{"floor":26.0,"key":"InkBottle"},{"floor":27.0,"key":"Ancient Tea Set"},{"floor":36.0,"key":"StoneCalendar"},{"floor":40.0,"key":"Dream Catcher"},{"floor":43.0,"key":"Du-Vu Doll"},{"floor":45.0,"key":"Art of War"},{"floor":47.0,"key":"Akabeko"},{"floor":54.0,"key":"Bird Faced Urn"}],"event_choices":[{"damage_healed":0.0,"max_hp_gain":0.0,"max_hp_loss":0.0,"gold_gain":0.0,"event_name":"Mushrooms_MRS","player_choice":"Fought Mushrooms","floor":12.0,"gold_loss":0.0,"damage_taken":0.0},{"damage_healed":0.0,"max_hp_gain":0.0,"max_hp_loss":0.0,"gold_gain":0.0,"event_name":"Fountain of Cleansing","player_choice":"Ignored","floor":14.0,"gold_loss":0.0,"damage_taken":0.0},{"cards_removed":["Defend_MRS"],"damage_healed":0.0,"max_hp_gain":0.0,"max_hp_loss":0.0,"gold_gain":0.0,"event_name":"Wheel of Change","player_choice":"Card Removal","floor":22.0,"gold_loss":0.0,"damage_taken":0.0},{"damage_healed":0.0,"max_hp_gain":0.0,"max_hp_loss":0.0,"gold_gain":0.0,"event_name":"Mysterious Sphere","player_choice":"Fight","floor":36.0,"gold_loss":0.0,"damage_taken":0.0},{"cards_removed":["Defend_MRS"],"damage_healed":0.0,"max_hp_gain":0.0,"max_hp_loss":0.0,"gold_gain":0.0,"event_name":"Designer","player_choice":"Upgrade and Remove","floor":48.0,"gold_loss":90.0,"damage_taken":0.0,"cards_upgraded":["Defend_MRS"]}],"is_beta":false,"boss_relics":[{"not_picked":["Tiny House","Cursed Key"],"picked":"Empty Cage"},{"not_picked":["SacredBark","Astrolabe"],"picked":"LagranYue:ContractPerformanceRelic"}],"items_purged_floors":[2,20,53],"is_endless":false,"potions_floor_spawned":[1,5,10,13,24,30,31,35,40],"killed_by":"The Heart","ascension_level":2}}