{"host":"4ih4fq53sefgqhvb","time":1608267556,"event":{"mods":["AchievementEnabler","Aspiration","Bard","BaseMod","BetterRewards","Colored Map","Colored Powertips","Conspire","Downfall","Googly Eyes","Hermit","Highlight Path","Hubris","Infinite Spire","Jedi Mod","Jorbs\u0027s Wanderer Trilogy","Marisa????????","Mimic Mod","Minty Spire (QoL Compilation)","Quick Restart","Relic Stats","Replay The Spire","Shop Mod","StSLib","The Animator","The Cursed","The Jungle","The Runesmith"],"gold_per_floor":[99,110,167,167,204,204,242,30,15,49,70,20,34,69,90,218,218,68,90,38,58,58,84,84,127,227,152,170,209,255,284,302,418,418,418,445,445,472,353,353,400,400,454,454,553,583,583,614,627,654,654],"floor_reached":50,"playtime":4452,"items_purged":[],"score":704,"play_id":"20a23f43-cd83-4770-9fea-e72989af75fe","local_time":"20201217205916","is_ascension_mode":false,"campfire_choices":[{"data":"expansioncontent:ChargeUp","floor":1,"key":"SMITH"},{"floor":4,"key":"REST"},{"floor":18,"key":"RECALL"},{"data":"infinitespire:Starlight","floor":22,"key":"SMITH"},{"floor":27,"key":"REST"},{"data":"hexamod:VolcanoVisage","floor":35,"key":"SMITH"},{"data":"hexamod:ExtraCrispy","floor":37,"key":"SMITH"},{"data":"hexamod:WildfireWeapon","floor":40,"key":"SMITH"},{"data":"hexamod:DynamicBlow","floor":42,"key":"SMITH"},{"floor":44,"key":"REST"}],"circlet_count":0,"master_deck":["hexamod:Strike","hexamod:Strike+1","hexamod:Strike","hexamod:Strike+1","hexamod:Defend+1","hexamod:Defend","hexamod:Defend+1","hexamod:Defend+1","hexamod:Sear+1","hexamod:Float+1","expansioncontent:ChargeUp+1","hexamod:Incineration","hexamod:ParanormalForm","infinitespire:Starlight+1","hexamod:PhantomFireball+1","hexamod:HeatMetal+1","hexamod:Incineration+1","hexamod:ExtraCrispy+1","hexamod:Hexaguard+1","hexamod:PhantomCloak+1","conspire:SpireCoStock+1","hexamod:HeatCrush","hexamod:Again+1","hexamod:GhostShield","hexamod:ThermalTransfer+1","hexamod:DynamicBlow+1","hexamod:FastForward+1","hexamod:SoulSteal+1","hexamod:SixthSeal","hexamod:EtherealExpedition+1","hexamod:ExtraCrispy+1","hexamod:SwordOfDarkness+1","hexamod:UnleashSpirits+1","hexamod:HeatShield+1","hexamod:FifthSeal","hexamod:Firestarter","hexamod:FirstSeal","hexamod:SecondSeal","hexamod:FirstSeal","hexamod:PhantomFireball+1","hexamod:FlamesFromBeyond+1","hexamod:FirstSeal","hexamod:SixthSeal","hexamod:BacktrackSmack+1","hexamod:SixthSeal","hexamod:ChargedBarrage+1","hexamod:SixthSeal","hexamod:VolcanoVisage+1","hexamod:SixthSeal","hexamod:DynamicBlow+1","hexamod:RecurringNightmare+1","hexamod:WildfireWeapon+1","hexamod:RadiantFlame+1","hexamod:RainOfEmbers+1","hexamod:FirstSeal","hexamod:GhostShield+1","hexamod:Hexaguard+1","hexamod:FirstSeal","hexamod:SoulSteal","hexamod:Again+1"],"relics":["hexamod:SpiritBrand","infinitespire:Midas Blood","aspiration:HatOfInfinitePower","MealTicket","hubris:KleinBottle","Letter Opener","Odd Mushroom","Replay:Fungal Core","aspiration:PoetsPen_weak","hubris:HollowSoul","downfall:HeartBlessingGreen","downfall:HeartBlessingBlue","hubris:AstralHammer","hubris:Zylophone","downfall:HeartBlessingRed","hexamod:TheBrokenSeal","hubris:ScarierMask","hubris:MedicalManual","MerchantsRug","Bronze Scales","infinitespire:Golems Mask","downfall:GremlinWheel"],"acts_visited":["Exordium","TheCity","TheBeyond"],"potions_floor_usage":[5,8,11,14,14,16,16,16,20,20,21,23,25,28,30,32,39,39,45,50],"damage_taken":[{"damage":1,"enemies":"Small Slimes","floor":2,"turns":4},{"damage":21,"enemies":"3 Sentries","floor":5,"turns":8},{"damage":4,"enemies":"Jaw Worm","floor":7,"turns":8},{"damage":0,"enemies":"downfall:FleeingMerchant","floor":8,"turns":4},{"damage":0,"enemies":"downfall:FleeingMerchant","floor":9,"turns":4},{"damage":22,"enemies":"Gremlin Nob","floor":10,"turns":4},{"damage":7,"enemies":"Jaw Worm","floor":11,"turns":6},{"damage":0,"enemies":"Cultist","floor":13,"turns":2},{"damage":36,"enemies":"The Mushroom Lair","floor":14,"turns":6},{"damage":7,"enemies":"2 Fungi Beasts","floor":15,"turns":3},{"damage":26,"enemies":"downfall:Watcher","floor":16,"turns":9},{"damage":23,"enemies":"Chosen","floor":19,"turns":6},{"damage":20,"enemies":"downfall:FleeingMerchant","floor":20,"turns":4},{"damage":4,"enemies":"conspire:FuzzyDice","floor":21,"turns":5},{"damage":41,"enemies":"Cultist and Chosen","floor":23,"turns":7},{"damage":29,"enemies":"Gremlin Leader","floor":25,"turns":6},{"damage":9,"enemies":"Snake Plant","floor":28,"turns":5},{"damage":35,"enemies":"Centurion and Healer","floor":29,"turns":9},{"damage":20,"enemies":"Shelled Parasite and Fungi","floor":30,"turns":4},{"damage":12,"enemies":"3 Cultists","floor":31,"turns":4},{"damage":26,"enemies":"Centurion and Healer","floor":32,"turns":5},{"damage":27,"enemies":"downfall:Defect","floor":33,"turns":8},{"damage":9,"enemies":"3 Shapes","floor":36,"turns":3},{"damage":13,"enemies":"Orb Walker","floor":38,"turns":3},{"damage":0,"enemies":"downfall:FleeingMerchant","floor":39,"turns":3},{"damage":46,"enemies":"Nemesis","floor":43,"turns":5},{"damage":0,"enemies":"Nemesis","floor":45,"turns":2},{"damage":13,"enemies":"Transient","floor":46,"turns":5},{"damage":45,"enemies":"Writhing Mass","floor":48,"turns":5},{"damage":16,"enemies":"Spire Growth","floor":49,"turns":3},{"damage":36,"enemies":"downfall:Silent","floor":50,"turns":3}],"seed_played":"6884423312324185334","potions_obtained":[{"floor":2,"key":"Regen Potion"},{"floor":3,"key":"FairyPotion"},{"floor":7,"key":"FearPotion"},{"floor":8,"key":"Block Potion"},{"floor":9,"key":"Milkshake"},{"floor":10,"key":"Regen Potion"},{"floor":11,"key":"conspire:TimeTravelPotion"},{"floor":11,"key":"PowerPotion"},{"floor":14,"key":"hexamod:EctoCoolerPotion"},{"floor":15,"key":"Regen Potion"},{"floor":15,"key":"Adrenaline Potion"},{"floor":16,"key":"EssenceOfSteel"},{"floor":19,"key":"ColorlessPotion"},{"floor":19,"key":"PowerPotion"},{"floor":20,"key":"DistilledChaos"},{"floor":21,"key":"PowerPotion"},{"floor":23,"key":"LiquidMemories"},{"floor":25,"key":"Venom Potion"},{"floor":28,"key":"Fruit Juice"},{"floor":29,"key":"Elixir"},{"floor":31,"key":"Weak Potion"},{"floor":38,"key":"SneckoOil"},{"floor":43,"key":"SkillPotion"},{"floor":49,"key":"BlessingOfTheForge"}],"is_trial":false,"path_per_floor":["R","M","?","R","E","$","MIM","$","$","E","M","?","M","?","M","B",null,"R","M","$","M","R","M","T","E","?","R","M","M","M","M","M","B",null,"R","M","R","M","$","R","T","R","E","R","?","M","?","M","M","B"],"character_chosen":"THE_SPIRIT","items_purchased":["MealTicket","hubris:KleinBottle","hexamod:Incineration","hexamod:ExtraCrispy","hexamod:Hexaguard","hexamod:SoulSteal","hexamod:RadiantFlame","Lee\u0027s Waffle","hexamod:RainOfEmbers","hubris:MedicalManual","MerchantsRug"],"campfire_rested":3,"item_purchase_floors":[6,6,8,8,8,20,39,39,39,39,39],"current_hp_per_floor":[70,69,41,62,56,27,33,48,70,58,70,70,70,44,54,68,70,80,67,77,80,80,54,54,32,32,56,74,95,89,95,91,71,95,95,93,93,80,102,102,102,102,56,86,86,102,102,64,48,0,0],"gold":654,"neow_bonus":"RANDOM_COLORLESS","is_daily":false,"chose_seed":false,"campfire_upgraded":6,"win_rate":0.0,"timestamp":1608267556,"path_taken":["R","M","?","R","E","?","MIM","$","$","E","?","?","M","?","M","BOSS","R","M","$","M","R","M","T","E","?","R","M","M","M","M","M","BOSS","R","M","R","M","$","R","T","R","E","R","?","?","?","?","M","BOSS"],"items_purchased_type":["Relic","Relic","Card","Card","Card","Card","Card","Relic","Card","Relic","Relic"],"build_version":"2020-12-13","purchased_purges":0,"victory":false,"max_hp_per_floor":[70,70,70,70,70,70,70,70,70,70,70,70,70,70,70,70,70,80,80,80,80,80,80,80,80,80,80,85,95,95,95,95,95,95,95,95,95,95,102,102,102,102,102,102,102,102,102,102,102,102,102],"relic_stats":{"counters":[31,161],"Bronze Scales":[67],"MealTicket":58,"Letter Opener":[93],"obtain_stats":[{"downfall:HeartBlessingGreen":18,"aspiration:PoetsPen_weak":17,"jedi:battlestandard":17,"downfall:GremlinWheel":45,"downfall:HeartBlessingBlue":18,"hubris:AstralHammer":24,"hubris:ScarierMask":34,"MealTicket":6,"infinitespire:Golems Mask":43,"hexamod:SpiritBrand":0,"hubris:KleinBottle":6,"MerchantsRug":39,"Lee\u0027s Waffle":39,"Replay:Fungal Core":17,"downfall:HeartBlessingRed":27,"Replay:Grab Bag":17,"hexamod:TheBrokenSeal":29,"hubris:HollowSoul":17,"hubris:MedicalManual":39,"Letter Opener":10,"Odd Mushroom":14,"hubris:Zylophone":25,"Bronze Scales":41,"aspiration:HatOfInfinitePower":5,"infinitespire:Midas Blood":3},{"downfall:HeartBlessingGreen":11,"aspiration:PoetsPen_weak":11,"jedi:battlestandard":11,"downfall:GremlinWheel":27,"downfall:HeartBlessingBlue":11,"hubris:AstralHammer":15,"hubris:ScarierMask":22,"MealTicket":2,"infinitespire:Golems Mask":26,"hexamod:SpiritBrand":0,"hubris:KleinBottle":2,"MerchantsRug":25,"Lee\u0027s Waffle":25,"Replay:Fungal Core":11,"downfall:HeartBlessingRed":16,"Replay:Grab Bag":11,"hexamod:TheBrokenSeal":18,"hubris:HollowSoul":11,"hubris:MedicalManual":25,"Letter Opener":6,"Odd Mushroom":9,"hubris:Zylophone":16,"Bronze Scales":25,"aspiration:HatOfInfinitePower":2,"infinitespire:Midas Blood":1},{"downfall:HeartBlessingGreen":58,"aspiration:PoetsPen_weak":58,"jedi:battlestandard":58,"downfall:GremlinWheel":137,"downfall:HeartBlessingBlue":58,"hubris:AstralHammer":80,"hubris:ScarierMask":121,"MealTicket":12,"infinitespire:Golems Mask":135,"hexamod:SpiritBrand":0,"hubris:KleinBottle":12,"MerchantsRug":130,"Lee\u0027s Waffle":130,"Replay:Fungal Core":58,"downfall:HeartBlessingRed":86,"Replay:Grab Bag":58,"hexamod:TheBrokenSeal":100,"hubris:HollowSoul":58,"hubris:MedicalManual":130,"Letter Opener":32,"Odd Mushroom":46,"hubris:Zylophone":86,"Bronze Scales":130,"aspiration:HatOfInfinitePower":12,"infinitespire:Midas Blood":4}]},"card_choices":[{"not_picked":["expansioncontent:DonusPower","ReplayTheSpireMod:Uncanny Aura"],"picked":"expansioncontent:ChargeUp","floor":0},{"not_picked":["hexamod:RainOfEmbers","hexamod:InspiringFlames"],"picked":"hexamod:Incineration","floor":2},{"not_picked":["hexamod:GhostLash","hexamod:AdvancingGuard"],"picked":"hexamod:FourthSeal","floor":3},{"not_picked":["hexamod:AdvancingGuard","hexamod:InspiringFlames"],"picked":"hexamod:ParanormalForm","floor":5},{"not_picked":["ReplayTheSpireMod:Haul","infinitespire:Collect"],"picked":"infinitespire:Starlight","floor":6},{"not_picked":["hexamod:RainOfEmbers","hexamod:NecessarySacrifice"],"picked":"hexamod:PhantomFireball","floor":7},{"not_picked":["hexamod:BurningTouch","hexamod:GhostLash"],"picked":"hexamod:HeatMetal","floor":8},{"not_picked":["hexamod:FastForward","hexamod:Hexaguard"],"picked":"hexamod:PhantomCloak","floor":9},{"not_picked":["hexamod:GhostShield","hexamod:ExtraCrispy"],"picked":"hexamod:SixthSeal","floor":10},{"not_picked":["hexamod:ShieldOfDarkness","hexamod:BacktrackSmack"],"picked":"hexamod:FirstSeal","floor":11},{"not_picked":["hexamod:AdvancingGuard","hexamod:BacktrackSmack"],"picked":"hexamod:HeatCrush","floor":13},{"not_picked":["hexamod:FastForward","hexamod:EmpoweringStance"],"picked":"hexamod:Again","floor":14},{"not_picked":["hexamod:InspiringFlames","hexamod:Firestarter"],"picked":"hexamod:GhostShield","floor":15},{"not_picked":["hexamod:WildfireWeapon","hexamod:HexaLevel"],"picked":"hexamod:FifthSeal","floor":16},{"not_picked":["hexamod:SixthSeal","hexamod:FourthSeal"],"picked":"hexamod:ThirdSeal","floor":19},{"not_picked":["hexamod:SpectersWail","hexamod:FastForward"],"picked":"hexamod:ThermalTransfer","floor":19},{"not_picked":["hexamod:PhantomFireball","hexamod:GhostOfSpireFuture"],"picked":"hexamod:DynamicBlow","floor":20},{"not_picked":["hexamod:GhostLash","hexamod:HauntingEcho"],"picked":"hexamod:FastForward","floor":20},{"not_picked":["hexamod:ThirdSeal","hexamod:FourthSeal"],"picked":"hexamod:SixthSeal","floor":21},{"not_picked":["hexamod:CrushingStance","hexamod:GhostOfSpireFuture+1"],"picked":"hexamod:EtherealExpedition","floor":21},{"not_picked":["hexamod:SwordOfDarkness","hexamod:NightmareGuise"],"picked":"hexamod:ExtraCrispy","floor":21},{"not_picked":["hexamod:InspiringFlames","hexamod:GhostLash+1"],"picked":"hexamod:SwordOfDarkness","floor":23},{"not_picked":["hexamod:BacktrackSmack","hexamod:Hexaguard"],"picked":"hexamod:UnleashSpirits","floor":23},{"not_picked":["hexamod:GhostShield","hexamod:HeatCrush"],"picked":"hexamod:HeatShield","floor":25},{"not_picked":["hexamod:Haunt","hexamod:ChargedBarrage+1"],"picked":"hexamod:FifthSeal","floor":25},{"not_picked":["hexamod:NightmareStrike","hexamod:NightmareGuise+1"],"picked":"hexamod:Firestarter","floor":28},{"not_picked":["hexamod:FourthSeal","hexamod:SixthSeal"],"picked":"hexamod:FirstSeal","floor":28},{"not_picked":["hexamod:FourthSeal","hexamod:FirstSeal"],"picked":"hexamod:SecondSeal","floor":28},{"not_picked":["hexamod:GhostOfSpirePresent+1","hexamod:AdvancingGuard+1"],"picked":"hexamod:SecondSeal","floor":28},{"not_picked":["hexamod:ThirdSeal","hexamod:SecondSeal"],"picked":"hexamod:FirstSeal","floor":29},{"not_picked":["hexamod:HauntingEcho","hexamod:SkipABeat"],"picked":"hexamod:PhantomFireball+1","floor":29},{"not_picked":["hexamod:NightmareGuise","hexamod:GhostOfSpirePast"],"picked":"hexamod:FlamesFromBeyond","floor":29},{"not_picked":["hexamod:HauntingEcho","hexamod:BurningTouch"],"picked":"hexamod:FirstSeal","floor":30},{"not_picked":["hexamod:FourthSeal","hexamod:SecondSeal"],"picked":"hexamod:SixthSeal","floor":31},{"not_picked":["hexamod:AdvancingGuard","hexamod:InspiringFlames"],"picked":"hexamod:BacktrackSmack+1","floor":31},{"not_picked":["hexamod:FirstSeal","hexamod:ThirdSeal"],"picked":"hexamod:SixthSeal","floor":32},{"not_picked":["hexamod:SwordOfDarkness","hexamod:GhostLash"],"picked":"hexamod:ChargedBarrage+1","floor":32},{"not_picked":["hexamod:SecondSeal","hexamod:FourthSeal"],"picked":"hexamod:SixthSeal","floor":33},{"not_picked":["hexamod:HexaLevel","hexamod:TimeWarp"],"picked":"hexamod:VolcanoVisage","floor":33},{"not_picked":["hexamod:SecondSeal","hexamod:FirstSeal"],"picked":"hexamod:SixthSeal","floor":36},{"not_picked":["hexamod:AdvancingGuard","hexamod:SwordOfDarkness"],"picked":"hexamod:DynamicBlow+1","floor":36},{"not_picked":["hexamod:GhostOfSpirePresent","hexamod:Again+1"],"picked":"hexamod:RecurringNightmare+1","floor":38},{"not_picked":["hexamod:HauntingEcho","hexamod:RadiantFlame+1"],"picked":"hexamod:WildfireWeapon","floor":39},{"not_picked":["hexamod:SecondSeal","hexamod:FourthSeal"],"picked":"hexamod:FirstSeal","floor":43},{"not_picked":["hexamod:NightmareStrike+1","hexamod:GhostLash"],"picked":"hexamod:GhostShield+1","floor":43},{"not_picked":["hexamod:InspiringFlames","hexamod:GhostLash+1"],"picked":"hexamod:Hexaguard+1","floor":46},{"not_picked":["hexamod:SecondSeal","hexamod:FourthSeal"],"picked":"hexamod:FirstSeal","floor":48},{"not_picked":["hexamod:BacktrackSmack","hexamod:NightmareGuise"],"picked":"hexamod:SoulSteal","floor":48},{"not_picked":["hexamod:NightmareStrike","hexamod:RetreatToShadows"],"picked":"hexamod:Again+1","floor":49}],"player_experience":873165,"relics_obtained":[{"floor":3,"key":"infinitespire:Midas Blood"},{"floor":5,"key":"aspiration:HatOfInfinitePower"},{"floor":10,"key":"Letter Opener"},{"floor":14,"key":"Odd Mushroom"},{"floor":24,"key":"hubris:AstralHammer"},{"floor":25,"key":"hubris:Zylophone"},{"floor":41,"key":"Bronze Scales"},{"floor":43,"key":"infinitespire:Golems Mask"},{"floor":45,"key":"downfall:GremlinWheel"}],"event_choices":[{"damage_healed":0,"gold_gain":0,"player_choice":"Invest 1","damage_taken":0,"max_hp_gain":0,"max_hp_loss":0,"event_name":"conspire:Investor","floor":12,"gold_loss":0},{"damage_healed":0,"gold_gain":0,"player_choice":"Fought Mushrooms","damage_taken":0,"max_hp_gain":0,"max_hp_loss":0,"event_name":"Mushrooms","floor":14,"gold_loss":0}],"is_beta":false,"boss_relics":[{"not_picked":["Replay:Bronze Core","conspire:RunicOctahedron"],"picked":"Replay:Grab Bag"},{"not_picked":["hubris:TerracottaHorce","ReplayTheSpireMod:DimensionalGlitch"],"picked":"jedi:battlestandard"},{"not_picked":["Sozu","conspire:SlowCooker"],"picked":"Replay:Fungal Core"},{"not_picked":["aspiration:MobileForge","aspiration:RitualDagger"],"picked":"aspiration:PoetsPen_weak"},{"not_picked":["aspiration:MarisaSkillbook","aspiration:RunicSpoon"],"picked":"hubris:HollowSoul"},{"not_picked":["aspiration:WatcherSkillbook","hubris:Stopwatch"],"picked":"hubris:ScarierMask"}],"items_purged_floors":[],"is_endless":false,"potions_floor_spawned":[2,11,13,15,19,29,31,38,43,49],"killed_by":"downfall:Silent","ascension_level":0}}