{"host":"x5a6cvihdukvwm3n","time":1608294136,"event":{"mods":["AlwaysNeverKeys","Aspiration","BaseMod","Beaked The Cultist","BetterRewards","Colored Map","Colored Powertips","Conspire","Curses Come First","Downfall","Friendly Minions","GifTheSpireLib","Gremlin Mod","Halation","Highlight Path","Hubris","Minty Spire (QoL Compilation)","Replay The Spire","Shop Mod","StSLib","Stuff the Spire","SuperFastMode","Synergy Search","Td1madao Mod","The Bladedancer","The Construct","The Disciple","The Jungle","The Servant 0.9.4","vexMod"],"gold_per_floor":[114,125,200,200,212,240,259,286,309,341,341,516,516,516,516,516,516],"floor_reached":16,"playtime":718,"items_purged":[],"score":118,"play_id":"60eb2775-e32c-4814-b2ff-73a5df34c3fe","local_time":"20201218132216","is_ascension_mode":false,"campfire_choices":[{"data":"beaked:Ceremony","floor":11,"key":"SMITH"},{"data":"Doubt","floor":13,"key":"PURGE"},{"data":"beaked:Ceremony","floor":15,"key":"SMITH"}],"circlet_count":0,"master_deck":["beaked:Strike_Y","beaked:Strike_Y","beaked:Strike_Y","beaked:Strike_Y","beaked:Strike_Y","beaked:Strike_Y","beaked:Defend_Y","beaked:Defend_Y","beaked:Defend_Y","beaked:Defend_Y","beaked:Ceremony+1","beaked:Ceremony+1","beaked:Ceremony+1","beaked:SurvivalInstinct","beaked:MachineSpirit","beaked:Foresight","beaked:Daydream"],"relics":["beaked:MendingPlumage","Peace Pipe","Bird Faced Urn","halation:Toothbrush","Simple Rune","conspire:Dentures"],"acts_visited":["Exordium"],"potions_floor_usage":[8,10,16],"damage_taken":[{"damage":6,"enemies":"Jaw Worm","floor":1,"turns":6},{"damage":6,"enemies":"Small Slimes","floor":2,"turns":6},{"damage":18,"enemies":"Cultist","floor":5,"turns":6},{"damage":16,"enemies":"Lagavulin","floor":6,"turns":7},{"damage":6,"enemies":"Exordium Wildlife","floor":7,"turns":8},{"damage":63,"enemies":"Gremlin Nob","floor":8,"turns":7},{"damage":31,"enemies":"Lagavulin","floor":10,"turns":9},{"damage":40,"enemies":"The Guardian","floor":16,"turns":4}],"seed_played":"477839676223137448","potions_obtained":[{"floor":6,"key":"Guardian:BlockOnCardUsePotion"},{"floor":7,"key":"Regen Potion"},{"floor":8,"key":"Reflective Coating"}],"is_trial":false,"path_per_floor":["M","M","?","?","M","E","M","E","T","E","R","?","R","?","R","B"],"character_chosen":"BEAKED_THE_CULTIST","items_purchased":[],"campfire_rested":0,"item_purchase_floors":[],"current_hp_per_floor":[50,50,39,39,34,39,50,2,2,21,21,21,24,24,24,0,0],"gold":516,"neow_bonus":"UPGRADE_CARD","is_daily":false,"chose_seed":false,"campfire_upgraded":2,"win_rate":0.0,"timestamp":1608294136,"path_taken":["M","M","?","?","M","E","?","E","T","E","R","?","R","?","R","BOSS"],"items_purchased_type":[],"build_version":"2020-12-13","purchased_purges":0,"victory":false,"max_hp_per_floor":[50,50,50,50,50,50,50,50,50,50,50,50,53,53,53,53,53],"card_choices":[{"not_picked":["beaked:Cower","beaked:BraceForImpact"],"picked":"beaked:SurvivalInstinct","floor":1},{"not_picked":["beaked:Redirect","beaked:Flinch"],"picked":"beaked:Foresight","floor":2},{"not_picked":["beaked:Molting","ReplayTheSpireMod:Wings of Steel"],"picked":"beaked:MachineSpirit","floor":5},{"not_picked":["beaked:Mantra","beaked:WarriorSpirit"],"picked":"beaked:Foresight","floor":6},{"not_picked":["beaked:Cower","beaked:CursingBlood","beaked:Daydream"],"picked":"SKIP","floor":7},{"not_picked":["beaked:Evade","beaked:Devastation"],"picked":"beaked:Daydream","floor":8},{"not_picked":["beaked:DarkTribute","beaked:TuckingFeathers","beaked:Recite"],"picked":"SKIP","floor":10}],"player_experience":272081,"relics_obtained":[{"floor":6,"key":"Bird Faced Urn"},{"floor":8,"key":"halation:Toothbrush"},{"floor":9,"key":"Simple Rune"},{"floor":10,"key":"conspire:Dentures"}],"event_choices":[{"damage_healed":0,"gold_gain":75,"player_choice":"Gather Gold","damage_taken":11,"max_hp_gain":0,"max_hp_loss":0,"event_name":"World of Goop","floor":3,"gold_loss":0},{"cards_removed":["beaked:Foresight"],"damage_healed":0,"gold_gain":0,"player_choice":"Gave Card","damage_taken":0,"relics_obtained":["Peace Pipe"],"max_hp_gain":0,"max_hp_loss":0,"event_name":"WeMeetAgain","floor":4,"gold_loss":0},{"damage_healed":0,"gold_gain":175,"player_choice":"AGREE","damage_taken":0,"max_hp_gain":0,"max_hp_loss":0,"event_name":"Liars Game","floor":12,"gold_loss":0,"cards_obtained":["Doubt"]}],"is_beta":false,"boss_relics":[],"items_purged_floors":[],"is_endless":false,"potions_floor_spawned":[6,7,8],"killed_by":"The Guardian","ascension_level":0}}