{"host":"48v21mwuis3vmwwb","time":1608277218,"event":{"mods":["AchievementEnabler","BaseMod","Colored Map","Colored Powertips","Highlight Path","Minty Spire (QoL Compilation)","Rare Cards Sparkle"],"gold_per_floor":[118,118,128,142,156,156,189,209,209,209,219,69,104,19,19,116,116,134,134,153,169,180,180,180],"floor_reached":23,"playtime":2284,"items_purged":[],"score":205,"play_id":"ed9a713e-7d11-42c8-abb3-18a27f410f7e","local_time":"20201218184018","is_ascension_mode":false,"campfire_choices":[{"floor":6,"key":"REST"},{"floor":15,"key":"REST"}],"circlet_count":0,"master_deck":["Strike_G","Strike_G","Strike_G","Strike_G","Strike_G","Defend_G+1","Defend_G","Defend_G","Defend_G+1","Defend_G","Neutralize","Blade Dance","Backflip","Skewer","Endless Agony","Slice","Deflect","Parasite","Dagger Spray","Corpse Explosion","Bandage Up","A Thousand Cuts","Flying Knee","Prepared","Bouncing Flask+1","Choke"],"relics":["Ring of the Snake","Oddly Smooth Stone","Happy Flower","Letter Opener","HandDrill","Ginger","Velvet Choker"],"acts_visited":["Exordium","TheCity"],"potions_floor_usage":[11,16,22],"damage_taken":[{"damage":1,"enemies":"Small Slimes","floor":1,"turns":5},{"damage":5,"enemies":"Jaw Worm","floor":3,"turns":4},{"damage":0,"enemies":"Cultist","floor":4,"turns":3},{"damage":8,"enemies":"3 Louse","floor":5,"turns":3},{"damage":17,"enemies":"Gremlin Nob","floor":7,"turns":4},{"damage":7,"enemies":"Looter","floor":8,"turns":2},{"damage":3,"enemies":"Red Slaver","floor":11,"turns":2},{"damage":3,"enemies":"3 Sentries","floor":13,"turns":5},{"damage":69,"enemies":"Slime Boss","floor":16,"turns":9},{"damage":8,"enemies":"Shell Parasite","floor":18,"turns":6},{"damage":26,"enemies":"2 Thieves","floor":20,"turns":3},{"damage":18,"enemies":"3 Cultists","floor":21,"turns":3},{"damage":26,"enemies":"Centurion and Healer","floor":22,"turns":6},{"damage":21,"enemies":"Slavers","floor":23,"turns":1}],"seed_played":"7946311959652119863","potions_obtained":[{"floor":1,"key":"LiquidMemories"},{"floor":3,"key":"EntropicBrew"},{"floor":11,"key":"Fruit Juice"},{"floor":16,"key":"CunningPotion"},{"floor":18,"key":"SmokeBomb"},{"floor":22,"key":"SpeedPotion"}],"is_trial":false,"path_per_floor":["M","?","M","M","M","R","E","M","T","?","M","$","E","$","R","B",null,"M","?","M","M","M","E"],"character_chosen":"THE_SILENT","items_purchased":["HandDrill","Bandage Up"],"campfire_rested":2,"item_purchase_floors":[12,14],"current_hp_per_floor":[69,55,50,50,42,63,46,39,39,56,58,58,55,55,75,10,75,67,67,45,31,9,0,0],"gold":180,"neow_bonus":"RANDOM_COMMON_RELIC","is_daily":false,"chose_seed":false,"campfire_upgraded":0,"win_rate":0.0,"timestamp":1608277218,"path_taken":["M","?","M","M","M","R","E","M","T","?","M","$","E","?","R","BOSS","M","?","M","M","?","E"],"items_purchased_type":["Relic","Card"],"build_version":"2020-12-13","purchased_purges":0,"victory":false,"max_hp_per_floor":[70,70,70,70,70,70,70,70,70,70,75,75,75,75,75,75,75,75,75,75,75,75,75,75],"card_choices":[{"not_picked":["Heel Hook","Prepared"],"picked":"Blade Dance","floor":1},{"not_picked":["Acrobatics","Dagger Throw"],"picked":"Backflip","floor":3},{"not_picked":["Sucker Punch","Outmaneuver"],"picked":"Skewer","floor":4},{"not_picked":["Flying Knee","Venomology"],"picked":"Endless Agony","floor":5},{"not_picked":["Riddle With Holes","Blur"],"picked":"Slice","floor":7},{"not_picked":["Skewer","Blade Dance"],"picked":"Deflect","floor":8},{"not_picked":["Prepared","Underhanded Strike"],"picked":"Dagger Spray","floor":11},{"not_picked":["Flechettes","Acrobatics"],"picked":"Corpse Explosion","floor":13},{"not_picked":["Unload","Corpse Explosion"],"picked":"A Thousand Cuts","floor":16},{"not_picked":["Acrobatics","Dodge and Roll"],"picked":"Flying Knee","floor":18},{"not_picked":["Well Laid Plans","PiercingWail"],"picked":"Prepared","floor":20},{"not_picked":["Dagger Throw","Poisoned Stab"],"picked":"Bouncing Flask+1","floor":21},{"not_picked":["Eviscerate","All Out Attack"],"picked":"Choke","floor":22}],"player_experience":78263,"relics_obtained":[{"floor":7,"key":"Happy Flower"},{"floor":9,"key":"Letter Opener"},{"floor":13,"key":"Ginger"}],"event_choices":[{"damage_healed":0,"gold_gain":0,"player_choice":"Entered Light","damage_taken":14,"max_hp_gain":0,"max_hp_loss":0,"event_name":"Shining Light","floor":2,"gold_loss":0,"cards_upgraded":["Defend_G","Defend_G"]},{"damage_healed":17,"gold_gain":0,"player_choice":"Healed and dodged fight","damage_taken":0,"max_hp_gain":0,"max_hp_loss":0,"event_name":"Mushrooms","floor":10,"gold_loss":0,"cards_obtained":["Parasite"]},{"cards_removed":["Survivor"],"damage_healed":0,"gold_gain":0,"player_choice":"Offered Basic","damage_taken":0,"max_hp_gain":0,"max_hp_loss":0,"event_name":"Bonfire Elementals","floor":19,"gold_loss":0}],"is_beta":false,"boss_relics":[{"not_picked":["SlaversCollar","Coffee Dripper"],"picked":"Velvet Choker"}],"items_purged_floors":[],"is_endless":false,"potions_floor_spawned":[1,3,11,16,18,22],"killed_by":"Slavers","ascension_level":0}}