{"host":"wdiovb6uv7szux0m","time":1608326676,"event":{"mods":["BaseMod","Minty Spire (QoL Compilation)","StSLib","The Bug Knight","The Druid"],"gold_per_floor":[111,111,186,200,214,249,274,274,274,317,317,57,70,84,84,212,212,230,249,6,6,6,6,6,27,27,61,86,86,107,17,17,143,143,156,489,489,489,149,149,149],"floor_reached":40,"playtime":4575,"items_purged":["Injury","Defend_R"],"score":489,"play_id":"d585f641-d23c-44e4-9c47-affd15c9ceae","local_time":"20201218122436","is_ascension_mode":false,"campfire_choices":[{"data":"Bludgeon","floor":8,"key":"SMITH"},{"data":"Metallicize","floor":11,"key":"SMITH"},{"data":"Demon Form","floor":15,"key":"SMITH"},{"data":"Bite","floor":23,"key":"SMITH"},{"floor":32,"key":"REST"}],"circlet_count":0,"master_deck":["Defend_R","Defend_R","Bludgeon+1","Sword Boomerang","Metallicize+1","Iron Wave","Whirlwind","Thunderclap","Flex","Demon Form+1","Flex","Offering","Heavy Blade","Demon Form","Sword Boomerang+1","Anger+1","Metallicize","Heavy Blade","Bite+1","Bite","Bite","Bite","Bite","Metallicize","Shrug It Off+1","Dropkick+1","Spot Weakness","Seeing Red+1","Dramatic Entrance","Double Tap+1","Shrug It Off+1","Madness","Madness","Madness+1","Flex","Metallicize"],"relics":["Burning Blood","StrikeDummy","HornCleat","Letter Opener","Velvet Choker","Bag of Marbles","Enchiridion","Eternal Feather","Dead Branch","Empty Cage","War Paint"],"acts_visited":["Exordium","TheCity","TheBeyond"],"potions_floor_usage":[6,16,16,27,27,33],"damage_taken":[{"damage":6,"enemies":"Jaw Worm","floor":1,"turns":4},{"damage":1,"enemies":"2 Louse","floor":4,"turns":3},{"damage":3,"enemies":"Small Slimes","floor":5,"turns":2},{"damage":10,"enemies":"Lagavulin","floor":6,"turns":7},{"damage":0,"enemies":"3 Louse","floor":7,"turns":1},{"damage":14,"enemies":"3 Sentries","floor":10,"turns":7},{"damage":16,"enemies":"Large Slime","floor":13,"turns":2},{"damage":2,"enemies":"Blue Slaver","floor":14,"turns":2},{"damage":35,"enemies":"Hexaghost","floor":16,"turns":9},{"damage":8,"enemies":"Shell Parasite","floor":18,"turns":4},{"damage":0,"enemies":"Spheric Guardian","floor":19,"turns":3},{"damage":8,"enemies":"Snecko","floor":25,"turns":4},{"damage":43,"enemies":"Book of Stabbing","floor":27,"turns":5},{"damage":14,"enemies":"Shelled Parasite and Fungi","floor":28,"turns":3},{"damage":16,"enemies":"Colosseum Slavers","floor":29,"turns":3},{"damage":8,"enemies":"Centurion and Healer","floor":30,"turns":4},{"damage":17,"enemies":"Collector","floor":33,"turns":7},{"damage":0,"enemies":"Orb Walker","floor":35,"turns":1},{"damage":72,"enemies":"Giant Head","floor":40,"turns":8}],"seed_played":"1538166366911549587","potions_obtained":[{"floor":4,"key":"DistilledChaos"},{"floor":5,"key":"Swift Potion"},{"floor":10,"key":"Fire Potion"},{"floor":18,"key":"BloodPotion"},{"floor":25,"key":"Swift Potion"},{"floor":30,"key":"DuplicationPotion"},{"floor":33,"key":"Dexterity Potion"}],"is_trial":false,"path_per_floor":["M","?","?","M","M","E","M","R","T","E","R","$","M","M","R","B",null,"M","M","$","?","?","R","?","M","T","E","M","?","M","$","R","B",null,"M","?","?","?","$","E"],"character_chosen":"IRONCLAD","items_purchased":["Demon Form","Flex","Metallicize","Bag of Marbles","Heavy Blade","Dramatic Entrance","Flex","Metallicize","War Paint"],"campfire_rested":1,"item_purchase_floors":[12,12,20,20,20,31,39,39,39],"current_hp_per_floor":[80,80,69,74,77,73,79,79,79,71,71,71,61,65,65,36,80,78,80,80,56,40,40,40,43,43,24,19,16,21,21,55,47,56,56,56,49,49,49,0,0],"gold":149,"neow_bonus":"ONE_RANDOM_RARE_CARD","is_daily":false,"chose_seed":false,"campfire_upgraded":4,"win_rate":0.0,"timestamp":1608326676,"path_taken":["M","?","?","M","M","E","M","R","T","E","R","$","M","M","R","BOSS","M","M","$","?","?","R","?","M","T","E","M","?","M","$","R","BOSS","M","?","?","?","?","E"],"items_purchased_type":["Card","Card","Card","Relic","Card","Card","Card","Card","Relic"],"build_version":"2020-12-13","purchased_purges":2,"victory":false,"max_hp_per_floor":[80,80,80,80,80,80,80,80,80,80,80,80,80,80,80,80,80,80,80,80,56,56,56,56,56,56,56,56,56,56,56,56,56,56,56,56,56,56,56,56,56],"card_choices":[{"not_picked":["Twin Strike","Second Wind"],"picked":"Sword Boomerang","floor":1},{"not_picked":["Clothesline","Iron Wave"],"picked":"Metallicize","floor":4},{"not_picked":["Anger","Shrug It Off"],"picked":"Iron Wave","floor":5},{"not_picked":["Shrug It Off","Clothesline"],"picked":"Whirlwind","floor":6},{"not_picked":["Bloodletting","Carnage"],"picked":"Thunderclap","floor":7},{"not_picked":["Clothesline","Havoc"],"picked":"Flex","floor":10},{"not_picked":["Warcry","Clothesline"],"picked":"Offering","floor":13},{"not_picked":["Body Slam","Warcry"],"picked":"Heavy Blade","floor":14},{"not_picked":["Feed","Immolate"],"picked":"Demon Form","floor":16},{"not_picked":["Perfected Strike","Spot Weakness"],"picked":"Sword Boomerang+1","floor":18},{"not_picked":["Warcry","Heavy Blade"],"picked":"Anger+1","floor":19},{"not_picked":["Berserk","Warcry"],"picked":"Shrug It Off+1","floor":25},{"not_picked":["Rage","True Grit"],"picked":"Dropkick+1","floor":27},{"not_picked":["Twin Strike","Dark Embrace"],"picked":"Spot Weakness","floor":28},{"not_picked":["Body Slam","Evolve+1"],"picked":"Seeing Red+1","floor":30},{"not_picked":["Juggernaut","Immolate"],"picked":"Double Tap","floor":33},{"not_picked":["Warcry","Clash"],"picked":"Shrug It Off+1","floor":35},{"not_picked":["Mayhem","The Bomb"],"picked":"Madness","floor":38}],"player_experience":1501935,"relics_obtained":[{"floor":6,"key":"StrikeDummy"},{"floor":9,"key":"HornCleat"},{"floor":10,"key":"Letter Opener"},{"floor":22,"key":"Enchiridion"},{"floor":26,"key":"Eternal Feather"},{"floor":27,"key":"Dead Branch"}],"event_choices":[{"damage_healed":0,"gold_gain":0,"player_choice":"Take Wound","damage_taken":0,"relics_obtained":["Golden Idol"],"max_hp_gain":0,"max_hp_loss":0,"event_name":"Golden Idol","floor":2,"gold_loss":0,"cards_obtained":["Injury"]},{"damage_healed":0,"gold_gain":75,"player_choice":"Gather Gold","damage_taken":11,"max_hp_gain":0,"max_hp_loss":0,"event_name":"World of Goop","floor":3,"gold_loss":0},{"damage_healed":0,"gold_gain":0,"player_choice":"Became a vampire","damage_taken":0,"max_hp_gain":0,"max_hp_loss":24,"event_name":"Vampires","floor":21,"gold_loss":0,"cards_obtained":["Bite","Bite","Bite","Bite","Bite"]},{"damage_healed":0,"gold_gain":0,"player_choice":"Obtained Book","damage_taken":16,"max_hp_gain":0,"max_hp_loss":0,"event_name":"Cursed Tome","floor":22,"gold_loss":0},{"damage_healed":0,"gold_gain":0,"player_choice":"Read","damage_taken":0,"max_hp_gain":0,"max_hp_loss":0,"event_name":"The Library","floor":24,"gold_loss":0,"cards_obtained":["Metallicize"]},{"damage_healed":0,"gold_gain":0,"player_choice":"Fight","damage_taken":0,"max_hp_gain":0,"max_hp_loss":0,"event_name":"Colosseum","floor":29,"gold_loss":0},{"damage_healed":0,"gold_gain":0,"player_choice":"Fled From Nobs","damage_taken":0,"max_hp_gain":0,"max_hp_loss":0,"event_name":"Colosseum","floor":29,"gold_loss":0},{"damage_healed":0,"gold_gain":333,"player_choice":"Gave Idol","damage_taken":0,"max_hp_gain":0,"max_hp_loss":0,"event_name":"The Moai Head","floor":36,"relics_lost":["Golden Idol"],"gold_loss":0},{"damage_healed":0,"gold_gain":0,"player_choice":"Embrace Madness","damage_taken":7,"max_hp_gain":0,"max_hp_loss":0,"event_name":"Winding Halls","floor":37,"gold_loss":0,"cards_obtained":["Madness","Madness"]},{"damage_healed":0,"gold_gain":0,"player_choice":"Memory 1","damage_taken":0,"max_hp_gain":0,"max_hp_loss":0,"event_name":"SensoryStone","floor":38,"gold_loss":0}],"is_beta":false,"boss_relics":[{"not_picked":["Runic Dome","Tiny House"],"picked":"Velvet Choker"},{"not_picked":["Runic Pyramid","Calling Bell"],"picked":"Empty Cage"}],"items_purged_floors":[12,39],"is_endless":false,"potions_floor_spawned":[4,5,10,18,25,30,33],"killed_by":"Giant Head","ascension_level":0}}