{"host":"r6jigiblrojhp6xe","time":1608332772,"event":{"mods":["AchievementEnabler","BaseMod","DeckTracker","Minty Spire (QoL Compilation)","Quick Restart","Rare Cards Sparkle","Relic Stats","StSLib","SuperFastMode","everything is the same but u backflip on backflip"],"gold_per_floor":[115,115,115,128,128,158,158,190,214,214,225,237,162,179,179,250,250,264,264,22,34,51,51,77,87,87,137,137,137],"floor_reached":28,"playtime":441,"items_purged":[],"score":646,"play_id":"342a09b7-46ba-4de3-a4e9-ccaf19785b6e","local_time":"20201219080612","is_ascension_mode":true,"campfire_choices":[{"data":"Perfected Strike","floor":7.0,"key":"SMITH"},{"floor":10.0,"key":"DIG"},{"data":"Perfected Strike","floor":15.0,"key":"SMITH"},{"data":"Apotheosis","floor":23,"key":"SMITH"}],"circlet_count":0,"master_deck":["AscendersBane","Strike_R","Strike_R","Strike_R","Strike_R","Strike_R","Defend_R","Defend_R","Defend_R","Bash","Wild Strike","Perfected Strike+1","Offering","Bloodletting","Wild Strike","Perfected Strike+1","Feed","Apotheosis+1","Shrug It Off","Shrug It Off","Pommel Strike+1"],"relics":["Burning Blood","NeowsBlessing","Shovel","Pantograph","Happy Flower","Red Skull","Art of War","Runic Cube","Orichalcum","Kunai"],"acts_visited":["Exordium","TheCity"],"potions_floor_usage":[24,24,25],"damage_taken":[{"damage":0.0,"enemies":"Jaw Worm","floor":1.0,"turns":1.0},{"damage":0.0,"enemies":"2 Louse","floor":4.0,"turns":1.0},{"damage":0.0,"enemies":"3 Sentries","floor":6.0,"turns":2.0},{"damage":14.0,"enemies":"Gremlin Nob","floor":8.0,"turns":3.0},{"damage":0.0,"enemies":"Cultist","floor":11.0,"turns":2.0},{"damage":7.0,"enemies":"2 Fungi Beasts","floor":12.0,"turns":2.0},{"damage":36.0,"enemies":"Exordium Thugs","floor":14.0,"turns":4.0},{"damage":6.0,"enemies":"Slime Boss","floor":16.0,"turns":4.0},{"damage":32,"enemies":"3 Byrds","floor":18,"turns":4},{"damage":20,"enemies":"2 Thieves","floor":21,"turns":3},{"damage":6,"enemies":"Centurion and Healer","floor":22,"turns":4},{"damage":36,"enemies":"Gremlin Leader","floor":24,"turns":4},{"damage":10,"enemies":"Snecko","floor":25,"turns":3},{"damage":0,"enemies":"Snake Plant","floor":28,"turns":1}],"seed_played":"-7849997191062241482","potions_obtained":[{"floor":1.0,"key":"SteroidPotion"},{"floor":6.0,"key":"AttackPotion"},{"floor":8.0,"key":"HeartOfIron"},{"floor":14.0,"key":"EntropicBrew"},{"floor":25,"key":"SteroidPotion"}],"is_trial":false,"path_per_floor":["M","?","?","M","T","E","R","E","T","R","M","M","?","M","R","B",null,"M","?","$","M","M","R","E","M","T","?","M"],"character_chosen":"IRONCLAD","items_purchased":["Apotheosis","Shrug It Off"],"campfire_rested":0,"item_purchase_floors":[20,20],"current_hp_per_floor":[74,74,79,80,80,80,80,72,72,72,78,77,77,47,47,72,78,55,55,55,44,48,48,18,18,18,18,18,18],"gold":137,"neow_bonus":"THREE_ENEMY_KILL","is_daily":false,"chose_seed":false,"campfire_upgraded":3,"win_rate":0.0,"timestamp":1608332772,"path_taken":["M","?","?","M","?","E","R","E","T","R","M","M","?","M","R","BOSS","M","?","$","M","M","R","E","M","T","?","?"],"items_purchased_type":["Card","Card"],"build_version":"2020-12-13","purchased_purges":0,"victory":false,"max_hp_per_floor":[75,75,80,80,80,80,80,80,80,80,80,80,80,80,80,80,80,83,83,83,86,90,90,90,94,94,94,94,94],"relic_stats":{"Shovel":1,"Happy Flower":[10],"counters":[14,38],"Pantograph":25,"Art of War":[1],"Kunai":[0],"Orichalcum":[6],"obtain_stats":[{"Shovel":5,"NeowsBlessing":0,"Happy Flower":8,"Pantograph":6,"Art of War":10,"Kunai":26,"Orichalcum":24,"Burning Blood":0,"Red Skull":9,"Runic Cube":17},{"Shovel":2,"NeowsBlessing":0,"Happy Flower":4,"Pantograph":3,"Art of War":4,"Kunai":13,"Orichalcum":12,"Burning Blood":0,"Red Skull":4,"Runic Cube":8},{"Shovel":2,"NeowsBlessing":0,"Happy Flower":7,"Pantograph":4,"Art of War":7,"Kunai":37,"Orichalcum":34,"Burning Blood":0,"Red Skull":7,"Runic Cube":19}],"Burning Blood":67,"Runic Cube":[26]},"card_choices":[{"not_picked":["Second Wind","Heavy Blade"],"picked":"Wild Strike","floor":1.0},{"not_picked":["True Grit","Burning Pact"],"picked":"Perfected Strike","floor":4.0},{"not_picked":["Flex","Armaments"],"picked":"Offering","floor":6.0},{"not_picked":["Searing Blow","Demon Form","Rupture"],"picked":"SKIP","floor":8.0},{"not_picked":["Bloodletting","Rupture","Anger"],"picked":"SKIP","floor":11.0},{"not_picked":["Rupture","Anger"],"picked":"Bloodletting","floor":11.0},{"not_picked":["Second Wind","Thunderclap"],"picked":"Wild Strike","floor":12.0},{"not_picked":["Shrug It Off","Disarm"],"picked":"Perfected Strike","floor":14.0},{"not_picked":["Bludgeon","Berserk"],"picked":"Feed","floor":16.0},{"not_picked":["Thunderclap+1","Blood for Blood","Anger"],"picked":"SKIP","floor":18},{"not_picked":["Reckless Charge","Clash","Metallicize"],"picked":"SKIP","floor":21},{"not_picked":["Twin Strike","Armaments"],"picked":"Shrug It Off","floor":22},{"not_picked":["Iron Wave","Juggernaut","Armaments"],"picked":"SKIP","floor":24},{"not_picked":["Reckless Charge","Thunderclap"],"picked":"Pommel Strike+1","floor":25}],"player_experience":505427,"relics_obtained":[{"floor":5.0,"key":"Shovel"},{"floor":6.0,"key":"Pantograph"},{"floor":8.0,"key":"Happy Flower"},{"floor":9.0,"key":"Red Skull"},{"floor":10.0,"key":"Art of War"},{"floor":24,"key":"Orichalcum"},{"floor":26,"key":"Kunai"}],"event_choices":[{"damage_healed":0.0,"max_hp_gain":0.0,"max_hp_loss":0.0,"gold_gain":0.0,"event_name":"Liars Game","player_choice":"Ignored","floor":2.0,"gold_loss":0.0,"damage_taken":0.0},{"damage_healed":0.0,"max_hp_gain":5.0,"max_hp_loss":0.0,"gold_gain":0.0,"event_name":"Big Fish","player_choice":"Donut","floor":3.0,"gold_loss":0.0,"damage_taken":0.0},{"cards_removed":["Defend_R"],"damage_healed":0.0,"max_hp_gain":0.0,"max_hp_loss":0.0,"gold_gain":0.0,"event_name":"The Cleric","player_choice":"Card Removal","floor":13.0,"gold_loss":75.0,"damage_taken":0.0},{"damage_healed":0,"gold_gain":0,"player_choice":"Ignored","damage_taken":0,"max_hp_gain":0,"max_hp_loss":0,"event_name":"Ghosts","floor":19,"gold_loss":0},{"damage_healed":0,"gold_gain":50,"player_choice":"Stole From Cult","damage_taken":0,"max_hp_gain":0,"max_hp_loss":0,"event_name":"Nest","floor":27,"gold_loss":0}],"is_beta":false,"boss_relics":[{"not_picked":["Tiny House","Astrolabe"],"picked":"Runic Cube"}],"items_purged_floors":[],"is_endless":false,"potions_floor_spawned":[1,6,8,12,14,16,18,22,25],"killed_by":"Snake Plant","ascension_level":20}}