{"host":"0azimyi6n3ugndj4","time":1608299914,"event":{"mods":["BaseMod","Bestiary","Conspire","Curses Come First","Defuse TimeMaze Blight","Hyrulean Relics","Infinite Spire","Minty Spire (QoL Compilation)","Relic Sorter","Relic Stats","Replay The Spire","StSLib","SuperFastMode","Uncapped","¡¼?Úª?ø«¡½REMEMod"],"gold_per_floor":[99,99,99,99,158,246,246,353,353,402,234,280,430,495,495,495,495],"floor_reached":16,"playtime":234,"items_purged":[],"score":362,"play_id":"a5c84d03-70bf-4155-a1c3-2a9836e525c5","local_time":"20201218225834","daily_mods":["Draft","Hoarder","Chimera","Shiny","Specialized","Vintage","ControlledChaos","Allstar","Diverse","Colorless Cards","Heirloom","Time Dilation","Flight","Binary","Elite Swarm","Lethality","Midas","Binary"],"is_ascension_mode":true,"campfire_choices":[{"floor":15,"key":"REST"}],"circlet_count":0,"master_deck":["Demon Form","Wraith Form v2","Echo Form","DevaForm","AscendersBane","Bash","Survivor","Zap","Strike_R","Strike_G","Strike_B","Defend_R","Defend_G","Defend_P","Brilliance","Devotion","Replay:AllIn","LessonLearned","Vault","Alpha","Establishment","REME_WorshipGod","Replay:LoomingThreat","DeusExMachina","Judgement","ConjureBlade","REME_EmptyShield","MasterReality","Blasphemy","Ragnarok","REME_CRH","Scrawl","Wish","Omniscience","SpiritShield","DevaForm","Hyperbeam","REME_ForAll","Machine Learning","Buffer","Mirror Shield","Seek","Echo Form","All For One","Reboot","Fission","Core Surge","Multi-Cast","Thunder Strike","Biased Cognition","REME_Shoggoth","Electrodynamics","ReplayRNGCard","ReplayTheSpireMod:Omega Cannon","Rainbow","Meteor Strike","Amplify","Creative AI","REME_ShadowForm","ReplayTheSpireMod:Necrosis","Corpse Explosion","Die Die Die","Atom Bomb","ReplayTheSpireMod:From All Sides","Adrenaline","Envenom","Doppelganger","Burst","Wraith Form v2","REME_SpectralBlade","Tools of the Trade","REME_CopyPotion","After Image","Poison Darts","A Thousand Cuts","Venomology","Replay:Bag of Tricks","Malaise","Phantasmal Killer","Night Terror","infinitespire:Neurotoxin","Unload","REME_GrazeFinale","Bullet Time","Storm of Steel","Glass Knife","Grand Finale","Double Tap","Demon Form","REME_ACTH","Fiend Fire","Eclipse","conspire:Purge","Berserk","Impervious","Juggernaut","Brutality","Demonic Infusion","conspire:HitWhereItHurts","Exhume","Offering","REME_Fury","Bludgeon","Feed","Replay:Many Hands","Limit Break","Corruption","Barricade","Hemogenesis","REME_TheLastStrike","Reaper","Immolate","Thinking Ahead","Metamorphosis","Master of Strategy","Magnetism","Chrysalis","Mayhem","REME_PuzzleBox","Secret Weapon","Midas Touch","ReplayTheSpireMod:Brewmster","REME_AllRoundStrike","Poisoned Strike","Sadistic Nature","Replay:Dark Deal","REME_Flogging","ReplayUltimateDefense","Transmutation","REME_BattleFury","HandOfGreed","ReplayTheSpireMod:Necrogeddon","Apotheosis","Panache","Violence","Secret Technique","The Bomb","Crow Ritual","REME_BuildACard","REME_ProfessionalPlagiarism","JustLucky","JustLucky","JustLucky","JustLucky","JustLucky","JustLucky","JustLucky","JustLucky","JustLucky","JustLucky","JustLucky","JustLucky","JustLucky","JustLucky","JustLucky","Distraction","Distraction","Distraction","ThirdEye","ThirdEye","ThirdEye","Compile Driver","Compile Driver","Compile Driver","Gash","Gash","Gash","WheelKick","WheelKick","WheelKick","Flying Knee","Flying Knee","Flying Knee","Flex","Flex","Flex","JustLucky","JustLucky","JustLucky","Hidden Blade","Hidden Blade","Hidden Blade","Deflect","Deflect","Deflect","Warcry","Warcry","Warcry","Pummel","Pummel","Pummel","Ball Lightning","Ball Lightning","Ball Lightning","Redo","Redo","Redo","Prostrate","Prostrate","Prostrate","Mirror Shield","Mirror Shield","Mirror Shield","Genetic Algorithm","Genetic Algorithm","Genetic Algorithm","Doubt","Doubt","Doubt"],"relics":["Frozen Eye","Busted Crown","REME_ComplimentaryCards","Replay:Towering Pillar of Hats","Replay:M_SmolderingBlood","Golden Idol","ReplayTheSpireMod:Lightbulb","zeldaRelics:CourageTriforce","zeldaRelics:WisdomPiece","PreservedInsect","HandDrill","Prayer Wheel","Replay:Wax Seal","Odd Mushroom"],"acts_visited":["Exordium"],"potions_floor_usage":[16,16],"damage_taken":[{"damage":0,"enemies":"Jaw Worm","floor":5,"turns":1},{"damage":0,"enemies":"Lagavulin","floor":6,"turns":2},{"damage":17,"enemies":"3 Sentries","floor":8,"turns":3},{"damage":0,"enemies":"2 Louse","floor":10,"turns":1},{"damage":0,"enemies":"Cultist","floor":12,"turns":2},{"damage":2,"enemies":"The Mushroom Lair","floor":14,"turns":3},{"damage":46,"enemies":"Hexaghost","floor":16,"turns":3}],"seed_played":"5407619952129727875","potions_obtained":[{"floor":8,"key":"Weak Potion"},{"floor":10,"key":"SkillPotion"},{"floor":14,"key":"AttackPotion"}],"is_trial":true,"path_per_floor":["?","$","?","?","M","E","T","E","T","M","$","M","?","?","R","B"],"character_chosen":"WATCHER","items_purchased":["HandDrill"],"campfire_rested":1,"item_purchase_floors":[11],"current_hp_per_floor":[61,61,38,38,38,38,38,21,21,21,21,21,21,24,44,0,0],"gold":495,"neow_bonus":"","is_daily":false,"chose_seed":false,"campfire_upgraded":0,"win_rate":0.0,"timestamp":1608299914,"path_taken":["?","$","?","?","?","E","?","E","T","M","$","M","?","?","R","BOSS"],"items_purchased_type":["Relic"],"build_version":"2020-12-13","purchased_purges":0,"victory":false,"max_hp_per_floor":[68,68,68,68,68,68,68,68,68,68,68,68,68,68,68,68,68],"relic_stats":{"Busted Crown":6,"counters":[7,15],"Golden Idol":33,"Prayer Wheel":0,"PreservedInsect":0,"HandDrill":[0],"obtain_stats":[{"zeldaRelics:WisdomPiece":9,"Replay:Towering Pillar of Hats":0,"Golden Idol":3,"PreservedInsect":10,"Odd Mushroom":14,"zeldaRelics:CourageTriforce":8,"Frozen Eye":0,"Busted Crown":0,"Replay:M_SmolderingBlood":1,"Prayer Wheel":12,"zeldaRelics:CouragePiece":6,"HandDrill":11,"PureWater":0,"Replay:Wax Seal":12,"ReplayTheSpireMod:Lightbulb":5,"REME_ComplimentaryCards":0},{"zeldaRelics:WisdomPiece":3,"Replay:Towering Pillar of Hats":0,"Golden Idol":0,"PreservedInsect":4,"Odd Mushroom":6,"zeldaRelics:CourageTriforce":3,"Frozen Eye":0,"Busted Crown":0,"Replay:M_SmolderingBlood":0,"Prayer Wheel":5,"zeldaRelics:CouragePiece":2,"HandDrill":4,"PureWater":0,"Replay:Wax Seal":5,"ReplayTheSpireMod:Lightbulb":1,"REME_ComplimentaryCards":0},{"zeldaRelics:WisdomPiece":6,"Replay:Towering Pillar of Hats":0,"Golden Idol":0,"PreservedInsect":7,"Odd Mushroom":12,"zeldaRelics:CourageTriforce":6,"Frozen Eye":0,"Busted Crown":0,"Replay:M_SmolderingBlood":0,"Prayer Wheel":9,"zeldaRelics:CouragePiece":3,"HandDrill":7,"PureWater":0,"Replay:Wax Seal":9,"ReplayTheSpireMod:Lightbulb":1,"REME_ComplimentaryCards":0}]},"card_choices":[{"not_picked":["REME_Scribble","Thunderclap"],"picked":"Distraction","floor":0},{"not_picked":["Flying Knee","Redo"],"picked":"ThirdEye","floor":0},{"not_picked":["Barrage","BowlingBash"],"picked":"Compile Driver","floor":0},{"not_picked":["True Grit","Quick Slash"],"picked":"Gash","floor":0},{"not_picked":["Clash","Redo"],"picked":"WheelKick","floor":0},{"not_picked":["Twin Strike","Flex"],"picked":"Flying Knee","floor":0},{"not_picked":["Body Slam","Glacier"],"picked":"Flex","floor":0},{"not_picked":["Quick Slash","Halt"],"picked":"JustLucky","floor":0},{"not_picked":["Thunderclap","Fluid Movement"],"picked":"Hidden Blade","floor":0},{"not_picked":["Worship","Hemokinesis"],"picked":"Deflect","floor":0},{"not_picked":["ReplayTheSpireMod:Private Reserves","Rupture"],"picked":"Warcry","floor":0},{"not_picked":["Anger","Twin Strike"],"picked":"Pummel","floor":0},{"not_picked":["Sunder","Bane"],"picked":"Ball Lightning","floor":0},{"not_picked":["EmptyMind","Deep Breath"],"picked":"Redo","floor":0},{"not_picked":["SashWhip","Prepared"],"picked":"Prostrate","floor":0}],"player_experience":1463021,"relics_obtained":[{"floor":5,"key":"ReplayTheSpireMod:Lightbulb"},{"floor":6,"key":"zeldaRelics:CouragePiece"},{"floor":7,"key":"zeldaRelics:CouragePiece"},{"floor":8,"key":"zeldaRelics:CouragePiece"},{"floor":9,"key":"zeldaRelics:WisdomPiece"},{"floor":10,"key":"PreservedInsect"},{"floor":12,"key":"Replay:Wax Seal"},{"floor":14,"key":"Odd Mushroom"}],"event_choices":[{"damage_healed":0,"gold_gain":0,"player_choice":"Take Damage","damage_taken":23,"relics_obtained":["Golden Idol"],"max_hp_gain":0,"max_hp_loss":0,"event_name":"Golden Idol","floor":3,"gold_loss":0},{"damage_healed":0,"gold_gain":0,"cards_transformed":["Eruption"],"player_choice":"Transformed","damage_taken":0,"max_hp_gain":0,"max_hp_loss":0,"event_name":"Transmorgrifier","floor":4,"gold_loss":0,"cards_obtained":["Genetic Algorithm"]},{"damage_healed":0,"gold_gain":150,"player_choice":"AGREE","damage_taken":0,"max_hp_gain":0,"max_hp_loss":0,"event_name":"Liars Game","floor":13,"gold_loss":0,"cards_obtained":["Doubt"]},{"damage_healed":0,"gold_gain":0,"player_choice":"Fought Mushrooms","damage_taken":0,"max_hp_gain":0,"max_hp_loss":0,"event_name":"Mushrooms","floor":14,"gold_loss":0}],"is_beta":false,"boss_relics":[],"items_purged_floors":[],"is_endless":false,"potions_floor_spawned":[8,10,14],"killed_by":"Hexaghost","ascension_level":20}}