{"host":"jpol0bbzretdyr3c","time":1608310781,"event":{"mods":["Act Like it!","BaseMod","Colored Map","Downfall","Gensokyo","Googly Eyes","Hallownest","Koishi","Marisa????????","Minty Spire (QoL Compilation)","Replay The Spire","StSLib","The Jungle","The Servant 0.9.4"],"gold_per_floor":[99,99,127,127,127,127,127,127,156,156,156,173,189,120,136,233,233,233,251,351,351,366,379,450,450,479,479,493,493,593,607,618,717,717,717,767,1018,616,666,666,666,666,683,683,695,412,426,439,452,452],"floor_reached":51,"playtime":4727,"items_purged":[],"score":748,"play_id":"1b839893-8a77-41f9-b3b7-5c5a20a8aee4","local_time":"20201218085941","is_ascension_mode":false,"campfire_choices":[{"data":"Guardian:TwinSlam","floor":1.0,"key":"SMITH"},{"floor":10.0,"key":"RECALL"},{"data":"Guardian:CurlUp","floor":18.0,"key":"SMITH"},{"data":"Guardian:RefractedBeam","floor":21,"key":"SMITH"},{"data":"Guardian:RefractedBeam+1","floor":25,"key":"SMITH"},{"data":"Guardian:RefractedBeam+2","floor":27,"key":"SMITH"},{"data":"Guardian:RefractedBeam+3","floor":35,"key":"SMITH"},{"data":"Guardian:RefractedBeam+4","floor":40,"key":"SMITH"},{"data":"Guardian:RefractedBeam+5","floor":42,"key":"SMITH"},{"data":"Guardian:RefractedBeam+6","floor":44,"key":"SMITH"}],"circlet_count":0,"master_deck":["Guardian:Defend_Guardian","Guardian:Defend_Guardian","Guardian:Defend_Guardian","Guardian:CurlUp+1","Guardian:TwinSlam+1","Guardian:PrismaticBeam","Guardian:PrimingBeam","Guardian:ShieldCharger","Guardian:PrimingBeam","Guardian:RefractedBeam+7","Guardian:SphericShield","Guardian:VentSteam","Guardian:PiercingHide+1","Guardian:ChargeUp","Guardian:SentryBeam","Bite","Bite","Bite","Bite","Bite","Guardian:TemporalStrike+1","Guardian:CrystalBeam","Guardian:StasisStrike","Guardian:WalkerClaw+1","Guardian:PrimingBeam+1","Guardian:RefractedBeam+4","Guardian:SentryBeam","Guardian:DecasProtection","Guardian:Gem_Orange","Guardian:Clone+1","Guardian:Gem_Lightblue"],"relics":["Guardian:ModeShifter","downfall:HeartsMalice","Lizard Tail","Bronze Scales","Potion Belt","Replay:Grab Bag","Philosopher\u0027s Stone","Coffee Dripper","Replay:Drink Me","Black Star","Calipers","Kunai","Shuriken","Oddly Smooth Stone","Onion Ring","downfall:CloakOfManyFaces","CultistMask","FaceOfCleric","NlothsMask","GremlinMask","SsserpentHead","Painkiller Herb","Happy Flower","DollysMirror"],"acts_visited":["Exordium","TheCity","TheBeyond"],"potions_floor_usage":[23,26,33,50,50,50],"damage_taken":[{"damage":0.0,"enemies":"Jaw Worm","floor":2.0,"turns":1.0},{"damage":0.0,"enemies":"Gremlin Nob","floor":3.0,"turns":1.0},{"damage":0.0,"enemies":"2 Louse","floor":4.0,"turns":1.0},{"damage":0.0,"enemies":"Cultist","floor":8.0,"turns":1.0},{"damage":24.0,"enemies":"Replay:BlueRogue","floor":9.0,"turns":8.0},{"damage":4.0,"enemies":"Large Slime","floor":12.0,"turns":6.0},{"damage":13.0,"enemies":"Red Slaver","floor":13.0,"turns":2.0},{"damage":0.0,"enemies":"downfall:FleeingMerchant","floor":14.0,"turns":4.0},{"damage":7.0,"enemies":"Blue Slaver","floor":15.0,"turns":3.0},{"damage":24.0,"enemies":"downfall:Defect","floor":16.0,"turns":6.0},{"damage":11.0,"enemies":"Spheric Guardian","floor":19.0,"turns":3.0},{"damage":17.0,"enemies":"Colosseum Nobs","floor":20.0,"turns":5.0},{"damage":12,"enemies":"Shell Parasite","floor":22,"turns":3},{"damage":9,"enemies":"Snake Plant","floor":23,"turns":3},{"damage":10,"enemies":"Gremlin Leader","floor":26,"turns":7},{"damage":0,"enemies":"3 Cultists","floor":28,"turns":5},{"damage":0,"enemies":"downfall:FaceTrader","floor":30,"turns":4},{"damage":0,"enemies":"Centurion and Healer","floor":31,"turns":4},{"damage":5,"enemies":"Sentry and Sphere","floor":32,"turns":3},{"damage":3,"enemies":"downfall:Watcher","floor":33,"turns":6},{"damage":0,"enemies":"downfall:FleeingMerchant","floor":38,"turns":4},{"damage":3,"enemies":"Orb Walker","floor":43,"turns":3},{"damage":0,"enemies":"3 Shapes","floor":45,"turns":3},{"damage":0,"enemies":"Sphere and 2 Shapes","floor":47,"turns":5},{"damage":2,"enemies":"Spire Growth","floor":48,"turns":3},{"damage":2,"enemies":"Writhing Mass","floor":49,"turns":2},{"damage":88,"enemies":"downfall:Silent","floor":50,"turns":5}],"seed_played":"8345045654309514400","potions_obtained":[{"floor":3.0,"key":"AttackPotion"},{"floor":9.0,"key":"SpeedPotion"},{"floor":12.0,"key":"Strength Potion"},{"floor":13.0,"key":"Doom Potion"},{"floor":15.0,"key":"Fire Potion"},{"floor":16.0,"key":"CultistPotion"},{"floor":22,"key":"Guardian:DefensiveModePotion"},{"floor":23,"key":"Energy Potion"},{"floor":31,"key":"FairyPotion"},{"floor":32,"key":"Regen Potion"},{"floor":33,"key":"PowerPotion"},{"floor":43,"key":"Swift Potion"}],"is_trial":false,"path_per_floor":["R","M","E","M","?","?","T","M","E","R","?","M","M","$","M","B",null,"R","M","?","R","M","M","T","R","E","R","M","?","?","M","M","B",null,"T","?","?","T","?","T","T","T","?","T","?","?","?","?","?","B",null],"character_chosen":"GUARDIAN","items_purchased":["Guardian:Gem_Red","Happy Flower","DollysMirror","Guardian:Gem_Cyan","Guardian:SentryBeam"],"campfire_rested":0,"item_purchase_floors":[14,38,38,38,38],"current_hp_per_floor":[80,80,80,80,80,80,80,80,56,56,56,52,39,39,32,8,60,60,49,32,32,20,11,11,11,1,1,1,1,9,20,18,20,45,45,45,34,45,45,45,45,45,45,45,46,54,55,54,53,20],"gold":452,"neow_bonus":"THREE_ENEMY_KILL","is_daily":false,"chose_seed":false,"campfire_upgraded":9,"win_rate":0.0,"timestamp":1608310781,"path_taken":["R","M","E","M","?","?","T","M","E","R","?","M","M","$","M","BOSS","R","M","?","R","M","M","T","R","E","R","M","?","?","M","M","BOSS","T","?","?","T","?","T","T","T","?","T","?","?","?","?","?","BOSS"],"items_purchased_type":["Card","Relic","Relic","Card","Card"],"build_version":"2020-12-13","purchased_purges":0,"victory":true,"max_hp_per_floor":[80,80,80,80,80,80,80,80,80,80,80,80,80,80,80,80,60,60,60,60,60,60,60,60,60,60,60,60,42,42,43,44,45,45,45,45,45,46,46,46,46,46,47,47,48,54,55,56,57,58],"card_choices":[{"not_picked":["Guardian:TemporalStrike","Guardian:CrystalBeam"],"picked":"Guardian:Gem_Red","floor":2.0},{"not_picked":["Guardian:TimeSifter","Guardian:PrimingBeam"],"picked":"Guardian:PrismaticBeam","floor":3.0},{"not_picked":["Guardian:RollAttack","Guardian:BronzeOrb"],"picked":"Guardian:Gem_Purple","floor":4.0},{"not_picked":["Guardian:Planning","Guardian:PrismaticBarrier"],"picked":"Guardian:Repulse","floor":8.0},{"not_picked":["Guardian:Gem_Lightblue","Guardian:MultiBeam"],"picked":"Guardian:PrimingBeam","floor":9.0},{"not_picked":["Guardian:Planning","Guardian:Incinerate"],"picked":"Guardian:ShieldCharger","floor":12.0},{"not_picked":["Guardian:ArmoredProtocol","Guardian:CrystalBeam"],"picked":"Guardian:PrimingBeam","floor":13.0},{"not_picked":["Guardian:Repulse","Guardian:Harden"],"picked":"Guardian:Gem_Purple","floor":14.0},{"not_picked":["Guardian:Gem_Crimson","Guardian:StasisField"],"picked":"Guardian:RefractedBeam","floor":15.0},{"not_picked":["Guardian:TimeSifter","Guardian:AncientConstruct"],"picked":"Guardian:SphericShield","floor":16.0},{"not_picked":["Guardian:GuardianWhirl","Guardian:ChargeCore"],"picked":"Guardian:VentSteam","floor":19.0},{"not_picked":["Guardian:Incinerate","Guardian:Gem_Green"],"picked":"Guardian:Gem_Red","floor":20},{"not_picked":["Guardian:RollAttack","Guardian:Emergency","Guardian:Gem_Green"],"picked":"SKIP","floor":22},{"not_picked":["Guardian:Gem_Green","Guardian:Reroute"],"picked":"Guardian:PiercingHide+1","floor":23},{"not_picked":["Guardian:GuardianWhirl","Guardian:ChargeCore"],"picked":"Guardian:ChargeUp","floor":26},{"not_picked":["Guardian:ArmoredProtocol","Guardian:Planning+1"],"picked":"Guardian:SentryBeam","floor":28},{"not_picked":["Guardian:TimeSifter","Guardian:VentSteam"],"picked":"Guardian:TemporalStrike+1","floor":30},{"not_picked":["Guardian:BronzeOrb","Guardian:Recover"],"picked":"Guardian:CrystalBeam","floor":31},{"not_picked":["Guardian:PiercingHide+1","Guardian:VentSteam+1"],"picked":"Guardian:Gem_Green","floor":32},{"not_picked":["Guardian:Gem_Synthetic","Guardian:SphericShield"],"picked":"Guardian:StasisStrike","floor":33},{"not_picked":["Guardian:TemporalShield+1","Guardian:SpikerProtocol"],"picked":"Guardian:WalkerClaw+1","floor":37},{"not_picked":["Guardian:TemporalStrike","Guardian:ShieldCharger+1"],"picked":"Guardian:PrimingBeam+1","floor":38},{"not_picked":["Guardian:PrismaticBeam+1","Guardian:ChargeCore+1"],"picked":"Guardian:DecasProtection","floor":43},{"not_picked":["Guardian:PrismaticBarrier+1","Guardian:WalkerClaw","Guardian:TemporalShield"],"picked":"SKIP","floor":45},{"not_picked":["Guardian:Gem_Red","Guardian:Incinerate+1"],"picked":"Guardian:Gem_Orange","floor":47},{"not_picked":["Guardian:ChargeCore+1","Guardian:TemporalShield+1"],"picked":"Guardian:Clone+1","floor":48},{"not_picked":["Guardian:RefractedBeam+1","Guardian:TemporalStrike"],"picked":"Guardian:Gem_Lightblue","floor":49}],"player_experience":419235,"relics_obtained":[{"floor":3.0,"key":"Lizard Tail"},{"floor":7.0,"key":"Bronze Scales"},{"floor":9.0,"key":"Potion Belt"},{"floor":20,"key":"Calipers"},{"floor":20,"key":"Kunai"},{"floor":24,"key":"Shuriken"},{"floor":26,"key":"Oddly Smooth Stone"},{"floor":26,"key":"Onion Ring"},{"floor":30,"key":"downfall:CloakOfManyFaces"}],"event_choices":[{"damage_healed":0.0,"max_hp_gain":0.0,"max_hp_loss":0.0,"gold_gain":0.0,"event_name":"NoteForYourself","player_choice":"Ignored","floor":11.0,"gold_loss":0.0,"damage_taken":0.0},{"damage_healed":0,"gold_gain":0,"player_choice":"Ignored","damage_taken":0,"max_hp_gain":0,"max_hp_loss":0,"event_name":"NoteForYourself","floor":20,"gold_loss":0},{"damage_healed":0,"gold_gain":0,"player_choice":"Became a vampire","damage_taken":0,"max_hp_gain":0,"max_hp_loss":18,"event_name":"Vampires","floor":29,"gold_loss":0,"cards_obtained":["Bite","Bite","Bite","Bite","Bite"]},{"cards_removed":["Guardian:Repulse"],"damage_healed":0,"gold_gain":0,"player_choice":"Removed Power","damage_taken":0,"max_hp_gain":0,"max_hp_loss":0,"event_name":"Falling","floor":39,"gold_loss":0}],"is_beta":false,"boss_relics":[{"not_picked":["Replay:Ancient Bell","Busted Crown"],"picked":"Replay:Grab Bag"},{"not_picked":["Abe\u0027s Treasure","ChewingGum"],"picked":"Philosopher\u0027s Stone"},{"not_picked":["ReplayTheSpireMod:Onyx Gauntlets","Runic Dome"],"picked":"Coffee Dripper"},{"not_picked":["Astrolabe","Snecko Eye"],"picked":"Replay:Drink Me"},{"not_picked":["Runic Pyramid","Calling Bell"],"picked":"Black Star"},{"not_picked":["Tiny House","Replay:Fungal Core"],"picked":"Painkiller Herb"}],"items_purged_floors":[],"is_endless":false,"potions_floor_spawned":[3,9,12,13,15,16,22,23,31,32,33,43,45,48,49],"ascension_level":0}}