{"host":"ry95t1gxi682w1un","time":1608308082,"event":{"mods":["BaseMod","Block Reminder","Downfall","Highlight Path","Minty Spire (QoL Compilation)","Random Character Button","StSLib"],"gold_per_floor":[99,110,110,144,144,175,200,125,135,166,185,202,202,202,220,220,220],"floor_reached":16,"playtime":926,"items_purged":[],"score":126,"play_id":"886dd61f-63f7-41cb-b703-dc8ce736f179","local_time":"20201218111442","is_ascension_mode":true,"campfire_choices":[{"data":"champ:Taunt","floor":1.0,"key":"SMITH"},{"data":"champ:SteelEdge","floor":5,"key":"SMITH"},{"data":"champ:Execute","floor":8,"key":"SMITH"}],"circlet_count":0,"master_deck":["champ:Strike+1","champ:Strike","champ:Strike","champ:Strike","champ:Defend","champ:Defend","champ:Defend+1","champ:Defend+1","champ:Execute+1","champ:Taunt+1","champ:BringItOn","champ:SteelEdge+1","champ:Balance","champ:BringItOn","Regret","champ:RapidStrikes"],"relics":["champ:ChampionCrown","champ:FightingForDummies","Mummified Hand","Juzu Bracelet","downfall:HeartBlessingGreen","champ:DefensiveTrainingManual","CultistMask"],"acts_visited":["Exordium"],"potions_floor_usage":[6,10,16],"damage_taken":[{"damage":5.0,"enemies":"Jaw Worm","floor":2.0,"turns":4.0},{"damage":47,"enemies":"Lagavulin","floor":4,"turns":10},{"damage":10,"enemies":"3 Sentries","floor":6,"turns":9},{"damage":9,"enemies":"Small Slimes","floor":9,"turns":4},{"damage":13,"enemies":"Gremlin Nob","floor":10,"turns":7},{"damage":0,"enemies":"Cultist","floor":11,"turns":3},{"damage":5,"enemies":"Exordium Thugs","floor":12,"turns":3},{"damage":2,"enemies":"Blue Slaver","floor":15,"turns":3},{"damage":40,"enemies":"downfall:Silent","floor":16,"turns":8}],"seed_played":"-725381464072395588","potions_obtained":[{"floor":0.0,"key":"BlessingOfTheForge"},{"floor":0.0,"key":"Block Potion"},{"floor":0.0,"key":"champ:OpenerPotion"},{"floor":4,"key":"LiquidMemories"},{"floor":11,"key":"SneckoOil"}],"is_trial":false,"path_per_floor":["R","M","?","E","R","E","T","R","M","E","M","M","?","?","M","B"],"character_chosen":"THE_CHAMP","items_purchased":[],"campfire_rested":0,"item_purchase_floors":[],"current_hp_per_floor":[90,90,90,58,58,53,53,53,47,34,34,39,39,39,37,0,0],"gold":220,"neow_bonus":"THREE_SMALL_POTIONS","is_daily":false,"chose_seed":false,"campfire_upgraded":3,"win_rate":0.0,"timestamp":1608308082,"path_taken":["R","M","?","E","R","E","T","R","M","E","M","M","?","?","M","BOSS"],"items_purchased_type":[],"build_version":"2020-12-13","purchased_purges":0,"victory":false,"max_hp_per_floor":[90,90,90,90,90,90,90,90,90,90,90,90,90,90,90,90,90],"card_choices":[{"not_picked":["champ:PerfectedStrike","champ:FocusedBerserking"],"picked":"champ:BringItOn","floor":2},{"not_picked":["champ:DefensiveShout","champ:BerserkersShout"],"picked":"champ:SteelEdge","floor":4},{"not_picked":["champ:Haymaker","champ:PreciseThrust","champ:FlashCut"],"picked":"SKIP","floor":6},{"not_picked":["champ:AdrenalArmor","champ:HeavySlash"],"picked":"champ:Balance","floor":9},{"not_picked":["champ:Aggression","champ:HeartStrike"],"picked":"champ:BringItOn","floor":10},{"not_picked":["champ:BerserkersShout","champ:Haymaker","champ:ViciousMockery"],"picked":"SKIP","floor":11},{"not_picked":["champ:PerfectedStrike","champ:EnragedBash","champ:FlashCut"],"picked":"SKIP","floor":12},{"not_picked":["champ:BladeFlurry","champ:GladiatorsShout"],"picked":"champ:RapidStrikes","floor":15}],"player_experience":518438,"relics_obtained":[{"floor":4,"key":"champ:FightingForDummies"},{"floor":6,"key":"Mummified Hand"},{"floor":7,"key":"Juzu Bracelet"},{"floor":10,"key":"champ:DefensiveTrainingManual"}],"event_choices":[{"damage_healed":0,"gold_gain":0,"player_choice":"Trade","damage_taken":0,"relics_obtained":["CultistMask"],"max_hp_gain":0,"max_hp_loss":0,"event_name":"FaceTrader","floor":14,"gold_loss":0}],"is_beta":false,"boss_relics":[],"items_purged_floors":[],"is_endless":false,"potions_floor_spawned":[2,4,11],"killed_by":"downfall:Silent","ascension_level":1}}