{"host":"36mulxq349byzoa2","time":1608256889,"event":{"mods":["AchievementEnabler","BaseMod","Better Match","Block Reminder","Colored Map","Colored Powertips","Minty Spire (QoL Compilation)","Rare Cards Sparkle","StSLib","SuperFastMode"],"gold_per_floor":[115,115,115,42,54,54,66,66,89,107,107,123,123,138,138,237,237,256,272,283,208,208,208,208,208,208,208,208,240,37,37,37,37,37],"floor_reached":33,"playtime":609,"items_purged":["Strike_R","Strike_R"],"score":253,"play_id":"81bc0de9-a7d7-4d81-89a5-90d85cce672e","local_time":"20201217210129","is_ascension_mode":false,"campfire_choices":[{"data":"Anger","floor":6,"key":"SMITH"},{"data":"Bash","floor":11,"key":"SMITH"},{"floor":15,"key":"REST"},{"floor":23,"key":"REST"},{"floor":25,"key":"REST"},{"floor":32,"key":"REST"}],"circlet_count":0,"master_deck":["Strike_R","Strike_R","Strike_R","Defend_R+1","Defend_R+1","Defend_R","Defend_R","Bash+1","Dual Wield+1","Anger+1"],"relics":["Black Blood","MealTicket","Enchiridion","War Paint","Letter Opener","Membership Card"],"acts_visited":["Exordium","TheCity"],"potions_floor_usage":[16,20],"damage_taken":[{"damage":11,"enemies":"Jaw Worm","floor":1,"turns":2},{"damage":8,"enemies":"Small Slimes","floor":5,"turns":5},{"damage":0,"enemies":"2 Louse","floor":7,"turns":3},{"damage":23,"enemies":"Lots of Slimes","floor":10,"turns":4},{"damage":1,"enemies":"Exordium Wildlife","floor":12,"turns":3},{"damage":9,"enemies":"Blue Slaver","floor":14,"turns":3},{"damage":83,"enemies":"The Guardian","floor":16,"turns":11},{"damage":34,"enemies":"Shell Parasite","floor":18,"turns":6},{"damage":10,"enemies":"Chosen","floor":19,"turns":4},{"damage":48,"enemies":"Centurion and Healer","floor":20,"turns":5},{"damage":67,"enemies":"Gremlin Leader","floor":29,"turns":9},{"damage":14,"enemies":"Automaton","floor":33,"turns":2}],"seed_played":"5470854632225270704","potions_obtained":[{"floor":5,"key":"Ancient Potion"},{"floor":7,"key":"Strength Potion"},{"floor":10,"key":"Fire Potion"},{"floor":19,"key":"FearPotion"},{"floor":29,"key":"Explosive Potion"}],"is_trial":false,"path_per_floor":["M","?","?","$","M","R","M","$","T","M","R","M","?","M","R","B",null,"M","M","M","$","?","R","?","R","T","?","?","E","$","$","R","B"],"character_chosen":"IRONCLAD","items_purchased":["Dual Wield","Membership Card"],"campfire_rested":4,"item_purchase_floors":[4,30],"current_hp_per_floor":[75,75,80,80,78,78,84,84,84,67,67,72,72,69,85,8,85,63,65,29,44,28,53,53,78,78,78,78,23,38,53,78,64,64],"gold":37,"neow_bonus":"THREE_CARDS","is_daily":false,"chose_seed":false,"campfire_upgraded":2,"win_rate":0.0,"timestamp":1608256889,"path_taken":["M","?","?","?","M","R","M","$","T","M","R","?","?","?","R","BOSS","M","M","M","$","?","R","?","R","T","?","?","E","?","$","R","BOSS"],"items_purchased_type":["Card","Relic"],"build_version":"2020-12-13","purchased_purges":2,"victory":false,"max_hp_per_floor":[80,80,85,85,85,85,85,85,85,85,85,85,85,85,85,85,85,85,85,85,85,85,85,85,85,85,85,85,85,85,85,85,85,85],"card_choices":[{"not_picked":["Warcry","Anger","Uppercut"],"picked":"SKIP","floor":1},{"not_picked":["Battle Trance","Armaments"],"picked":"Anger","floor":5},{"not_picked":["Heavy Blade","Seeing Red","Spot Weakness"],"picked":"SKIP","floor":7},{"not_picked":["Ghostly Armor","Wild Strike","Sword Boomerang"],"picked":"SKIP","floor":10},{"not_picked":["Anger","Infernal Blade","True Grit"],"picked":"SKIP","floor":12},{"not_picked":["Infernal Blade","Clash","Twin Strike"],"picked":"SKIP","floor":14},{"not_picked":["Sword Boomerang","Burning Pact","Armaments+1"],"picked":"SKIP","floor":18},{"not_picked":["Carnage","Armaments","Combust"],"picked":"SKIP","floor":19},{"not_picked":["Body Slam+1","Clash","Heavy Blade"],"picked":"SKIP","floor":20},{"not_picked":["Rage","Power Through","Burning Pact"],"picked":"SKIP","floor":29}],"player_experience":982678,"relics_obtained":[{"floor":9,"key":"MealTicket"},{"floor":22,"key":"Enchiridion"},{"floor":26,"key":"War Paint"},{"floor":29,"key":"Letter Opener"}],"event_choices":[{"damage_healed":0,"gold_gain":0,"player_choice":"Fled","damage_taken":0,"max_hp_gain":0,"max_hp_loss":0,"event_name":"Scrap Ooze","floor":2,"gold_loss":0},{"damage_healed":0,"gold_gain":0,"player_choice":"Donut","damage_taken":0,"max_hp_gain":5,"max_hp_loss":0,"event_name":"Big Fish","floor":3,"gold_loss":0},{"damage_healed":0,"gold_gain":0,"player_choice":"Upgraded","damage_taken":0,"max_hp_gain":0,"max_hp_loss":0,"event_name":"Upgrade Shrine","floor":13,"gold_loss":0,"cards_upgraded":["Dual Wield"]},{"damage_healed":0,"gold_gain":0,"player_choice":"Obtained Book","damage_taken":16,"max_hp_gain":0,"max_hp_loss":0,"event_name":"Cursed Tome","floor":22,"gold_loss":0},{"damage_healed":0,"gold_gain":0,"player_choice":"Ignored","damage_taken":0,"max_hp_gain":0,"max_hp_loss":0,"event_name":"The Mausoleum","floor":24,"gold_loss":0},{"damage_healed":0,"gold_gain":0,"player_choice":"Ignored","damage_taken":0,"max_hp_gain":0,"max_hp_loss":0,"event_name":"Ghosts","floor":27,"gold_loss":0},{"damage_healed":0,"gold_gain":0,"player_choice":"Ignored","damage_taken":0,"max_hp_gain":0,"max_hp_loss":0,"event_name":"Vampires","floor":28,"gold_loss":0}],"is_beta":false,"boss_relics":[{"not_picked":["Velvet Choker","Calling Bell"],"picked":"Black Blood"}],"items_purged_floors":[21,30],"is_endless":false,"potions_floor_spawned":[5,7,10,19,29],"killed_by":"Automaton","ascension_level":0}}