{"host":"n7cu66tz98nxrk0y","time":1608303677,"event":{"mods":["BaseMod","Colored Map","Colored Powertips","Highlight Path","Minty Spire (QoL Compilation)","StSLib","Twitch Utils"],"gold_per_floor":[111,111,125,140,140,140,173,173,173,184,184,200,13,28,28,127,127,144,159,258,270,270,270,290,290,316,342,360,395,42,42,42],"floor_reached":31,"playtime":1091,"items_purged":["Decay"],"score":257,"play_id":"67a64594-ebe3-4d26-ba2c-b40259f5076d","local_time":"20201218160117","is_ascension_mode":false,"campfire_choices":[{"data":"White Noise","floor":6,"key":"SMITH"},{"data":"Zap","floor":8,"key":"SMITH"},{"data":"Dualcast","floor":11,"key":"SMITH"},{"data":"Defragment","floor":15,"key":"SMITH"},{"data":"Defragment","floor":23,"key":"SMITH"},{"floor":25,"key":"REST"}],"circlet_count":0,"master_deck":["Strike_B","Strike_B","Strike_B","Strike_B","Defend_B","Defend_B","Defend_B","Defend_B","Zap+1","Dualcast+1","White Noise+1","Go for the Eyes","Sunder","Ball Lightning","Defragment+1","Thunder Strike","BootSequence","Electrodynamics","Defragment+1","Heatsinks","Defragment","Capacitor","Heatsinks+1"],"relics":["Cracked Core","Matryoshka","Anchor","InkBottle","Sozu","Bottled Lightning","Mercury Hourglass","Dream Catcher","Molten Egg 2","Red Mask","Frozen Egg 2"],"acts_visited":["Exordium","TheCity"],"potions_floor_usage":[16,16,21],"damage_taken":[{"damage":0,"enemies":"2 Louse","floor":1,"turns":2},{"damage":1,"enemies":"Cultist","floor":3,"turns":3},{"damage":3,"enemies":"Jaw Worm","floor":4,"turns":4},{"damage":15,"enemies":"Lagavulin","floor":7,"turns":8},{"damage":3,"enemies":"Red Slaver","floor":10,"turns":3},{"damage":0,"enemies":"Exordium Wildlife","floor":12,"turns":2},{"damage":0,"enemies":"2 Fungi Beasts","floor":14,"turns":2},{"damage":37,"enemies":"Slime Boss","floor":16,"turns":6},{"damage":2,"enemies":"Chosen","floor":18,"turns":3},{"damage":12,"enemies":"Shell Parasite","floor":19,"turns":4},{"damage":14,"enemies":"Chosen and Byrds","floor":21,"turns":6},{"damage":21,"enemies":"Snake Plant","floor":24,"turns":4},{"damage":22,"enemies":"Book of Stabbing","floor":27,"turns":4},{"damage":22,"enemies":"3 Cultists","floor":28,"turns":4},{"damage":11,"enemies":"Masked Bandits","floor":29,"turns":3},{"damage":12,"enemies":"Centurion and Healer","floor":31,"turns":3}],"seed_played":"1628039191242954690","potions_obtained":[{"floor":1,"key":"Strength Potion"},{"floor":3,"key":"EssenceOfSteel"},{"floor":12,"key":"SteroidPotion"}],"is_trial":false,"path_per_floor":["M","?","M","M","?","R","E","R","T","M","R","M","$","M","R","B",null,"M","M","?","M","T","R","M","R","T","E","M","?","$","M"],"character_chosen":"DEFECT","items_purchased":["Defragment","Thunder Strike","Frozen Egg 2","Heatsinks+1"],"campfire_rested":1,"item_purchase_floors":[13,13,30,30],"current_hp_per_floor":[82,82,81,78,78,78,63,63,63,60,60,60,60,60,60,23,82,80,68,68,54,54,54,33,57,57,35,13,2,2,0,0],"gold":42,"neow_bonus":"TEN_PERCENT_HP_BONUS","is_daily":false,"chose_seed":false,"campfire_upgraded":5,"win_rate":0.0,"timestamp":1608303677,"path_taken":["M","?","M","M","?","R","E","R","T","M","R","M","$","?","R","BOSS","M","M","?","M","?","R","M","R","T","E","?","?","$","M"],"items_purchased_type":["Card","Card","Relic","Card"],"build_version":"2020-12-13","purchased_purges":1,"victory":false,"max_hp_per_floor":[82,82,82,82,82,82,82,82,82,82,82,82,82,82,82,82,82,82,82,82,82,82,82,82,82,82,82,82,82,82,82,82],"card_choices":[{"not_picked":["FTL","Aggregate"],"picked":"White Noise","floor":1},{"not_picked":["Leap","Turbo","Hologram"],"picked":"SKIP","floor":3},{"not_picked":["Hologram","Skim"],"picked":"Go for the Eyes","floor":4},{"not_picked":["Go for the Eyes","Gash"],"picked":"Sunder","floor":7},{"not_picked":["Sweeping Beam","White Noise"],"picked":"Ball Lightning","floor":10},{"not_picked":["Fusion","Compile Driver","Chaos"],"picked":"SKIP","floor":12},{"not_picked":["Reprogram","Go for the Eyes"],"picked":"BootSequence","floor":14},{"not_picked":["Hyperbeam","Reboot"],"picked":"Electrodynamics","floor":16},{"not_picked":["Reinforced Body","Go for the Eyes","Turbo"],"picked":"SKIP","floor":18},{"not_picked":["Recycle","Glacier"],"picked":"Defragment","floor":19},{"not_picked":["Cold Snap+1","Undo","Hologram"],"picked":"SKIP","floor":21},{"not_picked":["Auto Shields","Go for the Eyes+1"],"picked":"Heatsinks","floor":24},{"not_picked":["Fission","Barrage+1"],"picked":"Defragment","floor":27},{"not_picked":["Gash+1","Auto Shields"],"picked":"Capacitor","floor":28}],"player_experience":374673,"relics_obtained":[{"floor":7,"key":"Matryoshka"},{"floor":9,"key":"Anchor"},{"floor":9,"key":"InkBottle"},{"floor":22,"key":"Bottled Lightning"},{"floor":22,"key":"Mercury Hourglass"},{"floor":26,"key":"Dream Catcher"},{"floor":27,"key":"Molten Egg 2"},{"floor":29,"key":"Red Mask"}],"event_choices":[{"damage_healed":0,"gold_gain":0,"player_choice":"Ignored","damage_taken":0,"max_hp_gain":0,"max_hp_loss":0,"event_name":"Golden Wing","floor":2,"gold_loss":0},{"damage_healed":0,"gold_gain":0,"player_choice":"Cursed","damage_taken":0,"max_hp_gain":0,"max_hp_loss":0,"event_name":"Wheel of Change","floor":5,"gold_loss":0,"cards_obtained":["Decay"]},{"damage_healed":0,"gold_gain":99,"player_choice":"Stole From Cult","damage_taken":0,"max_hp_gain":0,"max_hp_loss":0,"event_name":"Nest","floor":20,"gold_loss":0},{"damage_healed":0,"gold_gain":0,"player_choice":"Fought Bandits","damage_taken":0,"max_hp_gain":0,"max_hp_loss":0,"event_name":"Masked Bandits","floor":29,"gold_loss":0}],"is_beta":false,"boss_relics":[{"not_picked":["FrozenCore","Calling Bell"],"picked":"Sozu"}],"items_purged_floors":[30],"is_endless":false,"potions_floor_spawned":[1,3,12,18,21,24,29],"killed_by":"Centurion and Healer","ascension_level":0}}