{"host":"ab2s6ezjqdgtrlyf","time":1608302769,"event":{"mods":["BaseMod","Colored Map","Downfall","Highlight Path","Marked Mod","Minty Spire (QoL Compilation)","Quick Restart","Relic Stats","Spicy Shops","StSLib","Waifu the Spire","vexMod","¡¾ÒÅÎï¿¨ÅÆ¡¿REMEMod"],"gold_per_floor":[119,6,6,106,119,146,157,157,157,107,107,32,58,58,58,58,58],"floor_reached":16,"playtime":323,"items_purged":["Defend_B"],"score":131,"play_id":"6aa8953f-b016-4c6b-a035-2282bff4e14d","local_time":"20201218224609","is_ascension_mode":false,"campfire_choices":[{"data":"Auto Shields","floor":8,"key":"SMITH"},{"data":"Conserve Battery","floor":11,"key":"SMITH"},{"data":"Capacitor","floor":15,"key":"SMITH"}],"circlet_count":0,"master_deck":["Strike_B","Strike_B","Strike_B","Strike_B","Defend_B","Zap+1","Dualcast+1","Conserve Battery+1","Auto Shields+1","Capacitor+1","Chill"],"relics":["Cracked Core","REME_ComplimentaryCards","NeowsBlessing","Unceasing Top","Sundial","Bag of Preparation"],"acts_visited":["Exordium"],"potions_floor_usage":[],"damage_taken":[{"damage":0,"enemies":"Jaw Worm","floor":1,"turns":1},{"damage":0,"enemies":"Cultist","floor":5,"turns":1},{"damage":0,"enemies":"3 Sentries","floor":6,"turns":2},{"damage":0,"enemies":"Small Slimes","floor":7,"turns":3},{"damage":2,"enemies":"Lagavulin","floor":13,"turns":8},{"damage":42,"enemies":"Hexaghost","floor":16,"turns":10}],"seed_played":"-6152027933970244903","potions_obtained":[{"floor":1,"key":"SneckoOil"},{"floor":7,"key":"FearPotion"}],"is_trial":false,"path_per_floor":["M","$","?","?","M","E","M","R","T","?","R","$","E","?","R","B"],"character_chosen":"DEFECT","items_purchased":["Auto Shields","Capacitor"],"campfire_rested":0,"item_purchase_floors":[2,2],"current_hp_per_floor":[75,75,68,68,68,68,68,68,68,68,68,68,66,51,51,9,9],"gold":58,"neow_bonus":"THREE_ENEMY_KILL","is_daily":false,"chose_seed":false,"campfire_upgraded":3,"win_rate":0.0,"timestamp":1608302769,"path_taken":["M","$","?","?","?","E","M","R","T","?","R","$","E","?","R","BOSS"],"items_purchased_type":["Card","Card"],"build_version":"2020-12-13","purchased_purges":1,"victory":false,"max_hp_per_floor":[75,75,75,75,75,75,75,75,75,75,75,75,75,75,75,75,75],"relic_stats":{"counters":[6,25],"Sundial":[6],"Bag of Preparation":[2],"obtain_stats":[{"NeowsBlessing":0,"Sundial":9,"Bag of Preparation":13,"Cracked Core":0,"Unceasing Top":6,"REME_ComplimentaryCards":0},{"NeowsBlessing":0,"Sundial":4,"Bag of Preparation":5,"Cracked Core":0,"Unceasing Top":3,"REME_ComplimentaryCards":0},{"NeowsBlessing":0,"Sundial":7,"Bag of Preparation":15,"Cracked Core":0,"Unceasing Top":4,"REME_ComplimentaryCards":0}],"Unceasing Top":[1]},"card_choices":[{"not_picked":["Heatsinks","Steam"],"picked":"Conserve Battery","floor":1},{"not_picked":["Lockon","Barrage","REME_DataAnalysis"],"picked":"SKIP","floor":5},{"not_picked":["Auto Shields","REME_ForAll","Heatsinks"],"picked":"SKIP","floor":6},{"not_picked":["Hello World","Conserve Battery"],"picked":"Chill","floor":7},{"not_picked":["Leap","REME_Whirling","Hologram"],"picked":"SKIP","floor":13}],"player_experience":632484,"relics_obtained":[{"floor":6,"key":"Unceasing Top"},{"floor":9,"key":"Sundial"},{"floor":13,"key":"Bag of Preparation"}],"event_choices":[{"cards_removed":["Defend_B"],"damage_healed":0,"gold_gain":0,"player_choice":"Card Removal","damage_taken":7,"max_hp_gain":0,"max_hp_loss":0,"event_name":"Golden Wing","floor":3,"gold_loss":0},{"damage_healed":0,"gold_gain":100,"player_choice":"Pray","damage_taken":0,"max_hp_gain":0,"max_hp_loss":0,"event_name":"Golden Shrine","floor":4,"gold_loss":0},{"cards_removed":["Defend_B"],"damage_healed":0,"gold_gain":0,"player_choice":"Card Removal","damage_taken":0,"max_hp_gain":0,"max_hp_loss":0,"event_name":"The Cleric","floor":10,"gold_loss":50},{"damage_healed":0,"gold_gain":0,"player_choice":"Entered Light","damage_taken":15,"max_hp_gain":0,"max_hp_loss":0,"event_name":"Shining Light","floor":14,"gold_loss":0,"cards_upgraded":["Zap","Dualcast"]}],"is_beta":false,"boss_relics":[],"items_purged_floors":[12],"is_endless":false,"potions_floor_spawned":[1,7],"killed_by":"Hexaghost","ascension_level":0}}