{"host":"7pe9xwx78c6nlay8","time":1608277772,"event":{"mods":["BaseMod","Minty Spire (QoL Compilation)"],"gold_per_floor":[112,62,78,78,3,30,50,62,62,72,89,89,89,121,121,222,222,240,240,240,339,352,352,352],"floor_reached":23,"playtime":829,"items_purged":["Strike_P"],"score":428,"play_id":"34251f12-570d-4d8a-8c2b-13417968fdb2","local_time":"20201218154932","is_ascension_mode":true,"campfire_choices":[{"data":"Nirvana","floor":13,"key":"SMITH"},{"data":"Weave","floor":15,"key":"SMITH"}],"circlet_count":0,"master_deck":["AscendersBane","Strike_P","Defend_P","Defend_P","Eruption+1","Vigilance","Nirvana+1","Wireheading","JustLucky","Weave+1","ThirdEye","Pray+1","CrushJoints+1","BowlingBash+1","Consecrate","Weave"],"relics":["PureWater","NeowsBlessing","FaceOfCleric","Kunai","Bird Faced Urn","Prayer Wheel","Astrolabe","Matryoshka"],"acts_visited":["Exordium","TheCity"],"potions_floor_usage":[16,16],"damage_taken":[{"damage":0,"enemies":"Jaw Worm","floor":1,"turns":1},{"damage":0,"enemies":"2 Louse","floor":3,"turns":1},{"damage":0,"enemies":"3 Sentries","floor":6,"turns":2},{"damage":4,"enemies":"Cultist","floor":7,"turns":5},{"damage":0,"enemies":"Looter","floor":8,"turns":5},{"damage":9,"enemies":"Red Slaver","floor":10,"turns":5},{"damage":6,"enemies":"Blue Slaver","floor":11,"turns":4},{"damage":6,"enemies":"Lagavulin","floor":14,"turns":10},{"damage":0,"enemies":"Slime Boss","floor":16,"turns":3},{"damage":0,"enemies":"3 Byrds","floor":18,"turns":4},{"damage":25,"enemies":"Chosen","floor":22,"turns":5},{"damage":49,"enemies":"Book of Stabbing","floor":23,"turns":6}],"seed_played":"8712239344896876183","potions_obtained":[{"floor":3,"key":"LiquidMemories"},{"floor":8,"key":"LiquidMemories"},{"floor":10,"key":"AttackPotion"},{"floor":22,"key":"LiquidMemories"}],"is_trial":false,"path_per_floor":["M","?","M","?","$","E","M","M","T","M","M","?","R","E","R","B",null,"M","T","?","?","M","E"],"character_chosen":"WATCHER","items_purchased":[],"campfire_rested":0,"item_purchase_floors":[],"current_hp_per_floor":[65,65,65,65,65,66,63,64,64,60,59,59,59,58,58,63,75,80,80,65,65,45,0,0],"gold":352,"neow_bonus":"THREE_ENEMY_KILL","is_daily":false,"chose_seed":false,"campfire_upgraded":2,"win_rate":0.0,"timestamp":1608277772,"path_taken":["M","?","M","?","$","E","M","M","T","M","?","?","R","E","R","BOSS","M","?","?","?","M","E"],"items_purchased_type":[],"build_version":"2020-12-13","purchased_purges":1,"victory":false,"max_hp_per_floor":[72,72,72,72,72,73,74,75,75,76,77,77,77,78,78,79,79,80,80,85,85,86,86,86],"card_choices":[{"not_picked":["EmptyBody","Crescendo","Sanctity"],"picked":"SKIP","floor":1},{"not_picked":["Crescendo","Consecrate"],"picked":"Nirvana","floor":3},{"not_picked":["Evaluate","Indignation"],"picked":"Wireheading","floor":6},{"not_picked":["Wish","CutThroughFate"],"picked":"JustLucky","floor":7},{"not_picked":["ReachHeaven","Indignation"],"picked":"Weave","floor":8},{"not_picked":["CarveReality","Protect"],"picked":"ThirdEye","floor":10},{"not_picked":["Evaluate","ForeignInfluence","PathToVictory"],"picked":"SKIP","floor":11},{"not_picked":["FollowUp","WheelKick","Vengeance"],"picked":"SKIP","floor":14},{"not_picked":["BowlingBash","Halt"],"picked":"Consecrate","floor":18},{"not_picked":["SashWhip","Sanctity+1","SignatureMove"],"picked":"SKIP","floor":18},{"not_picked":["FlyingSleeves","BowlingBash"],"picked":"Weave","floor":22},{"not_picked":["Halt","Fasting2","ForeignInfluence"],"picked":"SKIP","floor":22}],"player_experience":1538815,"relics_obtained":[{"floor":6,"key":"Kunai"},{"floor":9,"key":"Bird Faced Urn"},{"floor":14,"key":"Prayer Wheel"},{"floor":19,"key":"Matryoshka"}],"event_choices":[{"cards_removed":["Defend_P"],"damage_healed":0,"gold_gain":0,"player_choice":"Card Removal","damage_taken":0,"max_hp_gain":0,"max_hp_loss":0,"event_name":"The Cleric","floor":2,"gold_loss":50},{"damage_healed":0,"gold_gain":0,"player_choice":"Trade","damage_taken":0,"relics_obtained":["FaceOfCleric"],"max_hp_gain":0,"max_hp_loss":0,"event_name":"FaceTrader","floor":4,"gold_loss":0},{"damage_healed":0,"gold_gain":0,"player_choice":"Upgraded","damage_taken":0,"max_hp_gain":0,"max_hp_loss":0,"event_name":"Upgrade Shrine","floor":12,"gold_loss":0,"cards_upgraded":["Eruption"]},{"damage_healed":0,"gold_gain":0,"player_choice":"Shed Blood","damage_taken":20,"max_hp_gain":5,"max_hp_loss":0,"event_name":"Forgotten Altar","floor":20,"gold_loss":0},{"damage_healed":0,"gold_gain":99,"player_choice":"Stole From Cult","damage_taken":0,"max_hp_gain":0,"max_hp_loss":0,"event_name":"Nest","floor":21,"gold_loss":0}],"is_beta":false,"boss_relics":[{"not_picked":["Coffee Dripper","Cursed Key"],"picked":"Astrolabe"}],"items_purged_floors":[5],"is_endless":false,"potions_floor_spawned":[3,8,10,14,22],"killed_by":"Book of Stabbing","ascension_level":11}}