{"host":"8dhn6p16jorj0i1s","time":1608333737,"event":{"mods":["BaseMod","Colored Map","DeckTracker","Minty Spire (QoL Compilation)","Permanent Neow","Quick Restart"],"gold_per_floor":[116,129,129,54,73,102,114,160,198,210,250,262,294,336,348,456,468,497,522,218,218,218,218,250,262,262,262,75,75,89,119,119,224,224,243,259,279,279,299,326,326,353,379,379,379],"floor_reached":46,"playtime":3428,"items_purged":["Strike_B","Strike_B+1","Writhe"],"score":869,"play_id":"72cc7c78-f8c4-48df-aa80-515df3f7b56e","local_time":"20201219002217","is_ascension_mode":true,"campfire_choices":[{"data":"Creative AI","floor":7,"key":"SMITH"},{"data":"Storm","floor":10,"key":"SMITH"},{"floor":15,"key":"REST"},{"data":"Storm","floor":23,"key":"SMITH"},{"data":"Hello World","floor":27,"key":"SMITH"},{"floor":29,"key":"REST"},{"data":"Hello World","floor":32,"key":"SMITH"},{"floor":41,"key":"REST"}],"circlet_count":0,"master_deck":["Strike_B+1","Defend_B","Defend_B","Defend_B","Defend_B","Zap","Dualcast","Storm+1","Creative AI+1","Hello World+1","Turbo","Reinforced Body","Hello World+1","Thunder Strike","Storm+1","Meteor Strike","Secret Technique","Storm","BootSequence","Hologram+1","Creative AI","CurseOfTheBell","Chill+1","Madness","Madness","Defragment","Hologram+1"],"relics":["Cracked Core","NeowsBlessing","MawBank","Whetstone","Art of War","PreservedInsect","Odd Mushroom","HornCleat","Snecko Eye","Membership Card","Anchor","Boot","Letter Opener","Gambling Chip","DataDisk","Calling Bell","Happy Flower","Mercury Hourglass","Thread and Needle","Matryoshka","Regal Pillow","Potion Belt","Juzu Bracelet"],"acts_visited":["Exordium","TheCity","TheBeyond"],"potions_floor_usage":[6,6,6,19,33,40,45,45],"damage_taken":[{"damage":0,"enemies":"Cultist","floor":1,"turns":1},{"damage":0,"enemies":"Jaw Worm","floor":2,"turns":1},{"damage":0,"enemies":"2 Louse","floor":5,"turns":1},{"damage":18,"enemies":"Gremlin Nob","floor":6,"turns":4},{"damage":3,"enemies":"Lagavulin","floor":8,"turns":7},{"damage":23,"enemies":"Gremlin Nob","floor":11,"turns":4},{"damage":11,"enemies":"The Mushroom Lair","floor":13,"turns":4},{"damage":11,"enemies":"3 Sentries","floor":14,"turns":5},{"damage":13,"enemies":"The Guardian","floor":16,"turns":9},{"damage":2,"enemies":"Shell Parasite","floor":18,"turns":3},{"damage":6,"enemies":"2 Thieves","floor":19,"turns":3},{"damage":34,"enemies":"Slavers","floor":24,"turns":5},{"damage":9,"enemies":"Snake Plant","floor":25,"turns":3},{"damage":0,"enemies":"Chosen and Byrds","floor":30,"turns":3},{"damage":4,"enemies":"Book of Stabbing","floor":31,"turns":3},{"damage":0,"enemies":"Automaton","floor":33,"turns":5},{"damage":0,"enemies":"Orb Walker","floor":35,"turns":2},{"damage":1,"enemies":"3 Shapes","floor":36,"turns":3},{"damage":0,"enemies":"3 Darklings","floor":37,"turns":4},{"damage":26,"enemies":"4 Shapes","floor":39,"turns":3},{"damage":27,"enemies":"Nemesis","floor":40,"turns":3},{"damage":0,"enemies":"Giant Head","floor":42,"turns":4},{"damage":3,"enemies":"Donu and Deca","floor":45,"turns":6}],"seed_played":"-2156082973948732170","potions_obtained":[{"floor":1,"key":"Fire Potion"},{"floor":2,"key":"Energy Potion"},{"floor":5,"key":"SkillPotion"},{"floor":8,"key":"Block Potion"},{"floor":19,"key":"BlessingOfTheForge"},{"floor":33,"key":"SpeedPotion"},{"floor":36,"key":"LiquidBronze"},{"floor":39,"key":"ColorlessPotion"},{"floor":42,"key":"Regen Potion"}],"is_trial":false,"path_per_floor":["M","M","?","$","M","E","R","E","T","R","E","T","?","E","R","B",null,"M","M","$","?","?","R","E","M","T","R","$","R","M","E","R","B",null,"M","M","M","?","M","E","R","E","T","?","B",null],"character_chosen":"DEFECT","items_purchased":["Membership Card","Storm","Anchor","Secret Technique","Storm"],"campfire_rested":3,"item_purchase_floors":[20,20,20,28,28],"current_hp_per_floor":[75,75,75,75,75,57,57,54,54,54,31,31,20,9,31,18,75,73,67,67,67,67,67,33,24,24,24,24,46,46,42,42,42,75,75,74,74,65,39,12,34,34,34,34,45],"gold":379,"neow_bonus":"THREE_ENEMY_KILL","is_daily":false,"chose_seed":false,"campfire_upgraded":5,"win_rate":0.0,"timestamp":1608333737,"path_taken":["M","M","?","$","?","E","R","E","T","R","E","?","?","E","R","BOSS","M","M","$","?","?","R","E","M","T","R","$","R","M","E","R","BOSS","M","M","M","?","M","E","R","E","T","?","BOSS"],"items_purchased_type":["Relic","Card","Relic","Card","Card"],"build_version":"2020-12-13","purchased_purges":3,"victory":true,"max_hp_per_floor":[75,75,75,75,75,75,75,75,75,75,75,75,75,75,75,75,75,75,75,75,75,75,75,75,75,75,75,75,75,75,75,75,75,75,75,75,75,75,75,75,75,75,75,75,75],"card_choices":[{"not_picked":["White Noise","Scrape","Skim"],"picked":"SKIP","floor":1},{"not_picked":["Glacier","BootSequence"],"picked":"Storm","floor":2},{"not_picked":["Leap","Stack"],"picked":"Hello World","floor":5},{"not_picked":["Compile Driver","Leap","Streamline"],"picked":"SKIP","floor":6},{"not_picked":["Beam Cell","Gash"],"picked":"Turbo","floor":8},{"not_picked":["Gash","Ball Lightning"],"picked":"Reinforced Body","floor":11},{"not_picked":["Gash","Steam"],"picked":"Hello World","floor":14},{"not_picked":["Seek","Reboot"],"picked":"Thunder Strike","floor":16},{"not_picked":["Compile Driver+1","Gash","Beam Cell+1"],"picked":"SKIP","floor":18},{"not_picked":["Go for the Eyes+1","Turbo+1","White Noise"],"picked":"SKIP","floor":19},{"not_picked":["Turbo+1","Lockon"],"picked":"Meteor Strike","floor":24},{"not_picked":["Sweeping Beam+1","Rip and Tear","Gash"],"picked":"SKIP","floor":25},{"not_picked":["Coolheaded","Auto Shields"],"picked":"BootSequence","floor":30},{"not_picked":["Steam+1","Redo"],"picked":"Hologram+1","floor":31},{"not_picked":["Amplify","Thunder Strike"],"picked":"Creative AI","floor":33},{"not_picked":["Gash","Compile Driver+1","Rebound+1"],"picked":"SKIP","floor":35},{"not_picked":["Leap+1","Cold Snap","Rebound"],"picked":"SKIP","floor":36},{"not_picked":["Gash","Auto Shields+1"],"picked":"Chill+1","floor":37},{"not_picked":["Rebound","Hello World"],"picked":"Defragment","floor":39},{"not_picked":["Multi-Cast","Compile Driver","Fusion+1"],"picked":"SKIP","floor":40},{"not_picked":["Gash+1","Turbo+1"],"picked":"Hologram+1","floor":42}],"player_experience":306330,"relics_obtained":[{"floor":6,"key":"MawBank"},{"floor":8,"key":"Whetstone"},{"floor":9,"key":"Art of War"},{"floor":11,"key":"PreservedInsect"},{"floor":13,"key":"Odd Mushroom"},{"floor":14,"key":"HornCleat"},{"floor":24,"key":"Letter Opener"},{"floor":26,"key":"Gambling Chip"},{"floor":31,"key":"DataDisk"},{"floor":34,"key":"Happy Flower"},{"floor":34,"key":"Mercury Hourglass"},{"floor":34,"key":"Thread and Needle"},{"floor":40,"key":"Matryoshka"},{"floor":42,"key":"Regal Pillow"},{"floor":43,"key":"Potion Belt"},{"floor":43,"key":"Juzu Bracelet"}],"event_choices":[{"damage_healed":0,"gold_gain":0,"cards_transformed":["Strike_B"],"player_choice":"Transformed","damage_taken":0,"max_hp_gain":0,"max_hp_loss":0,"event_name":"Transmorgrifier","floor":3,"gold_loss":0,"cards_obtained":["Creative AI"]},{"damage_healed":0,"gold_gain":0,"player_choice":"Fought Mushrooms","damage_taken":0,"max_hp_gain":0,"max_hp_loss":0,"event_name":"Mushrooms","floor":13,"gold_loss":0},{"damage_healed":0,"gold_gain":0,"player_choice":"Opened","damage_taken":0,"relics_obtained":["Boot"],"max_hp_gain":0,"max_hp_loss":0,"event_name":"The Mausoleum","floor":21,"gold_loss":0,"cards_obtained":["Writhe"]},{"damage_healed":0,"gold_gain":0,"player_choice":"Ignored","damage_taken":0,"max_hp_gain":0,"max_hp_loss":0,"event_name":"Vampires","floor":22,"gold_loss":0},{"damage_healed":0,"gold_gain":0,"player_choice":"Embrace Madness","damage_taken":9,"max_hp_gain":0,"max_hp_loss":0,"event_name":"Winding Halls","floor":38,"gold_loss":0,"cards_obtained":["Madness","Madness"]},{"damage_healed":0,"gold_gain":0,"player_choice":"Took Portal","damage_taken":0,"max_hp_gain":0,"max_hp_loss":0,"event_name":"SecretPortal","floor":44,"gold_loss":0}],"is_beta":false,"boss_relics":[{"not_picked":["SlaversCollar","Runic Dome"],"picked":"Snecko Eye"},{"not_picked":["SacredBark","Coffee Dripper"],"picked":"Calling Bell"}],"items_purged_floors":[4,20,28],"is_endless":false,"potions_floor_spawned":[1,2,5,8,19,33,36,39,42],"ascension_level":2}}