{"host":"bux1pdxjwq4dkad9","time":1608285588,"event":{"mods":["BaseMod","Colored Map","Minty Spire (QoL Compilation)","Quick Restart","Robot Space Explorer","StSLib","SuperFastMode","°æ“≈ŒÔMod°øºÚµ•”Œœ∑"],"gold_per_floor":[115,131,131,142,217,249,269,294,342,370,435,161,194,213,213,286,286,299,310,310,327,343,343,368,368,368,401,501,528,547,547,547,618,618,634,681,681,631,650,677,254,289,289,289,318,353,426,436,436,436,436,436,64,94,94],"floor_reached":56,"playtime":1996,"items_purged":["RobotSpaceExplorer:Strike","RobotSpaceExplorer:Strike","RobotSpaceExplorer:Strike","RobotSpaceExplorer:Defend"],"score":3422,"play_id":"a5d12c2f-383e-4db4-af57-e014b8234104","local_time":"20201218175948","is_ascension_mode":true,"campfire_choices":[{"data":"RobotSpaceExplorer:MiniLasers","floor":15,"key":"SMITH"},{"floor":23,"key":"RECALL"},{"data":"RobotSpaceExplorer:Fix","floor":25,"key":"SMITH"},{"data":"RobotSpaceExplorer:ExhaustFan","floor":32,"key":"SMITH"},{"data":"Panache","floor":44,"key":"SMITH"},{"data":"RobotSpaceExplorer:SwiftStep","floor":49,"key":"SMITH"},{"data":"RobotSpaceExplorer:SelfCleaning","floor":52,"key":"SMITH"}],"circlet_count":0,"master_deck":["AscendersBane","RobotSpaceExplorer:Defend","RobotSpaceExplorer:Defend","RobotSpaceExplorer:Defend","RobotSpaceExplorer:Scan","RobotSpaceExplorer:MiniLasers+1","RobotSpaceExplorer:Fix+1","RobotSpaceExplorer:SelfCleaning+1","RobotSpaceExplorer:SwiftStep+1","RobotSpaceExplorer:ExhaustFan+1","Panache+1"],"relics":["RobotSpaceExplorer:TurboCore","ImprovedEquipment","RobotSpaceExplorer:BottledGravity","Shuriken","Art of War","Smiling Mask","Tiny Chest","RobotSpaceExplorer:ToughPlating","RobotSpaceExplorer:SlideRule","Bird Faced Urn","Coffee Dripper","Incense Burner","WingedGreaves","Ornamental Fan","Du-Vu Doll","Bottled Tornado","Eternal Feather","Unceasing Top","Calipers","Oddly Smooth Stone","ClockworkSouvenir","Akabeko","Question Card","Ice Cream","Darkstone Periapt","Anchor","Bronze Scales","Ginger"],"acts_visited":["Exordium","TheCity","TheBeyond","TheEnding"],"potions_floor_usage":[],"damage_taken":[{"damage":0,"enemies":"Small Slimes","floor":1,"turns":2},{"damage":0,"enemies":"Jaw Worm","floor":2,"turns":2},{"damage":0,"enemies":"2 Louse","floor":4,"turns":2},{"damage":0,"enemies":"Lagavulin","floor":6,"turns":5},{"damage":0,"enemies":"Looter","floor":7,"turns":2},{"damage":0,"enemies":"3 Sentries","floor":8,"turns":5},{"damage":0,"enemies":"Gremlin Nob","floor":10,"turns":3},{"damage":0,"enemies":"Gremlin Nob","floor":11,"turns":4},{"damage":0,"enemies":"3 Sentries","floor":13,"turns":5},{"damage":0,"enemies":"Exordium Wildlife","floor":14,"turns":3},{"damage":0,"enemies":"Slime Boss","floor":16,"turns":6},{"damage":0,"enemies":"2 Thieves","floor":18,"turns":2},{"damage":0,"enemies":"Chosen","floor":19,"turns":3},{"damage":0,"enemies":"Centurion and Healer","floor":21,"turns":2},{"damage":0,"enemies":"Cultist and Chosen","floor":22,"turns":3},{"damage":0,"enemies":"Slavers","floor":24,"turns":2},{"damage":0,"enemies":"Gremlin Leader","floor":27,"turns":2},{"damage":0,"enemies":"Colosseum Slavers","floor":28,"turns":2},{"damage":0,"enemies":"Colosseum Nobs","floor":28,"turns":2},{"damage":0,"enemies":"Book of Stabbing","floor":29,"turns":2},{"damage":0,"enemies":"Snake Plant","floor":30,"turns":2},{"damage":0,"enemies":"Automaton","floor":33,"turns":2},{"damage":0,"enemies":"3 Shapes","floor":35,"turns":2},{"damage":0,"enemies":"2 Orb Walkers","floor":36,"turns":2},{"damage":0,"enemies":"Orb Walker","floor":39,"turns":1},{"damage":0,"enemies":"Reptomancer","floor":40,"turns":1},{"damage":0,"enemies":"Giant Head","floor":42,"turns":1},{"damage":0,"enemies":"Nemesis","floor":45,"turns":1},{"damage":0,"enemies":"Reptomancer","floor":46,"turns":1},{"damage":0,"enemies":"3 Darklings","floor":48,"turns":1},{"damage":0,"enemies":"Donu and Deca","floor":50,"turns":1},{"damage":0,"enemies":"Shield and Spear","floor":54,"turns":1},{"damage":0,"enemies":"The Heart","floor":55,"turns":3}],"seed_played":"-3851878233028540786","potions_obtained":[{"floor":2,"key":"RobotSpaceExplorer:RecyclePotion"},{"floor":7,"key":"FearPotion"},{"floor":11,"key":"Block Potion"}],"is_trial":false,"path_per_floor":["M","M","?","M","?","E","M","E","T","E","?","$","E","M","R","B",null,"M","M","?","M","M","R","E","R","T","E","?","E","M","T","R","B",null,"M","?","?","$","M","E","$","E","T","R","E","E","T","M","R","B",null,"R","$","E","B",null],"character_chosen":"RobotSpaceExplorer","items_purchased":["RobotSpaceExplorer:SwiftStep","RobotSpaceExplorer:SlideRule","ClockworkSouvenir","Panache","Anchor","Bronze Scales"],"campfire_rested":0,"item_purchase_floors":[12,12,41,41,53,53],"current_hp_per_floor":[71,75,49,53,42,46,50,54,54,58,62,62,66,70,70,74,77,78,78,78,78,78,78,78,78,78,78,78,78,78,78,78,78,78,78,78,78,78,78,78,78,78,78,78,78,78,78,78,78,78,78,78,78,78,78],"gold":94,"neow_bonus":"TEN_PERCENT_HP_BONUS","is_daily":false,"chose_seed":false,"campfire_upgraded":6,"win_rate":0.0,"timestamp":1608285588,"path_taken":["M","M","?","M","?","E","M","E","T","E","?","$","E","M","R","BOSS","M","M","?","M","M","R","E","R","T","E","?","E","M","?","R","BOSS","M","?","?","?","M","E","$","E","T","R","E","E","?","M","R","BOSS","R","$","E","BOSS"],"items_purchased_type":["Card","Relic","Relic","Card","Relic","Relic"],"build_version":"2020-12-13","purchased_purges":4,"victory":true,"max_hp_per_floor":[78,78,78,78,78,78,78,78,78,78,78,78,78,78,78,78,78,78,78,78,78,78,78,78,78,78,78,78,78,78,78,78,78,78,78,78,78,78,78,78,78,78,78,78,78,78,78,78,78,78,78,78,78,78,78],"card_choices":[{"not_picked":["RobotSpaceExplorer:FranticSearch","RobotSpaceExplorer:SurgingShield"],"picked":"RobotSpaceExplorer:Fix","floor":1},{"not_picked":["RobotSpaceExplorer:MetalStrike","RobotSpaceExplorer:ImprovisedAttack","RobotSpaceExplorer:ScrapMissile"],"picked":"SKIP","floor":2},{"not_picked":["RobotSpaceExplorer:SurgingShield","RobotSpaceExplorer:ScrapToss","RobotSpaceExplorer:SlimeMissile"],"picked":"SKIP","floor":4},{"not_picked":["RobotSpaceExplorer:TurboDodge","RobotSpaceExplorer:PlasmaMissile","RobotSpaceExplorer:Pulsar"],"picked":"SKIP","floor":6},{"not_picked":["RobotSpaceExplorer:Probe","RobotSpaceExplorer:Discharger","RobotSpaceExplorer:FrostMissile"],"picked":"SKIP","floor":7},{"not_picked":["RobotSpaceExplorer:ScrapMissile","RobotSpaceExplorer:JunkDive","RobotSpaceExplorer:ImprovisedAttack"],"picked":"SKIP","floor":8},{"not_picked":["RobotSpaceExplorer:Ammunition","RobotSpaceExplorer:PowerCollector"],"picked":"RobotSpaceExplorer:SelfCleaning","floor":10},{"not_picked":["RobotSpaceExplorer:Calculate","RobotSpaceExplorer:Jetpack","RobotSpaceExplorer:StarDust"],"picked":"SKIP","floor":13},{"not_picked":["RobotSpaceExplorer:SlimeMissile","RobotSpaceExplorer:Fix","RobotSpaceExplorer:ShovelStrike"],"picked":"SKIP","floor":14},{"not_picked":["RobotSpaceExplorer:SwiftStep","RobotSpaceExplorer:RigExplosive","RobotSpaceExplorer:GlueShot+1"],"picked":"SKIP","floor":18},{"not_picked":["RobotSpaceExplorer:Electropulse","RobotSpaceExplorer:ImprovisedAttack","RobotSpaceExplorer:MetalStrike"],"picked":"SKIP","floor":19},{"not_picked":["RobotSpaceExplorer:SwiftStep","RobotSpaceExplorer:PowerCollector","RobotSpaceExplorer:Ammunition"],"picked":"SKIP","floor":21},{"not_picked":["RobotSpaceExplorer:StunGrenade","RobotSpaceExplorer:MiniDrones","RobotSpaceExplorer:Electroshield"],"picked":"SKIP","floor":22},{"not_picked":["RobotSpaceExplorer:Jetpack","RobotSpaceExplorer:Counterblock","RobotSpaceExplorer:ChargingLaser"],"picked":"SKIP","floor":24},{"not_picked":["RobotSpaceExplorer:Calculate","RobotSpaceExplorer:Probe"],"picked":"RobotSpaceExplorer:ExhaustFan","floor":27},{"not_picked":["RobotSpaceExplorer:GlueShot","RobotSpaceExplorer:Fix"],"picked":"RobotSpaceExplorer:PowerCollector","floor":28},{"not_picked":["RobotSpaceExplorer:FrostMissile","RobotSpaceExplorer:TurboDodge","RobotSpaceExplorer:SurgingShield"],"picked":"SKIP","floor":29},{"not_picked":["RobotSpaceExplorer:GearShield","RobotSpaceExplorer:Ammunition+1","RobotSpaceExplorer:ShovelStrike+1"],"picked":"SKIP","floor":30},{"not_picked":["RobotSpaceExplorer:FranticSearch","RobotSpaceExplorer:Ammunition","RobotSpaceExplorer:PowerGlove"],"picked":"SKIP","floor":35},{"not_picked":["RobotSpaceExplorer:Pulsar","RobotSpaceExplorer:Probe+1","RobotSpaceExplorer:Ammunition+1"],"picked":"SKIP","floor":39},{"not_picked":["RobotSpaceExplorer:SlimeMissile","RobotSpaceExplorer:PlasmaMissile","RobotSpaceExplorer:Counterblock+1"],"picked":"SKIP","floor":40},{"not_picked":["RobotSpaceExplorer:TurboDodge+1","RobotSpaceExplorer:JunkDive","RobotSpaceExplorer:Reload"],"picked":"SKIP","floor":42},{"not_picked":["RobotSpaceExplorer:FrostMissile","RobotSpaceExplorer:ShockMissile","RobotSpaceExplorer:Counterblock"],"picked":"SKIP","floor":45},{"not_picked":["RobotSpaceExplorer:Electropulse","RobotSpaceExplorer:DroneSwarm","RobotSpaceExplorer:Probe+1","RobotSpaceExplorer:FreezingShield"],"picked":"SKIP","floor":46},{"not_picked":["RobotSpaceExplorer:FranticSearch","RobotSpaceExplorer:Calculate","RobotSpaceExplorer:DoubleBlock+1","RobotSpaceExplorer:IronShell"],"picked":"SKIP","floor":48},{"not_picked":["RobotSpaceExplorer:GlueShot","RobotSpaceExplorer:FrostMissile","RobotSpaceExplorer:SwiftStep+1","RobotSpaceExplorer:MiniDrones"],"picked":"SKIP","floor":54}],"player_experience":2335033,"relics_obtained":[{"floor":6,"key":"Shuriken"},{"floor":8,"key":"Art of War"},{"floor":9,"key":"Smiling Mask"},{"floor":10,"key":"Tiny Chest"},{"floor":11,"key":"RobotSpaceExplorer:ToughPlating"},{"floor":13,"key":"Bird Faced Urn"},{"floor":24,"key":"Incense Burner"},{"floor":26,"key":"WingedGreaves"},{"floor":27,"key":"Ornamental Fan"},{"floor":28,"key":"Du-Vu Doll"},{"floor":28,"key":"Bottled Tornado"},{"floor":29,"key":"Eternal Feather"},{"floor":31,"key":"Unceasing Top"},{"floor":36,"key":"Calipers"},{"floor":40,"key":"Oddly Smooth Stone"},{"floor":42,"key":"Akabeko"},{"floor":45,"key":"Question Card"},{"floor":46,"key":"Ice Cream"},{"floor":47,"key":"Darkstone Periapt"},{"floor":54,"key":"Ginger"}],"event_choices":[{"damage_healed":0,"gold_gain":0,"player_choice":"Success","damage_taken":26,"relics_obtained":["RobotSpaceExplorer:BottledGravity"],"max_hp_gain":0,"max_hp_loss":0,"event_name":"Scrap Ooze","floor":3,"gold_loss":0},{"damage_healed":0,"gold_gain":75,"player_choice":"Gather Gold","damage_taken":11,"max_hp_gain":0,"max_hp_loss":0,"event_name":"World of Goop","floor":5,"gold_loss":0},{"damage_healed":0,"gold_gain":0,"player_choice":"Searched \u00271\u0027 times","damage_taken":0,"max_hp_gain":0,"max_hp_loss":0,"event_name":"Dead Adventurer","floor":11,"gold_loss":0},{"cards_removed":["RobotSpaceExplorer:Strike"],"damage_healed":0,"gold_gain":0,"player_choice":"Elegance","damage_taken":0,"max_hp_gain":0,"max_hp_loss":0,"event_name":"Back to Basics","floor":20,"gold_loss":0},{"damage_healed":0,"gold_gain":0,"player_choice":"Fight","damage_taken":0,"max_hp_gain":0,"max_hp_loss":0,"event_name":"Colosseum","floor":28,"gold_loss":0},{"damage_healed":0,"gold_gain":0,"player_choice":"Fought Nobs","damage_taken":0,"max_hp_gain":0,"max_hp_loss":0,"event_name":"Colosseum","floor":28,"gold_loss":0},{"damage_healed":0,"gold_gain":0,"player_choice":"Fight","damage_taken":0,"max_hp_gain":0,"max_hp_loss":0,"event_name":"Mysterious Sphere","floor":36,"gold_loss":0},{"cards_removed":["RobotSpaceExplorer:PowerCollector"],"damage_healed":0,"gold_gain":0,"player_choice":"Removed Power","damage_taken":0,"max_hp_gain":0,"max_hp_loss":0,"event_name":"Falling","floor":37,"gold_loss":0}],"is_beta":false,"boss_relics":[{"not_picked":["Snecko Eye","SlaversCollar"],"picked":"Coffee Dripper"},{"not_picked":["Velvet Choker","Cursed Key"],"picked":"RobotSpaceExplorer:TurboCore"}],"items_purged_floors":[12,38,41,53],"is_endless":false,"potions_floor_spawned":[2,7,11,14,19,21,22,28,30,33,36,39,42,45,48],"ascension_level":18}}