{"host":"t1vpakp2szhr3it6","time":1608291851,"event":{"mods":["BaseMod","Colored Powertips","GifTheSpireLib","Library of Ruina","Library of Ruina Extra","Minty Spire (QoL Compilation)","Rare Cards Sparkle","Replay The Spire","StSLib","UnlockEverythingMod","ÛÙª÷∏ƒœ","¿œ“¡¿Ú—≈"],"gold_per_floor":[113,130,110,129,148,148,167,167,167,186,206,217,217,236,236,339,339,322,322,322,16,16,46,46,62,133,146,157,172,207,232,232,232,232],"floor_reached":33,"playtime":2741,"items_purged":[],"score":333,"play_id":"2108c69e-90a1-47e7-ac2b-b5d788e64cb3","local_time":"20201218194411","is_ascension_mode":false,"campfire_choices":[{"data":"SunsetBlade","floor":6,"key":"SMITH"},{"floor":8,"key":"REST"},{"data":"ForTheFamily","floor":15,"key":"SMITH"},{"data":"InnerArdor","floor":24,"key":"SMITH"},{"floor":32,"key":"REST"}],"circlet_count":0,"master_deck":["LightDefense","LightAttack","LightAttack","LightDefense","LightDefense","ChargeAndCover","FocusedStrikes","AutonomousRush","SunsetBlade+1","InnerArdor","SharpenedBlade","InnerArdor+1","DefenseOrder","GuidanceOfTheGears","FleetEdge","ForTheFamily+1","UnforgettableMelody","ToOvercomeCrisis+1","Parasite","UnforgettableMelody+1","FrontalAssault+1","Necronomicurse","DaringDecision","Crow Ritual","DesperateStruggle","RatsGuideToSurvival+1","YoureAHindrance","SunsetBlade","HighKick","ElectricShock","Suppress","LawAndOrder"],"relics":["PageOfLibrarian","Replay:Ringing Soul","Astrolabe","Necronomicon","Lizard Tail","Snack Pack","Replay:Bottled Snecko","Replay:Bottled Steam","Red Mask"],"acts_visited":["Exordium","TheCity"],"potions_floor_usage":[16,18,23,33],"damage_taken":[{"damage":6,"enemies":"Cultist","floor":1,"turns":3},{"damage":6,"enemies":"Jaw Worm","floor":2,"turns":3},{"damage":5,"enemies":"2 Louse","floor":4,"turns":3},{"damage":8,"enemies":"Exordium Thugs","floor":5,"turns":7},{"damage":11,"enemies":"3 Louse","floor":7,"turns":6},{"damage":0,"enemies":"Red Slaver","floor":10,"turns":4},{"damage":10,"enemies":"Looter","floor":11,"turns":3},{"damage":0,"enemies":"Blue Slaver","floor":12,"turns":2},{"damage":16,"enemies":"Exordium Wildlife","floor":14,"turns":6},{"damage":17,"enemies":"Slime Boss","floor":16,"turns":13},{"damage":23,"enemies":"2 Thieves","floor":18,"turns":4},{"damage":30,"enemies":"Slavers","floor":23,"turns":3},{"damage":32,"enemies":"3 Byrds","floor":25,"turns":5},{"damage":25,"enemies":"Snecko","floor":27,"turns":5},{"damage":29,"enemies":"Snake Plant","floor":28,"turns":4},{"damage":16,"enemies":"Centurion and Healer","floor":29,"turns":3},{"damage":20,"enemies":"Book of Stabbing","floor":30,"turns":6},{"damage":0,"enemies":"Masked Bandits","floor":31,"turns":2},{"damage":64,"enemies":"KingOfGreed","floor":33,"turns":4}],"seed_played":"8296743609504556574","potions_obtained":[{"floor":3,"key":"DistilledChaos"},{"floor":4,"key":"Reflective Coating"},{"floor":7,"key":"Weak Potion"},{"floor":12,"key":"ColorlessPotion"},{"floor":23,"key":"Dexterity Potion"},{"floor":25,"key":"LiquidBronze"},{"floor":29,"key":"SteroidPotion"}],"is_trial":false,"path_per_floor":["M","M","?","M","M","R","M","R","T","M","M","M","?","M","R","B",null,"M","?","T","$","?","E","R","M","T","M","M","M","E","?","R","B"],"character_chosen":"Librarian","items_purchased":["DaringDecision","Crow Ritual"],"campfire_rested":2,"item_purchase_floors":[21,21],"current_hp_per_floor":[54,48,48,43,35,35,24,49,49,52,45,48,51,38,38,24,105,85,72,72,75,78,51,51,22,22,66,40,29,14,17,58,0,0],"gold":232,"neow_bonus":"TRANSFORM_CARD","is_daily":false,"chose_seed":false,"campfire_upgraded":3,"win_rate":0.0,"timestamp":1608291851,"path_taken":["M","?","?","M","M","R","M","R","T","?","M","?","?","M","R","BOSS","M","?","?","$","?","E","R","M","T","?","M","M","E","?","R","BOSS"],"items_purchased_type":["Card","Card"],"build_version":"2020-12-13","purchased_purges":0,"victory":false,"max_hp_per_floor":[65,219,219,84,84,84,84,84,84,87,90,93,96,99,99,102,105,108,111,111,114,117,120,120,123,123,126,129,132,135,138,138,138,138],"card_choices":[{"not_picked":["SilentMist","AutomatedMovement","ShrineToMusic"],"picked":"SunsetBlade","floor":1},{"not_picked":["FleetEdge","ToOvercomeCrisis","Ripple"],"picked":"InnerArdor","floor":2},{"not_picked":["NightInTheBackstreets","BindingArms","OpportunitySpotted"],"picked":"SharpenedBlade","floor":4},{"not_picked":["Rewind","Pound","EnergyCycle"],"picked":"InnerArdor","floor":5},{"not_picked":["Deflect_lor","HighKick","Riposte"],"picked":"DefenseOrder","floor":7},{"not_picked":["Gamble","SparkingSpear","Pound"],"picked":"GuidanceOfTheGears","floor":10},{"not_picked":["ToOvercomeCrisis","GuidanceOfTheGears","StructuralAnalysis"],"picked":"FleetEdge","floor":11},{"not_picked":["StructuralAnalysis","FlyingSword","BizarreAttack"],"picked":"SunsetBlade","floor":12},{"not_picked":["BackstreetsDash","Ripple","Feast"],"picked":"ForTheFamily","floor":14},{"not_picked":["FormingStorm","TieShanKao"],"picked":"UnforgettableMelody","floor":16},{"not_picked":["StrongStrike","LawAndOrder+1","BizarreAttack"],"picked":"FrontalAssault+1","floor":18},{"not_picked":["DarkCloud","FlowOfTheSword","AlloutWar+1"],"picked":"RatsGuideToSurvival+1","floor":23},{"not_picked":["AutonomousRush","MultiHit","FleetEdge"],"picked":"YoureAHindrance","floor":25},{"not_picked":["AsThePrescriptOrders","EnergyCycle","Zzzzzap"],"picked":"SunsetBlade","floor":27},{"not_picked":["AssaultOrder","EndlessBattle","Rewind"],"picked":"HighKick","floor":28},{"not_picked":["SunsetBlade","Leap_lor","StructuralAnalysis"],"picked":"ElectricShock","floor":29},{"not_picked":["DirtyBlow","FlowOfTheSword","UnavoidableGaze"],"picked":"Suppress","floor":30},{"not_picked":["Bvapour+1","Collision+1","GuidanceOfTheGears"],"picked":"LawAndOrder","floor":31}],"player_experience":51766,"relics_obtained":[{"floor":9,"key":"Replay:Ringing Soul"},{"floor":19,"key":"Necronomicon"},{"floor":20,"key":"Lizard Tail"},{"floor":23,"key":"Snack Pack"},{"floor":26,"key":"Replay:Bottled Snecko"},{"floor":30,"key":"Replay:Bottled Steam"},{"floor":31,"key":"Red Mask"}],"event_choices":[{"damage_healed":0,"gold_gain":0,"player_choice":"Bought 1 Potion","damage_taken":0,"max_hp_gain":0,"max_hp_loss":0,"event_name":"The Woman in Blue","floor":3,"gold_loss":0},{"damage_healed":0,"gold_gain":0,"player_choice":"Cursed","damage_taken":0,"max_hp_gain":0,"max_hp_loss":0,"event_name":"Wheel of Change","floor":13,"gold_loss":0,"cards_obtained":["Decay"]},{"damage_healed":0,"gold_gain":0,"player_choice":"Obtained Book","damage_taken":16,"max_hp_gain":0,"max_hp_loss":0,"event_name":"Cursed Tome","floor":19,"gold_loss":0},{"damage_healed":0,"gold_gain":0,"cards_transformed":["LightAttack"],"player_choice":"Transformed","damage_taken":0,"max_hp_gain":0,"max_hp_loss":0,"event_name":"Transmorgrifier","floor":22,"gold_loss":0,"cards_obtained":["DesperateStruggle"]},{"damage_healed":0,"gold_gain":0,"player_choice":"Fought Bandits","damage_taken":0,"max_hp_gain":0,"max_hp_loss":0,"event_name":"Masked Bandits","floor":31,"gold_loss":0}],"is_beta":false,"boss_relics":[{"not_picked":["Honey Jar","Replay:Grab Bag"],"picked":"Astrolabe"}],"items_purged_floors":[],"is_endless":false,"potions_floor_spawned":[4,7,12,14,23,25,29,30],"killed_by":"KingOfGreed","ascension_level":0}}