{"host":"345fbjaiqlx301na","time":1608281127,"event":{"mods":["AchievementEnabler","Act Like it!","BaseMod","Bestiary","Better Note","Better Sensory Stone","Better Third Choice","Colored Powertips","Downfall","Ekko","Minty Spire (QoL Compilation)","Replay The Spire","StSLib","The Animator","The Death Knight","The Dragon Tamer","The Necromancer","The Senshi"],"gold_per_floor":[109,109,119,20,35,65,79,79,79,97,110,110,127,144,144,248,248,268,249,249,264,274,274,300,300,300,25,44,15,15,69,69,167,167,187,206,223,223,223],"floor_reached":38,"playtime":3596,"items_purged":["ekkoTheBoyWhoShatteredTime:Defend"],"score":454,"play_id":"7865e995-c481-4b43-992e-55bd82de366f","local_time":"20201218034527","is_ascension_mode":false,"campfire_choices":[{"data":"ekkoTheBoyWhoShatteredTime:NeedlesslyLargeRod","floor":8,"key":"SMITH"},{"data":"ekkoTheBoyWhoShatteredTime:ItemsAfterimage","floor":12,"key":"SMITH"},{"floor":15,"key":"REST"},{"data":"ekkoTheBoyWhoShatteredTime:OverloadingWeapon","floor":23,"key":"SMITH"},{"floor":30,"key":"REST"},{"floor":32,"key":"REST"}],"circlet_count":0,"master_deck":["ekkoTheBoyWhoShatteredTime:Strike","ekkoTheBoyWhoShatteredTime:Strike","ekkoTheBoyWhoShatteredTime:Strike","ekkoTheBoyWhoShatteredTime:Strike","ekkoTheBoyWhoShatteredTime:Strike","ekkoTheBoyWhoShatteredTime:Defend","ekkoTheBoyWhoShatteredTime:TimeMaster+1","ekkoTheBoyWhoShatteredTime:Backtrack","ekkoTheBoyWhoShatteredTime:CalmingWaves+1","ekkoTheBoyWhoShatteredTime:NeedlesslyLargeRod+1","ekkoTheBoyWhoShatteredTime:CommittedStrike","ekkoTheBoyWhoShatteredTime:Backtrack","ekkoTheBoyWhoShatteredTime:PulsefirePooling+1","ekkoTheBoyWhoShatteredTime:SpHit","ekkoTheBoyWhoShatteredTime:CalmingWaves","ekkoTheBoyWhoShatteredTime:ItemsAfterimage+1","ekkoTheBoyWhoShatteredTime:Resocharge","ekkoTheBoyWhoShatteredTime:ComeAtMe","ekkoTheBoyWhoShatteredTime:OverloadingWeapon+1","ekkoTheBoyWhoShatteredTime:Resocharge","ekkoTheBoyWhoShatteredTime:AfterimageTimeWrap+1","ekkoTheBoyWhoShatteredTime:NeedlesslyLargeRod+1","ekkoTheBoyWhoShatteredTime:WideSlice","ekkoTheBoyWhoShatteredTime:Resocharge","ekkoTheBoyWhoShatteredTime:NeedlesslyLargeRod","ekkoTheBoyWhoShatteredTime:Greed+1","ekkoTheBoyWhoShatteredTime:NeedlesslyLargeRod+1","ekkoTheBoyWhoShatteredTime:Unchained","ekkoTheBoyWhoShatteredTime:Unleashed","ekkoTheBoyWhoShatteredTime:AcademyAttraction","CurseOfTheBell","ekkoTheBoyWhoShatteredTime:AfterimageDualStroke+1","ekkoTheBoyWhoShatteredTime:AfterimageHit+1","Parasite","ekkoTheBoyWhoShatteredTime:PlayTheBeat+1"],"relics":["ekkoTheBoyWhoShatteredTime:zDriveResonance","NeowsBlessing","Blue Doll","ekkoTheBoyWhoShatteredTime:ResonanceReceiver","Runic Pyramid","Replay:PocketPolymizer","Quantum Egg","Guide Book","Simple Rune","Calling Bell","Boot","Eternal Feather","Replay:Kaleidoscope"],"acts_visited":["Exordium","TheCity","TheBeyond"],"potions_floor_usage":[16,16,24,25,33],"damage_taken":[{"damage":0,"enemies":"Small Slimes","floor":1,"turns":1},{"damage":0,"enemies":"Cultist","floor":3,"turns":1},{"damage":0,"enemies":"2 Louse","floor":5,"turns":1},{"damage":22,"enemies":"Lagavulin","floor":6,"turns":8},{"damage":1,"enemies":"Red Slaver","floor":7,"turns":5},{"damage":6,"enemies":"Gremlin Gang","floor":10,"turns":5},{"damage":6,"enemies":"Exordium Thugs","floor":11,"turns":6},{"damage":11,"enemies":"Red Slaver","floor":13,"turns":4},{"damage":0,"enemies":"Looter","floor":14,"turns":4},{"damage":27,"enemies":"The Guardian","floor":16,"turns":11},{"damage":0,"enemies":"Shell Parasite","floor":18,"turns":3},{"damage":1,"enemies":"2 Thieves","floor":19,"turns":4},{"damage":11,"enemies":"Centurion and Healer","floor":21,"turns":7},{"damage":0,"enemies":"Cultist and Chosen","floor":22,"turns":4},{"damage":39,"enemies":"Gremlin Leader","floor":24,"turns":6},{"damage":14,"enemies":"Snake Plant","floor":25,"turns":3},{"damage":7,"enemies":"3 Cultists","floor":28,"turns":6},{"damage":5,"enemies":"Champ","floor":33,"turns":6},{"damage":0,"enemies":"Orb Walker","floor":35,"turns":3},{"damage":28,"enemies":"3 Darklings","floor":36,"turns":4},{"damage":23,"enemies":"Writhing Mass","floor":37,"turns":4},{"damage":28,"enemies":"4 Shapes","floor":38,"turns":3}],"seed_played":"-2881647488722191215","potions_obtained":[{"floor":1,"key":"Dexterity Potion"},{"floor":7,"key":"Elixir"},{"floor":10,"key":"GamblersBrew"},{"floor":13,"key":"Strength Potion"},{"floor":16,"key":"Elixir"},{"floor":19,"key":"SmokeBomb"},{"floor":21,"key":"EssenceOfSteel"},{"floor":24,"key":"ekkoTheBoyWhoShatteredTime:BottledSheen"}],"is_trial":false,"path_per_floor":["M","?","M","$","M","E","M","R","T","M","M","R","M","M","R","B",null,"M","M","?","M","M","R","E","M","T","$","M","$","R","T","R","B",null,"M","M","M","M"],"character_chosen":"EKKO_THE_BOY_WHO_SHATTERED_TIME","items_purchased":["ekkoTheBoyWhoShatteredTime:NeedlesslyLargeRod","ekkoTheBoyWhoShatteredTime:CommittedStrike","ekkoTheBoyWhoShatteredTime:NeedlesslyLargeRod","Guide Book","ekkoTheBoyWhoShatteredTime:NeedlesslyLargeRod+1"],"campfire_rested":3,"item_purchase_floors":[4,4,27,27,29],"current_hp_per_floor":[78,78,78,78,78,56,55,55,55,49,43,43,32,32,55,28,78,78,77,77,66,66,66,27,13,13,13,6,6,29,29,52,47,78,78,50,27,0,0],"gold":223,"neow_bonus":"THREE_ENEMY_KILL","is_daily":false,"chose_seed":false,"campfire_upgraded":3,"win_rate":0.0,"timestamp":1608281127,"path_taken":["M","?","M","?","?","E","M","R","T","M","M","R","M","M","R","BOSS","M","M","?","M","M","R","E","?","T","?","M","$","R","?","R","BOSS","M","?","M","M"],"items_purchased_type":["Card","Card","Card","Relic","Card"],"build_version":"2020-12-13","purchased_purges":1,"victory":false,"max_hp_per_floor":[78,78,78,78,78,78,78,78,78,78,78,78,78,78,78,78,78,78,78,78,78,78,78,78,78,78,78,78,78,78,78,78,78,78,78,78,78,78,78],"card_choices":[{"not_picked":["ekkoTheBoyWhoShatteredTime:FluidEnergy","ekkoTheBoyWhoShatteredTime:SneakHit"],"picked":"ekkoTheBoyWhoShatteredTime:Backtrack","floor":1},{"not_picked":["ekkoTheBoyWhoShatteredTime:Overflow","ekkoTheBoyWhoShatteredTime:FeelIt"],"picked":"ekkoTheBoyWhoShatteredTime:CalmingWaves","floor":3},{"not_picked":["ekkoTheBoyWhoShatteredTime:Dash","ekkoTheBoyWhoShatteredTime:SneakHit"],"picked":"ekkoTheBoyWhoShatteredTime:Backtrack","floor":5},{"not_picked":["ekkoTheBoyWhoShatteredTime:KeepingMomentum","ekkoTheBoyWhoShatteredTime:Dash"],"picked":"ekkoTheBoyWhoShatteredTime:PulsefirePooling","floor":6},{"not_picked":["ekkoTheBoyWhoShatteredTime:Dash","ekkoTheBoyWhoShatteredTime:ParallelConvergence"],"picked":"ekkoTheBoyWhoShatteredTime:SpHit","floor":7},{"not_picked":["ekkoTheBoyWhoShatteredTime:HauntedAfterimage","ekkoTheBoyWhoShatteredTime:Unchained"],"picked":"ekkoTheBoyWhoShatteredTime:CalmingWaves","floor":10},{"not_picked":["ekkoTheBoyWhoShatteredTime:AfterimageBait","ekkoTheBoyWhoShatteredTime:IceBreak"],"picked":"ekkoTheBoyWhoShatteredTime:ItemsAfterimage","floor":11},{"not_picked":["ekkoTheBoyWhoShatteredTime:PlayTheBeat","ekkoTheBoyWhoShatteredTime:SneakHit"],"picked":"ekkoTheBoyWhoShatteredTime:Resocharge","floor":13},{"not_picked":["ekkoTheBoyWhoShatteredTime:QuickBreak","ekkoTheBoyWhoShatteredTime:HauntedAfterimage"],"picked":"ekkoTheBoyWhoShatteredTime:ComeAtMe","floor":14},{"not_picked":["ekkoTheBoyWhoShatteredTime:GrandeFinale","ekkoTheBoyWhoShatteredTime:Chronobreak"],"picked":"ekkoTheBoyWhoShatteredTime:OverloadingWeapon","floor":16},{"not_picked":["ekkoTheBoyWhoShatteredTime:AfterimageDualStroke","ekkoTheBoyWhoShatteredTime:TimeRecall"],"picked":"ekkoTheBoyWhoShatteredTime:Resocharge","floor":18},{"not_picked":["ekkoTheBoyWhoShatteredTime:KneeNSwordCombo","ekkoTheBoyWhoShatteredTime:WaitForKeyTiming"],"picked":"ekkoTheBoyWhoShatteredTime:AfterimageTimeWrap+1","floor":19},{"not_picked":["ekkoTheBoyWhoShatteredTime:Disturblast+1","ekkoTheBoyWhoShatteredTime:PhaseDive"],"picked":"ekkoTheBoyWhoShatteredTime:NeedlesslyLargeRod+1","floor":21},{"not_picked":["ekkoTheBoyWhoShatteredTime:TrickOrTreatTrend","ekkoTheBoyWhoShatteredTime:PhaseDive"],"picked":"ekkoTheBoyWhoShatteredTime:WideSlice","floor":22},{"not_picked":["ekkoTheBoyWhoShatteredTime:Acceleration","ekkoTheBoyWhoShatteredTime:ItemsAfterimage"],"picked":"ekkoTheBoyWhoShatteredTime:Resocharge","floor":24},{"not_picked":["ekkoTheBoyWhoShatteredTime:MicCheck+1","ekkoTheBoyWhoShatteredTime:QuickBreak"],"picked":"ekkoTheBoyWhoShatteredTime:Greed+1","floor":28},{"not_picked":["ekkoTheBoyWhoShatteredTime:ProjectPreference","ekkoTheBoyWhoShatteredTime:Discharge"],"picked":"ekkoTheBoyWhoShatteredTime:AcademyAttraction","floor":33},{"not_picked":["ekkoTheBoyWhoShatteredTime:Process","ekkoTheBoyWhoShatteredTime:Greed"],"picked":"ekkoTheBoyWhoShatteredTime:AfterimageDualStroke+1","floor":35},{"not_picked":["ekkoTheBoyWhoShatteredTime:Playful","ekkoTheBoyWhoShatteredTime:QuickBreak"],"picked":"ekkoTheBoyWhoShatteredTime:AfterimageHit+1","floor":36},{"not_picked":["ekkoTheBoyWhoShatteredTime:Greed","ekkoTheBoyWhoShatteredTime:Knowledge+1"],"picked":"ekkoTheBoyWhoShatteredTime:PlayTheBeat+1","floor":37}],"player_experience":65478,"relics_obtained":[{"floor":6,"key":"Blue Doll"},{"floor":9,"key":"ekkoTheBoyWhoShatteredTime:ResonanceReceiver"},{"floor":24,"key":"Replay:PocketPolymizer"},{"floor":26,"key":"Quantum Egg"},{"floor":31,"key":"Simple Rune"},{"floor":34,"key":"Boot"},{"floor":34,"key":"Eternal Feather"},{"floor":34,"key":"Replay:Kaleidoscope"}],"event_choices":[{"damage_healed":0,"gold_gain":0,"player_choice":"Forge","damage_taken":0,"max_hp_gain":0,"max_hp_loss":0,"event_name":"Accursed Blacksmith","floor":2,"gold_loss":0,"cards_upgraded":["ekkoTheBoyWhoShatteredTime:TimeMaster"]},{"damage_healed":0,"gold_gain":0,"player_choice":"Ignored","damage_taken":0,"max_hp_gain":0,"max_hp_loss":0,"event_name":"betterNote:BetterNote","floor":20,"gold_loss":0,"cards_obtained":["Strike_W"]}],"is_beta":false,"boss_relics":[{"not_picked":["Velvet Choker","Coffee Dripper"],"picked":"Runic Pyramid"},{"not_picked":["Replay:Bronze Core","Runic Dome"],"picked":"Calling Bell"}],"items_purged_floors":[27],"is_endless":false,"potions_floor_spawned":[1,7,10,13,16,19,21,22,24],"killed_by":"4 Shapes","ascension_level":0}}