{"host":"bucz1ta8m37ss0gy","time":1608293402,"event":{"mods":["Abigail Mod","BaseMod","CapriCore","Koishi","Marisa£¨Ùöéë¡¡Øª×âÞÞ£©","Minty Spire (QoL Compilation)","StSLib","The Dragon Tamer","The Immortal","The Wild Card","WarShipGirlsR/??á´Ò³R mod","Youmu£¨ûëÛÞèí?£©"],"gold_per_floor":[115,133,144,162,132,132,86,86,165,196,196,196,222,241,241,241,241],"floor_reached":16,"playtime":644,"items_purged":[],"score":100,"play_id":"3e71ffd6-081a-45b8-85a9-965d260764a9","local_time":"20201218211002","is_ascension_mode":false,"campfire_choices":[{"data":"Koishi:FreudianInstinct","floor":6,"key":"SMITH"},{"floor":15,"key":"REST"}],"circlet_count":0,"master_deck":["Koishi:BasicStrike","Koishi:BasicStrike","Koishi:BasicStrike","Koishi:BasicStrike","Koishi:BasicDefend","Koishi:BasicDefend","Koishi:BasicDefend","Koishi:BasicDefend","Koishi:Provoke","Koishi:HauntingSlash","Koishi:FreudianInstinct+1","Koishi:Prune","Koishi:GhostParty+1","Koishi:YoukaiPolygraph","Koishi:SubterraneanRose","Koishi:SubconsciousSweep","Koishi:TremblingHands","Koishi:UnconsciousUrges","Koishi:JumpScare"],"relics":["Koishi:ImaginaryFriend","NeowsBlessing","Mummified Hand","Ancient Tea Set","Question Card","Odd Mushroom"],"acts_visited":["Exordium"],"potions_floor_usage":[4,10,13,13,16],"damage_taken":[{"damage":0,"enemies":"Cultist","floor":1,"turns":1},{"damage":0,"enemies":"2 Louse","floor":2,"turns":1},{"damage":0,"enemies":"Small Slimes","floor":3,"turns":1},{"damage":5,"enemies":"3 Louse","floor":4,"turns":4},{"damage":0,"enemies":"Looter","floor":5,"turns":4},{"damage":15,"enemies":"3 Sentries","floor":10,"turns":8},{"damage":12,"enemies":"The Mushroom Lair","floor":13,"turns":6},{"damage":0,"enemies":"2 Fungi Beasts","floor":14,"turns":4},{"damage":43,"enemies":"Slime Boss","floor":16,"turns":9}],"seed_played":"-252302967287963097","potions_obtained":[{"floor":1,"key":"Explosive Potion"},{"floor":3,"key":"Fire Potion"},{"floor":4,"key":"Dexterity Potion"},{"floor":10,"key":"CultistPotion"},{"floor":13,"key":"Energy Potion"}],"is_trial":false,"path_per_floor":["M","M","M","M","M","R","$","?","T","E","?","?","?","M","R","B"],"character_chosen":"KOISHI","items_purchased":["Koishi:SubconsciousSweep"],"campfire_rested":1,"item_purchase_floors":[7],"current_hp_per_floor":[60,60,60,56,56,56,56,56,56,41,41,29,19,20,38,0,0],"gold":241,"neow_bonus":"THREE_ENEMY_KILL","is_daily":false,"chose_seed":false,"campfire_upgraded":1,"win_rate":0.0,"timestamp":1608293402,"path_taken":["M","M","M","M","M","R","?","?","T","E","?","?","?","?","R","BOSS"],"items_purchased_type":["Card"],"build_version":"2020-12-13","purchased_purges":0,"victory":false,"max_hp_per_floor":[60,60,60,60,60,60,60,60,60,60,60,60,60,60,60,60,60],"card_choices":[{"not_picked":["Koishi:PhantomBarrier","Koishi:EmbryosDream"],"picked":"Koishi:FreudianInstinct","floor":1},{"not_picked":["Koishi:DanmakuParanoia","Koishi:DreadfulBlow"],"picked":"Koishi:Prune","floor":2},{"not_picked":["Koishi:SpiritedAway","Koishi:UnansweredLove"],"picked":"Koishi:GhostParty","floor":3},{"not_picked":["Koishi:Untouchable","Koishi:RoseHell"],"picked":"Koishi:YoukaiPolygraph","floor":4},{"not_picked":["Koishi:FourthEye","Koishi:StingingMind"],"picked":"Koishi:SubterraneanRose","floor":5},{"not_picked":["Koishi:YoukaiPolygraph","Koishi:FleetingPhantom"],"picked":"Koishi:TremblingHands","floor":10},{"not_picked":["Koishi:SubterraneanRose","Koishi:ReflexRadar","Koishi:FadingMemory"],"picked":"Koishi:UnconsciousUrges","floor":13},{"not_picked":["Koishi:Prune","Koishi:SubconsciousSweep","Koishi:UnansweredLove"],"picked":"Koishi:JumpScare","floor":14}],"player_experience":297382,"relics_obtained":[{"floor":9,"key":"Mummified Hand"},{"floor":10,"key":"Ancient Tea Set"},{"floor":13,"key":"Odd Mushroom"}],"event_choices":[{"damage_healed":0,"gold_gain":0,"player_choice":"Grow","damage_taken":0,"max_hp_gain":0,"max_hp_loss":0,"event_name":"Living Wall","floor":11,"gold_loss":0,"cards_upgraded":["Koishi:GhostParty"]},{"damage_healed":0,"gold_gain":0,"player_choice":"Success","damage_taken":12,"relics_obtained":["Question Card"],"max_hp_gain":0,"max_hp_loss":0,"event_name":"Scrap Ooze","floor":12,"gold_loss":0},{"damage_healed":0,"gold_gain":0,"player_choice":"Fought Mushrooms","damage_taken":0,"max_hp_gain":0,"max_hp_loss":0,"event_name":"Mushrooms","floor":13,"gold_loss":0}],"is_beta":false,"boss_relics":[],"items_purged_floors":[],"is_endless":false,"potions_floor_spawned":[1,3,4,10,13],"killed_by":"Slime Boss","ascension_level":0}}