{"host":"g0q768mgj82xi5uu","time":1608252880,"event":{"mods":["BaseMod","Downfall","Hero for Fun","Minty Spire (QoL Compilation)","StSLib"],"gold_per_floor":[20,34,34,34,58,94,117,142,142,165,196,219,265,290,290,409,409,429,429,429,429,440,468,485,514,514,514,542,391,411,425,425,520,520,534,549,561,572,589,589,600,634,634,586,605,605,636,651,651,651,651,651,94,129,129],"floor_reached":56,"playtime":799,"items_purged":[],"score":1812,"play_id":"704de9be-47e6-4a74-8dc4-0381bc1a1267","local_time":"20201217205440","is_ascension_mode":false,"campfire_choices":[{"data":"Yawn","floor":15,"key":"SMITH"},{"floor":27,"key":"RECALL"},{"data":"Consecutive_Normal_Punch","floor":32,"key":"SMITH"},{"floor":40,"key":"REST"},{"floor":49,"key":"REST"},{"floor":52,"key":"REST"}],"circlet_count":0,"master_deck":["Strike_Y","Strike_Y","Strike_Y","Strike_Y","Defend_Y","Defend_Y","Defend_Y","Defend_Y","Defend_Y","Normal_Punch","Slap","Consecutive_Normal_Punch+1","Consecutive_Normal_Punch","Consecutive_Normal_Punch","Terrifying_Presence","Yawn+1","Toss_Stone","Ignore","Normal_Punch","Wear_Disguise","Hip_Strike","Oh","Slap","Slap+1","Ignore+1","Consecutive_Normal_Punch","Serious_Side_Hops","Slap","Slap","Slap+1","Serious_Punch","Toss_Stone","Toss_Stone","Consecutive_Normal_Punch","Toss_Stone","Slap+1","Toss_Stone+1","Consecutive_Normal_Punch","Serious_Punch","Slap","Slap","Slap+1","Serious_Punch","Slap","Slap","Slap","Slap","Slap","Slap","Slap+1","Slap+1","Slap","Slap","Swift Strike","Normal_Punch+1"],"relics":["Cape","NeowsBlessing","Bloody Idol","Meat on the Bone","Prayer Wheel","Mercury Hourglass","Pen Nib","SlaversCollar","Ginger","Akabeko","Blood Vial","Orrery","Sozu","Art of War","Incense Burner","Blue Candle","Vajra","Lantern","HandDrill","Orichalcum"],"acts_visited":["Exordium","TheCity","TheBeyond","TheEnding"],"potions_floor_usage":[],"damage_taken":[{"damage":0,"enemies":"Jaw Worm","floor":1,"turns":1},{"damage":0,"enemies":"2 Louse","floor":2,"turns":1},{"damage":0,"enemies":"Cultist","floor":5,"turns":1},{"damage":0,"enemies":"Gremlin Nob","floor":6,"turns":1},{"damage":0,"enemies":"Exordium Thugs","floor":7,"turns":1},{"damage":0,"enemies":"Lots of Slimes","floor":8,"turns":2},{"damage":0,"enemies":"Looter","floor":10,"turns":1},{"damage":0,"enemies":"Lagavulin","floor":11,"turns":1},{"damage":0,"enemies":"2 Fungi Beasts","floor":12,"turns":1},{"damage":0,"enemies":"Red Slaver","floor":14,"turns":1},{"damage":0,"enemies":"The Guardian","floor":16,"turns":1},{"damage":0,"enemies":"3 Byrds","floor":18,"turns":1},{"damage":0,"enemies":"Spheric Guardian","floor":22,"turns":1},{"damage":0,"enemies":"Gremlin Leader","floor":23,"turns":1},{"damage":0,"enemies":"Shelled Parasite and Fungi","floor":24,"turns":1},{"damage":0,"enemies":"Slavers","floor":25,"turns":1},{"damage":0,"enemies":"Gremlin Leader","floor":28,"turns":1},{"damage":0,"enemies":"Snake Plant","floor":30,"turns":1},{"damage":0,"enemies":"3 Cultists","floor":31,"turns":1},{"damage":0,"enemies":"Champ","floor":33,"turns":1},{"damage":0,"enemies":"3 Shapes","floor":35,"turns":1},{"damage":0,"enemies":"Orb Walker","floor":36,"turns":1},{"damage":0,"enemies":"Maw","floor":37,"turns":1},{"damage":0,"enemies":"4 Shapes","floor":38,"turns":1},{"damage":0,"enemies":"3 Darklings","floor":39,"turns":1},{"damage":0,"enemies":"Maw","floor":41,"turns":1},{"damage":0,"enemies":"Nemesis","floor":42,"turns":1},{"damage":0,"enemies":"Sphere and 2 Shapes","floor":45,"turns":1},{"damage":0,"enemies":"Reptomancer","floor":47,"turns":1},{"damage":0,"enemies":"4 Shapes","floor":48,"turns":1},{"damage":0,"enemies":"Awakened One","floor":50,"turns":2},{"damage":0,"enemies":"Shield and Spear","floor":54,"turns":1},{"damage":0,"enemies":"The Heart","floor":55,"turns":1}],"seed_played":"-6778613372649856724","potions_obtained":[{"floor":1,"key":"LiquidBronze"},{"floor":2,"key":"ColorlessPotion"},{"floor":4,"key":"FairyPotion"},{"floor":4,"key":"DuplicationPotion"},{"floor":4,"key":"Weak Potion"}],"is_trial":false,"path_per_floor":["M","M","?","?","M","E","M","M","T","M","E","M","T","M","R","B",null,"M","?","?","?","M","E","M","E","T","R","E","$","M","M","R","B",null,"M","M","M","M","M","R","M","E","T","$","M","?","E","M","R","B",null,"R","$","E","B",null],"character_chosen":"OPM","items_purchased":["Orrery","Slap","Vajra","Lantern","HandDrill","Slap","Swift Strike"],"campfire_rested":3,"item_purchase_floors":[29,44,53,53,53,53,53],"current_hp_per_floor":[999,999,920,920,920,920,920,920,920,920,920,920,920,920,920,920,920,920,920,920,920,920,920,920,920,920,920,920,920,920,920,920,920,920,920,920,920,920,920,920,920,920,920,920,920,920,920,920,920,920,920,920,920,920,920],"gold":129,"neow_bonus":"THREE_ENEMY_KILL","is_daily":false,"chose_seed":false,"campfire_upgraded":2,"win_rate":0.0,"timestamp":1608252880,"path_taken":["M","M","?","?","M","E","M","?","T","M","E","M","?","?","R","BOSS","M","?","?","?","M","E","M","E","T","R","E","$","?","M","R","BOSS","M","M","?","M","M","R","M","E","T","$","M","?","E","?","R","BOSS","R","$","E","BOSS"],"items_purchased_type":["Relic","Card","Relic","Relic","Relic","Card","Card"],"build_version":"2020-12-13","purchased_purges":0,"victory":true,"max_hp_per_floor":[999,999,920,920,920,920,920,920,920,920,920,920,920,920,920,920,920,920,920,920,920,920,920,920,920,920,920,920,920,920,920,920,920,920,920,920,920,920,920,920,920,920,920,920,920,920,920,920,920,920,920,920,920,920,920],"card_choices":[{"not_picked":["Wear_Disguise","Hop"],"picked":"Normal_Punch","floor":1},{"not_picked":["Toss_Stone","Ignore"],"picked":"Slap","floor":2},{"not_picked":["Hop","Normal_Punch"],"picked":"Consecutive_Normal_Punch","floor":5},{"not_picked":["Yawn","Side_Hop"],"picked":"Consecutive_Normal_Punch","floor":6},{"not_picked":["Do_Nothing","Normal_Punch"],"picked":"Consecutive_Normal_Punch","floor":7},{"not_picked":["Slap","Hop"],"picked":"Terrifying_Presence","floor":8},{"not_picked":["Ignore","Slap"],"picked":"Yawn","floor":10},{"not_picked":["Consecutive_Normal_Punch","Hop"],"picked":"Toss_Stone","floor":10},{"not_picked":["Slap","Yawn"],"picked":"Ignore","floor":11},{"not_picked":["Toss_Stone","Hop"],"picked":"Normal_Punch","floor":12},{"not_picked":["Slap","Yawn","Hop"],"picked":"SKIP","floor":12},{"not_picked":["Ignore","Side_Hop"],"picked":"Wear_Disguise","floor":14},{"not_picked":["Hop","Wear_Disguise"],"picked":"Hip_Strike","floor":14},{"not_picked":["Terrifying_Presence","Get_Hopes_Up"],"picked":"Oh","floor":16},{"not_picked":["Side_Hop","Yawn"],"picked":"Slap","floor":18},{"not_picked":["Hop","Yawn+1"],"picked":"Slap+1","floor":18},{"not_picked":["Side_Hop+1","Hop"],"picked":"Ignore+1","floor":22},{"not_picked":["Do_Nothing+1","Wear_Disguise+1"],"picked":"Consecutive_Normal_Punch","floor":22},{"not_picked":["Side_Hop","Wear_Disguise"],"picked":"Serious_Side_Hops","floor":23},{"not_picked":["Yawn","Normal_Punch+1"],"picked":"Slap","floor":24},{"not_picked":["Hop+1","Consecutive_Normal_Punch+1"],"picked":"Slap","floor":24},{"not_picked":["Terrifying_Presence","Yawn"],"picked":"Slap+1","floor":25},{"not_picked":["Toss_Stone","Wear_Disguise"],"picked":"Serious_Punch","floor":28},{"not_picked":["Hop","Wear_Disguise"],"picked":"Toss_Stone","floor":29},{"not_picked":["Hop+1","Consecutive_Normal_Punch"],"picked":"Toss_Stone","floor":29},{"not_picked":["Ignore","Side_Hop+1"],"picked":"Consecutive_Normal_Punch","floor":29},{"not_picked":["Wear_Disguise+1","Yawn"],"picked":"Toss_Stone","floor":30},{"not_picked":["Do_Nothing","Normal_Punch"],"picked":"Slap+1","floor":30},{"not_picked":["Do_Nothing+1","Ignore"],"picked":"Toss_Stone+1","floor":31},{"not_picked":["Toss_Stone","Do_Nothing"],"picked":"Consecutive_Normal_Punch","floor":31},{"not_picked":["Hip_Strike","Oh"],"picked":"Serious_Punch","floor":33},{"not_picked":["Side_Hop+1","Yawn+1"],"picked":"Slap","floor":35},{"not_picked":["Normal_Punch","Consecutive_Normal_Punch"],"picked":"Slap","floor":35},{"not_picked":["Ignore","Yawn+1"],"picked":"Slap+1","floor":36},{"not_picked":["Hop","Wear_Disguise+1","Side_Hop+1"],"picked":"SKIP","floor":36},{"not_picked":["Ignore+1","Side_Hop+1"],"picked":"Serious_Punch","floor":37},{"not_picked":["Hop","Side_Hop","Yawn"],"picked":"SKIP","floor":37},{"not_picked":["Hop+1","Consecutive_Normal_Punch","Wear_Disguise+1"],"picked":"SKIP","floor":38},{"not_picked":["Ignore+1","Hop+1","Side_Hop"],"picked":"SKIP","floor":38},{"not_picked":["Get_Hopes_Up","Wear_Disguise+1"],"picked":"Slap","floor":39},{"not_picked":["Ignore","Hop+1","Consecutive_Normal_Punch"],"picked":"SKIP","floor":39},{"not_picked":["Side_Hop","Normal_Punch+1"],"picked":"Slap","floor":41},{"not_picked":["Toss_Stone+1","Consecutive_Normal_Punch","Ignore"],"picked":"SKIP","floor":41},{"not_picked":["Ignore","Toss_Stone+1"],"picked":"Slap","floor":42},{"not_picked":["Hop","Ignore"],"picked":"Slap","floor":45},{"not_picked":["Hop+1","Yawn"],"picked":"Slap","floor":45},{"not_picked":["Consecutive_Normal_Punch+1","Do_Nothing+1"],"picked":"Slap+1","floor":47},{"not_picked":["Consecutive_Normal_Punch","Serious_Punch"],"picked":"Slap+1","floor":48},{"not_picked":["Side_Hop","Ignore"],"picked":"Slap","floor":48},{"not_picked":["Oh","Yawn"],"picked":"Normal_Punch+1","floor":54}],"player_experience":145457,"relics_obtained":[{"floor":6,"key":"Meat on the Bone"},{"floor":9,"key":"Prayer Wheel"},{"floor":11,"key":"Mercury Hourglass"},{"floor":13,"key":"Pen Nib"},{"floor":23,"key":"Ginger"},{"floor":25,"key":"Akabeko"},{"floor":28,"key":"Blood Vial"},{"floor":42,"key":"Art of War"},{"floor":43,"key":"Incense Burner"},{"floor":47,"key":"Blue Candle"},{"floor":54,"key":"Orichalcum"}],"event_choices":[{"damage_healed":0,"gold_gain":0,"player_choice":"Lose Max HP","damage_taken":0,"relics_obtained":["Golden Idol"],"max_hp_gain":0,"max_hp_loss":79,"event_name":"Golden Idol","floor":3,"gold_loss":0},{"damage_healed":0,"gold_gain":0,"player_choice":"Got Potions","damage_taken":0,"max_hp_gain":0,"max_hp_loss":0,"event_name":"Lab","floor":4,"gold_loss":0},{"damage_healed":0,"gold_gain":0,"player_choice":"Gave Idol","damage_taken":0,"relics_obtained":["Bloody Idol"],"max_hp_gain":0,"max_hp_loss":0,"event_name":"Forgotten Altar","floor":19,"relics_lost":["Golden Idol"],"gold_loss":0},{"damage_healed":0,"gold_gain":0,"player_choice":"Ignored","damage_taken":0,"max_hp_gain":0,"max_hp_loss":0,"event_name":"Vampires","floor":20,"gold_loss":0},{"damage_healed":0,"gold_gain":0,"player_choice":"Ignored","damage_taken":0,"max_hp_gain":0,"max_hp_loss":0,"event_name":"N\u0027loth","floor":21,"gold_loss":0},{"cards_removed":["Strike_Y"],"damage_healed":0,"gold_gain":0,"player_choice":"Purged","damage_taken":0,"max_hp_gain":0,"max_hp_loss":0,"event_name":"Purifier","floor":46,"gold_loss":0}],"is_beta":false,"boss_relics":[{"not_picked":["Snecko Eye","Runic Dome"],"picked":"SlaversCollar"},{"not_picked":["Astrolabe","Velvet Choker"],"picked":"Sozu"}],"items_purged_floors":[],"is_endless":false,"potions_floor_spawned":[1,2,6,11,14,18,25,28,33,37,38,41,42],"ascension_level":0}}