{"host":"63howft1cojq0ioc","time":1608302835,"event":{"mods":["Act Like it!","Aspiration","BaseMod","DeckTracker","Downfall","Infinite Spire","Minty Spire (QoL Compilation)","Quick Restart","Relic Stats","Replay The Spire","StSLib","SuperFastMode","The Jungle"],"gold_per_floor":[115,63,81,81,81,119,133,133,133,133,152,171,187,222,222,346,346,369,389,408,408,408],"floor_reached":21,"playtime":735,"items_purged":[],"score":262,"play_id":"6d584b25-36c4-4a07-ab9e-ba862aee7985","local_time":"20201218124715","is_ascension_mode":true,"campfire_choices":[{"data":"Cleave","floor":8.0,"key":"SMITH"},{"data":"Spot Weakness","floor":10.0,"key":"SMITH"},{"floor":15.0,"key":"REST"}],"circlet_count":0,"master_deck":["Strike_R","Strike_R","Strike_R","Strike_R","Strike_R","Defend_R","Defend_R","Defend_R","Defend_R","Bash","Spot Weakness+1","Pain","Cleave+1","Thunderclap","Limit Break","Parasite","Shame","Sickly"],"relics":["Burning Blood","NeowsBlessing","Golden Idol","WarpedTongs","infinitespire:ShieldingShard","infinitespire:CheckeredPen","Snack Pack","Replay:Ancient Bell","PreservedInsect","Sundial","Torii"],"acts_visited":["Exordium","TheCity"],"potions_floor_usage":[18,21],"damage_taken":[{"damage":0.0,"enemies":"Cultist","floor":1.0,"turns":1.0},{"damage":0.0,"enemies":"Small Slimes","floor":3.0,"turns":1.0},{"damage":2.0,"enemies":"Lagavulin","floor":6.0,"turns":2.0},{"damage":0.0,"enemies":"2 Louse","floor":7.0,"turns":2.0},{"damage":30.0,"enemies":"Gremlin Gang","floor":11.0,"turns":3.0},{"damage":3.0,"enemies":"Looter","floor":12.0,"turns":3.0},{"damage":15.0,"enemies":"Large Slime","floor":13.0,"turns":3.0},{"damage":11.0,"enemies":"3 Sentries","floor":14.0,"turns":3.0},{"damage":48.0,"enemies":"Slime Boss","floor":16.0,"turns":8.0},{"damage":23,"enemies":"2 Thieves","floor":18,"turns":4},{"damage":30,"enemies":"Spheric Guardian","floor":19,"turns":5},{"damage":7,"enemies":"Snecko","floor":20,"turns":4},{"damage":47,"enemies":"Snake Plant","floor":21,"turns":5}],"seed_played":"-6144832075078814561","potions_obtained":[{"floor":1.0,"key":"LiquidBronze"},{"floor":7.0,"key":"sneckomod:MuddlingPotion"},{"floor":11.0,"key":"PowerPotion"},{"floor":14.0,"key":"Guardian:BlockOnCardUsePotion"},{"floor":20,"key":"Fire Potion"}],"is_trial":false,"path_per_floor":["M","$","M","?","?","E","M","R","T","R","M","M","M","E","R","B",null,"M","M","M","M"],"character_chosen":"IRONCLAD","items_purchased":["Fire Potion"],"campfire_rested":1,"item_purchase_floors":[2],"current_hp_per_floor":[80,80,80,60,60,64,70,70,70,70,46,49,40,35,59,23,80,65,43,46,0,0],"gold":408,"neow_bonus":"THREE_ENEMY_KILL","is_daily":false,"chose_seed":false,"campfire_upgraded":2,"win_rate":0.0,"timestamp":1608302835,"path_taken":["M","?","?","?","?","E","M","R","T","R","M","M","?","E","R","BOSS","BOSS","M","M","M","M"],"items_purchased_type":["Potion"],"build_version":"2020-12-13","purchased_purges":0,"victory":false,"max_hp_per_floor":[80,80,80,80,80,80,80,80,80,80,80,80,80,80,80,80,80,80,80,80,80,80],"relic_stats":{"Torii":14,"counters":[13,44],"Golden Idol":92,"Sundial":[2],"PreservedInsect":0,"obtain_stats":[{"infinitespire:ShieldingShard":6,"NeowsBlessing":0,"Torii":17,"Golden Idol":4,"Sundial":17,"PreservedInsect":17,"Snack Pack":14,"Replay:Ancient Bell":17,"infinitespire:CheckeredPen":9,"Burning Blood":0,"WarpedTongs":5},{"infinitespire:ShieldingShard":3,"NeowsBlessing":0,"Torii":9,"Golden Idol":2,"Sundial":9,"PreservedInsect":9,"Snack Pack":8,"Replay:Ancient Bell":9,"infinitespire:CheckeredPen":4,"Burning Blood":0,"WarpedTongs":2},{"infinitespire:ShieldingShard":4,"NeowsBlessing":0,"Torii":26,"Golden Idol":2,"Sundial":26,"PreservedInsect":26,"Snack Pack":18,"Replay:Ancient Bell":26,"infinitespire:CheckeredPen":6,"Burning Blood":0,"WarpedTongs":2}],"Burning Blood":60,"WarpedTongs":[42]},"card_choices":[{"not_picked":["Rupture","Shrug It Off","Metallicize"],"picked":"SKIP","floor":1.0},{"not_picked":["Run Through","Clothesline"],"picked":"Spot Weakness","floor":3.0},{"not_picked":["Iron Wave","Sever Soul"],"picked":"Cleave","floor":6.0},{"not_picked":["Replay:Undeath\u0027s Touch","Headbutt","Warcry"],"picked":"SKIP","floor":7.0},{"not_picked":["Hemogenesis","Feel No Pain","Iron Wave"],"picked":"SKIP","floor":11.0},{"not_picked":["Uppercut","ReplayTheSpireMod:Strike From Hell"],"picked":"Thunderclap","floor":12.0},{"not_picked":["Havoc","Defy Death","Run Through"],"picked":"SKIP","floor":13.0},{"not_picked":["ReplayTheSpireMod:Limb From Limb","Warcry","Combust"],"picked":"SKIP","floor":14.0},{"not_picked":["Replay:Many Hands","Corruption"],"picked":"Limit Break","floor":16},{"not_picked":["hexamod:Haunted","Guardian:Aged"],"picked":"Parasite","floor":17},{"not_picked":["Parasite","Looming Evil"],"picked":"Shame","floor":17},{"not_picked":["Looming Evil","Slimebound:Icky"],"picked":"Sickly","floor":17},{"not_picked":["Eclipse","True Grit","Headbutt"],"picked":"SKIP","floor":18},{"not_picked":["Second Wind","Ghostly Armor","Shrug It Off+1"],"picked":"SKIP","floor":19},{"not_picked":["True Grit","ReplayTheSpireMod:Strike From Hell","Heavy Blade"],"picked":"SKIP","floor":20}],"player_experience":95935,"relics_obtained":[{"floor":6.0,"key":"infinitespire:ShieldingShard"},{"floor":9.0,"key":"infinitespire:CheckeredPen"},{"floor":14.0,"key":"Snack Pack"}],"event_choices":[{"damage_healed":0.0,"max_hp_gain":0.0,"max_hp_loss":0.0,"gold_gain":0.0,"event_name":"Golden Idol","player_choice":"Take Damage","floor":4.0,"gold_loss":0.0,"damage_taken":20.0,"relics_obtained":["Golden Idol"]},{"damage_healed":0.0,"max_hp_gain":0.0,"max_hp_loss":0.0,"gold_gain":0.0,"event_name":"Accursed Blacksmith","player_choice":"Rummage","floor":5.0,"gold_loss":0.0,"damage_taken":0.0,"relics_obtained":["WarpedTongs"],"cards_obtained":["Pain"]}],"is_beta":false,"boss_relics":[{"not_picked":["Painkiller Herb","aspiration:WatcherSkillbook"],"picked":"Replay:Ancient Bell"},{"not_picked":["Simple Rune","ReplayTheSpireMod:TigerMarble"],"picked":"PreservedInsect"},{"not_picked":["aspiration:FetidBarrel","Pantograph"],"picked":"Sundial"},{"not_picked":["Ginger","Pondfish Scales"],"picked":"Torii"}],"items_purged_floors":[],"is_endless":false,"potions_floor_spawned":[1,7,11,12,14,20],"killed_by":"Snake Plant","ascension_level":4}}