{"host":"avjwtc49fhlk6kym","time":1608328890,"event":{"mods":["AchievementEnabler","BaseMod","Better Match","Better Note","Better Third Choice","Colored Map","Colored Powertips","Displayed Cursed Tome","Highlight Path","Minty Spire (QoL Compilation)","Permanent Neow","Quick Restart","StSLib"],"gold_per_floor":[116,66,141,154,168,168,200,216,242,253,268,268,284,299,299,398,448,464,49,64,77,7,7,32,47,74,74,87,103,114,29,29,29,29],"floor_reached":33,"playtime":1402,"items_purged":["Defend_P"],"score":303,"play_id":"a764e0bc-a94f-47bb-862d-0de0b2115919","local_time":"20201218170130","is_ascension_mode":true,"campfire_choices":[{"data":"Eruption","floor":6.0,"key":"SMITH"},{"floor":12.0,"key":"REST"},{"data":"WheelKick","floor":15.0,"key":"SMITH"},{"floor":23,"key":"REST"},{"data":"Apotheosis","floor":27,"key":"SMITH"},{"floor":32,"key":"REST"}],"circlet_count":0,"master_deck":["Strike_P","Strike_P","Strike_P","Strike_P","Defend_P","Defend_P","Eruption+1","Vigilance+1","FlurryOfBlows","WheelKick+1","BowlingBash","ThirdEye","ReachHeaven","CutThroughFate","CarveReality","LikeWater","ClearTheMind","Judgement","FlurryOfBlows","Evaluate","Apotheosis+1","Evaluate","Weave","CrushJoints+1","LikeWater","Weave","Adaptation+1","FearNoEvil","Judgement","Consecrate"],"relics":["PureWater","Bird Faced Urn","Blood Vial","Tiny House","Vajra","Toy Ornithopter","Bag of Preparation","Ornamental Fan"],"acts_visited":["Exordium","TheCity"],"potions_floor_usage":[21,24,24,24,25,29,33],"damage_taken":[{"damage":3.0,"enemies":"Small Slimes","floor":1.0,"turns":3.0},{"damage":3.0,"enemies":"2 Louse","floor":4.0,"turns":3.0},{"damage":0.0,"enemies":"Cultist","floor":5.0,"turns":2.0},{"damage":15.0,"enemies":"Lagavulin","floor":7.0,"turns":5.0},{"damage":0.0,"enemies":"Exordium Thugs","floor":8.0,"turns":3.0},{"damage":4.0,"enemies":"Exordium Wildlife","floor":10.0,"turns":3.0},{"damage":0.0,"enemies":"3 Louse","floor":11.0,"turns":1.0},{"damage":10.0,"enemies":"Gremlin Gang","floor":13.0,"turns":4.0},{"damage":8.0,"enemies":"Blue Slaver","floor":14.0,"turns":3.0},{"damage":47.0,"enemies":"Slime Boss","floor":16.0,"turns":10.0},{"damage":0,"enemies":"Spheric Guardian","floor":18,"turns":2},{"damage":6,"enemies":"Chosen","floor":20,"turns":3},{"damage":32,"enemies":"Snake Plant","floor":21,"turns":5},{"damage":22,"enemies":"Gremlin Leader","floor":24,"turns":7},{"damage":0,"enemies":"3 Cultists","floor":25,"turns":3},{"damage":23,"enemies":"Sentry and Sphere","floor":28,"turns":4},{"damage":19,"enemies":"Snecko","floor":29,"turns":5},{"damage":6,"enemies":"3 Cultists","floor":30,"turns":3},{"damage":55,"enemies":"Champ","floor":33,"turns":10}],"seed_played":"3592915391569058464","potions_obtained":[{"floor":1.0,"key":"Dexterity Potion"},{"floor":7.0,"key":"PowerPotion"},{"floor":8.0,"key":"DistilledChaos"},{"floor":11.0,"key":"Block Potion"},{"floor":17,"key":"EssenceOfSteel"},{"floor":20,"key":"Energy Potion"},{"floor":21,"key":"Swift Potion"},{"floor":24,"key":"LiquidMemories"},{"floor":28,"key":"Strength Potion"},{"floor":30,"key":"SkillPotion"}],"is_trial":false,"path_per_floor":["M","?","?","M","M","R","E","M","T","M","M","R","M","M","R","B",null,"M","$","M","M","$","R","E","M","T","R","M","M","M","?","R","B"],"character_chosen":"WATCHER","items_purchased":["Apotheosis","Vajra","Evaluate","LikeWater"],"campfire_rested":3,"item_purchase_floors":[19,19,19,22],"current_hp_per_floor":[62,62,56,53,53,53,38,40,40,38,40,59,51,47,47,4,70,70,70,64,36,36,57,41,50,50,50,33,25,21,21,42,0,0],"gold":29,"neow_bonus":"ONE_RARE_RELIC","is_daily":false,"chose_seed":false,"campfire_upgraded":3,"win_rate":0.0,"timestamp":1608328890,"path_taken":["M","?","?","M","M","R","E","M","T","M","M","R","M","?","R","BOSS","M","$","M","M","$","R","E","M","T","R","M","M","M","?","R","BOSS"],"items_purchased_type":["Card","Relic","Card","Card"],"build_version":"2020-12-13","purchased_purges":1,"victory":false,"max_hp_per_floor":[65,65,65,65,65,65,65,65,65,65,65,65,65,65,65,65,70,70,70,70,70,70,70,70,70,70,70,70,70,70,70,70,70,70],"card_choices":[{"not_picked":["Nirvana","EmptyBody"],"picked":"FlurryOfBlows","floor":1.0},{"not_picked":["ClearTheMind","Halt"],"picked":"WheelKick","floor":4.0},{"not_picked":["WreathOfFlame","Crescendo"],"picked":"BowlingBash","floor":5.0},{"not_picked":["EmptyBody","InnerPeace"],"picked":"ThirdEye","floor":7.0},{"not_picked":["DeusExMachina","ThirdEye"],"picked":"ReachHeaven","floor":8.0},{"not_picked":["FlyingSleeves","SashWhip"],"picked":"CutThroughFate","floor":10.0},{"not_picked":["Collect","Meditate"],"picked":"CarveReality","floor":11.0},{"not_picked":["Halt","Study"],"picked":"LikeWater","floor":13.0},{"not_picked":["JustLucky","EmptyBody"],"picked":"ClearTheMind","floor":14.0},{"not_picked":["Ragnarok","ConjureBlade"],"picked":"Judgement","floor":16.0},{"not_picked":["Evaluate","WaveOfTheHand"],"picked":"FlurryOfBlows","floor":17},{"not_picked":["WheelKick","Tantrum"],"picked":"Evaluate","floor":18},{"not_picked":["Collect+1","Halt"],"picked":"Weave","floor":20},{"not_picked":["FlurryOfBlows","Worship"],"picked":"CrushJoints+1","floor":21},{"not_picked":["MentalFortress","Indignation"],"picked":"Weave","floor":24},{"not_picked":["WaveOfTheHand","Worship"],"picked":"Adaptation+1","floor":25},{"not_picked":["ThirdEye","ForeignInfluence"],"picked":"FearNoEvil","floor":28},{"not_picked":["Protect","Wallop"],"picked":"Judgement","floor":29},{"not_picked":["EmptyFist","CutThroughFate"],"picked":"Consecrate","floor":30}],"player_experience":513086,"relics_obtained":[{"floor":7.0,"key":"Blood Vial"},{"floor":24,"key":"Toy Ornithopter"},{"floor":26,"key":"Bag of Preparation"}],"event_choices":[{"cards_removed":["Defend_P"],"damage_healed":0.0,"max_hp_gain":0.0,"max_hp_loss":0.0,"gold_gain":0.0,"event_name":"The Cleric","player_choice":"Card Removal","floor":2.0,"gold_loss":50.0,"damage_taken":0.0},{"damage_healed":0.0,"max_hp_gain":0.0,"max_hp_loss":0.0,"gold_gain":75.0,"event_name":"FaceTrader","player_choice":"Touch","floor":3.0,"gold_loss":0.0,"damage_taken":6.0},{"damage_healed":0,"gold_gain":0,"player_choice":"Obtained Relic","damage_taken":0,"relics_obtained":["Ornamental Fan"],"max_hp_gain":0,"max_hp_loss":0,"event_name":"Addict","floor":31,"gold_loss":85}],"is_beta":false,"boss_relics":[{"not_picked":["HolyWater","Fusion Hammer"],"picked":"Tiny House"}],"items_purged_floors":[19],"is_endless":false,"potions_floor_spawned":[1,7,8,11,20,21,24,28,30],"killed_by":"Champ","ascension_level":2}}