{"host":"nox","time":1608309951,"event":{"mods":["Aspiration","BaseMod","Better Third Choice","Colored Powertips","Conspire","Hubris","Infinite Spire","Minty Spire (QoL Compilation)","Quick Restart","Rare Cards Sparkle","Replay The Spire","Shop Mod","Spikes Relics","StSLib","SuperFastMode","The Alterego","vexMod"],"gold_per_floor":[119,44,44,60,78,78,169,169,169,195,223,235,235,266,266,366,366,384,384,384,461,289,323,323,323,323,323,348,366,385,404,404,499,499,513,529,539,590,605,605,622,622,622,641,487,497,333,343,343,343,343,343,129,154,154,154],"floor_reached":55,"playtime":2707,"items_purged":["Strike_R","Defend_R"],"score":825,"play_id":"1100feb6-eef3-417f-b808-5a8c509aefa2","local_time":"20201218234551","is_ascension_mode":true,"campfire_choices":[{"data":"Bash","floor":6.0,"key":"SMITH"},{"data":"Rampage","floor":13.0,"key":"SMITH"},{"data":"Clash","floor":15.0,"key":"SMITH"},{"data":"Rage","floor":24.0,"key":"SMITH"},{"floor":27.0,"key":"REST"},{"data":"infinitespire:OneForAll","floor":32.0,"key":"SMITH"},{"floor":40.0,"key":"RECALL"},{"data":"Double Tap","floor":42.0,"key":"SMITH"},{"floor":49,"key":"REST"},{"floor":52,"key":"REST"}],"circlet_count":0,"master_deck":["Strike_R","Strike_R","Strike_R","Strike_R","Defend_R","Defend_R","Bash+1","Clash+1","Clash","Infernal Blade","Rampage+1","Dropkick","Adrenaline","Purity","Rage+1","Adrenaline","infinitespire:OneForAll+1","Life Link+1","Double Tap+1","Headbutt+1","ReplayTheSpireMod:Strike From Hell","Seeing Red","Intimidate+1","Replay:Many Hands","Parasite","Feel No Pain","Magnetism"],"relics":["Burning Blood","FaceOfCleric","Pen Nib","Odd Mushroom","vexMod:CardConverter","conspire:GlowingRock","Electric Blood","Membership Card","Sundial","conspire:BottledYoYo","Thread and Needle","Nloth\u0027s Gift","Garlic","conspire:RunicOctahedron","infinitespire:Beetle Shell","Charon\u0027s Ashes","HandDrill","MerchantsRug","Lee\u0027s Waffle","ReplayFunnel"],"acts_visited":["Exordium","TheCity","TheBeyond","TheEnding"],"potions_floor_usage":[48,55,55,55],"damage_taken":[{"damage":4.0,"enemies":"Jaw Worm","floor":1.0,"turns":4.0},{"damage":0.0,"enemies":"Cultist","floor":4.0,"turns":3.0},{"damage":3.0,"enemies":"conspire:RoseBush","floor":5.0,"turns":3.0},{"damage":5.0,"enemies":"The Mushroom Lair","floor":10.0,"turns":4.0},{"damage":17.0,"enemies":"3 Sentries","floor":11.0,"turns":6.0},{"damage":0.0,"enemies":"Large Slime","floor":12.0,"turns":1.0},{"damage":16.0,"enemies":"Gremlin Nob","floor":14.0,"turns":3.0},{"damage":32.0,"enemies":"Hexaghost","floor":16.0,"turns":5.0},{"damage":6.0,"enemies":"Chosen","floor":18.0,"turns":3.0},{"damage":35.0,"enemies":"Book of Stabbing","floor":23.0,"turns":3.0},{"damage":32.0,"enemies":"conspire:SneckoGhost","floor":28.0,"turns":4.0},{"damage":4.0,"enemies":"conspire:FuzzyDice","floor":29.0,"turns":5.0},{"damage":6.0,"enemies":"Cultist and Chosen","floor":30.0,"turns":3.0},{"damage":3.0,"enemies":"conspire:HollyBat","floor":31.0,"turns":5.0},{"damage":58.0,"enemies":"Champ","floor":33.0,"turns":7.0},{"damage":12.0,"enemies":"3 Shapes","floor":35.0,"turns":2.0},{"damage":7.0,"enemies":"Orb Walker","floor":36.0,"turns":2.0},{"damage":9.0,"enemies":"Jaw Worm Horde","floor":37.0,"turns":3.0},{"damage":28.0,"enemies":"4 Shapes","floor":39.0,"turns":5.0},{"damage":6.0,"enemies":"3 Darklings","floor":41.0,"turns":1.0},{"damage":20.0,"enemies":"Sphere and 2 Shapes","floor":44.0,"turns":3.0},{"damage":7.0,"enemies":"Jaw Worm Horde","floor":46.0,"turns":2.0},{"damage":18,"enemies":"Writhing Mass","floor":48,"turns":4},{"damage":86,"enemies":"Replay:Hell Engine","floor":50,"turns":6},{"damage":77,"enemies":"Shield and Spear","floor":54,"turns":4},{"damage":78,"enemies":"The Heart","floor":55,"turns":9}],"seed_played":"2943035625696634435","potions_obtained":[{"floor":1.0,"key":"Death Potion"},{"floor":10.0,"key":"ElixirPotion"},{"floor":11.0,"key":"ColorlessPotion"},{"floor":12.0,"key":"ElixirPotion"},{"floor":18.0,"key":"BlessingOfTheForge"},{"floor":29.0,"key":"Energy Potion"},{"floor":33.0,"key":"Elixir"},{"floor":37.0,"key":"DistilledChaos"},{"floor":44.0,"key":"BloodPotion"},{"floor":48,"key":"Doom Potion"}],"is_trial":false,"path_per_floor":["M","$","?","M","M","R","?","?","T","?","E","M","R","E","R","B",null,"M","AVR","?","T","$","E","R","?","T","R","E","M","M","M","R","B",null,"M","M","M","T","M","R","M","R","T","M","$","M","$","M","R","B",null,"R","$","E","B"],"character_chosen":"IRONCLAD","items_purchased":["conspire:BottledYoYo","Charon\u0027s Ashes","conspire:GiftBox","HandDrill","MerchantsRug","Languid Potion","Feel No Pain","Magnetism","Lee\u0027s Waffle"],"campfire_rested":3,"item_purchase_floors":[22,45,47,47,47,47,53,53,53],"current_hp_per_floor":[74,74,74,81,82,82,50,50,50,52,44,53,53,46,46,23,77,78,78,68,68,68,42,42,42,42,72,49,54,55,61,61,12,89,86,88,86,86,67,67,68,68,68,55,55,57,59,76,116,37,111,135,146,76,0,0],"gold":154,"neow_bonus":"NOSTALGIA","is_daily":false,"chose_seed":false,"campfire_upgraded":6,"win_rate":0.0,"timestamp":1608309951,"path_taken":["M","$","?","M","?","R","?","?","T","?","E","M","R","E","R","BOSS","M","AVR","?","?","$","E","R","?","T","R","E","M","?","?","R","BOSS","M","M","M","?","M","R","M","R","T","M","$","M","$","M","R","BOSS","R","$","E","BOSS"],"items_purchased_type":["Relic","Relic","Relic","Relic","Relic","Potion","Card","Card","Relic"],"build_version":"2020-11-17","purchased_purges":2,"victory":false,"max_hp_per_floor":[80,80,80,81,82,82,82,82,82,83,86,89,89,92,92,95,95,96,96,98,98,98,101,101,101,101,101,104,107,108,111,111,114,114,117,120,121,121,124,124,125,125,125,126,126,129,131,134,134,135,135,135,146,147,147,147],"card_choices":[{"not_picked":["EmptyMind","Thunderclap"],"picked":"Clash","floor":1.0},{"not_picked":["Battle Trance","Replay:Undeath\u0027s Touch","Uppercut"],"picked":"SKIP","floor":4.0},{"not_picked":["Juggernaut","ThirdEye","Havoc"],"picked":"SKIP","floor":5.0},{"not_picked":["WaveOfTheHand","Warcry"],"picked":"Clash","floor":7.0},{"not_picked":["Replay:Undeath\u0027s Touch","Run Through"],"picked":"Infernal Blade","floor":11.0},{"not_picked":["Dropkick","Cleave"],"picked":"Rampage","floor":12.0},{"not_picked":["Sword Boomerang","Body Slam"],"picked":"Dropkick","floor":14.0},{"not_picked":["Bludgeon","MasterReality"],"picked":"Adrenaline","floor":16.0},{"not_picked":["Shrug It Off","hubris:ReadiedAction+1","Cleave"],"picked":"SKIP","floor":18.0},{"not_picked":["Wild Strike","Havoc"],"picked":"Rage","floor":23.0},{"not_picked":["Replay:Many Hands","Clothesline"],"picked":"Adrenaline","floor":28.0},{"not_picked":["hubris:StunningStrike","Heavy Blade+1"],"picked":"infinitespire:OneForAll","floor":29.0},{"not_picked":["hubris:ReadiedAction","Heavy Blade","Twin Strike"],"picked":"SKIP","floor":30.0},{"not_picked":["Hemogenesis","Sever Soul"],"picked":"Life Link+1","floor":31.0},{"not_picked":["MasterReality","Immolate"],"picked":"Double Tap","floor":33.0},{"not_picked":["Pommel Strike+1","Headbutt+1","ReplayTheSpireMod:Limb From Limb"],"picked":"SKIP","floor":35.0},{"not_picked":["Pommel Strike+1","ReplayTheSpireMod:Limb From Limb"],"picked":"Headbutt+1","floor":35.0},{"not_picked":["Life Link","Hemokinesis+1"],"picked":"ReplayTheSpireMod:Strike From Hell","floor":36.0},{"not_picked":["Entrench","Hemokinesis","ReplayTheSpireMod:Limb From Limb+1"],"picked":"SKIP","floor":37.0},{"not_picked":["Replay:Undeath\u0027s Touch","Perfected Strike"],"picked":"Seeing Red","floor":39.0},{"not_picked":["Cleave+1","Body Slam+1","Reaper"],"picked":"SKIP","floor":41.0},{"not_picked":["ReplayTheSpireMod:Limb From Limb","Pummel","Life Link"],"picked":"SKIP","floor":44.0},{"not_picked":["Twin Strike+1","Intimidate+1","Clash"],"picked":"SKIP","floor":46.0},{"not_picked":["Twin Strike+1","Clash"],"picked":"Intimidate+1","floor":46.0},{"not_picked":["conspire:Purge","Juggernaut"],"picked":"Replay:Many Hands","floor":47.0},{"not_picked":["Body Slam","Sword Boomerang+1","Reckless Charge+1"],"picked":"SKIP","floor":48},{"not_picked":["Limit Break","Entrench","Defy Death"],"picked":"SKIP","floor":54}],"player_experience":184377,"relics_obtained":[{"floor":7.0,"key":"Tiny Chest"},{"floor":9.0,"key":"Pen Nib"},{"floor":10.0,"key":"Odd Mushroom"},{"floor":11.0,"key":"vexMod:CardConverter"},{"floor":14.0,"key":"conspire:GlowingRock"},{"floor":21.0,"key":"Sundial"},{"floor":23.0,"key":"Thread and Needle"},{"floor":26.0,"key":"Garlic"},{"floor":43.0,"key":"infinitespire:Beetle Shell"},{"floor":54,"key":"ReplayFunnel"}],"event_choices":[{"damage_healed":0.0,"max_hp_gain":0.0,"max_hp_loss":0.0,"gold_gain":0.0,"event_name":"FaceTrader","player_choice":"Trade","floor":3.0,"gold_loss":0.0,"damage_taken":0.0,"relics_obtained":["FaceOfCleric"]},{"damage_healed":0.0,"max_hp_gain":0.0,"max_hp_loss":0.0,"gold_gain":0.0,"event_name":"Mushrooms","player_choice":"Fought Mushrooms","floor":10.0,"gold_loss":0.0,"damage_taken":0.0},{"damage_healed":0.0,"max_hp_gain":0.0,"max_hp_loss":0.0,"gold_gain":0.0,"event_name":"Knowing Skull","player_choice":"CARD ","floor":20.0,"potions_obtained":[],"gold_loss":0.0,"damage_taken":12.0,"cards_obtained":["Purity"]},{"damage_healed":0.0,"max_hp_gain":0.0,"max_hp_loss":0.0,"gold_gain":0.0,"event_name":"N\u0027loth","player_choice":"Traded Relic","floor":25.0,"relics_lost":["Replay:M_StaffOfTheSnake"],"gold_loss":0.0,"damage_taken":0.0,"relics_obtained":["Nloth\u0027s Gift"]}],"is_beta":true,"boss_relics":[{"not_picked":["Coffee Dripper","vexMod:MegatonBomb"],"picked":"Electric Blood"},{"not_picked":["vexMod:RockOfEvil","hubris:TerracottaHorce"],"picked":"conspire:RunicOctahedron"}],"items_purged_floors":[2,22],"is_endless":false,"potions_floor_spawned":[1,10,11,12,18,29,33,37,39,44,48],"killed_by":"The Heart","ascension_level":9}}