{"host":"sst22apzgpn07t8v","time":1608285758,"event":{"mods":["Act Like it!","BaseMod","Downfall","Hallownest","HololiveMod","Lobotomy","LobotomyExtend","Minty Spire (QoL Compilation)","Replay The Spire","Shop Mod","StSLib"],"gold_per_floor":[100,100,100,100,100,130,203,203,203,203,217,667,667,667,686,686,686],"floor_reached":16,"playtime":368,"items_purged":[],"score":119,"play_id":"2754e9bf-b62e-47e5-a0c8-39b1a1bb01ad","local_time":"20201218180238","is_ascension_mode":false,"campfire_choices":[],"circlet_count":0,"master_deck":["SpecialBullet","SpecialBullet","SpecialBullet","SpecialBullet","SpecialBullet","SpecialBullet","SpecialBullet","SpecialBullet","SecurityCode","InformationCode","CentralCode","Hornet","QueenOfHatred","Soda","Scorched","Slimebound:Icky","Slimebound:Icky","Slimebound:Icky","Mercenary"],"relics":["CogitoBucket","downfall:HeartsMalice","LetterFromLob","Replay:Bottled Snecko","Kunai","Question Card","downfall:BrokenWingStatue"],"acts_visited":["Exordium"],"potions_floor_usage":[16],"damage_taken":[{"damage":0,"enemies":"Small Slimes","floor":2,"turns":1},{"damage":0,"enemies":"Gremlin Nob","floor":6,"turns":1},{"damage":0,"enemies":"Cultist","floor":8,"turns":1},{"damage":7,"enemies":"Jaw Worm","floor":11,"turns":3},{"damage":0,"enemies":"Lots of Slimes","floor":15,"turns":1},{"damage":84,"enemies":"downfall:Silent","floor":16,"turns":7}],"seed_played":"-3758422886620241419","potions_obtained":[{"floor":11,"key":"BlessingOfTheForge"},{"floor":15,"key":"ColorlessPotion"}],"is_trial":false,"path_per_floor":["R","M","?","?","R","E","T","M","?","R","M","?","T","?","M","B"],"character_chosen":"Angela","items_purchased":[],"campfire_rested":0,"item_purchase_floors":[],"current_hp_per_floor":[70,70,70,70,70,70,70,70,70,70,74,74,74,74,78,0,0],"gold":686,"neow_bonus":"THREE_ENEMY_KILL","is_daily":false,"chose_seed":false,"campfire_upgraded":0,"win_rate":0.0,"timestamp":1608285758,"path_taken":["R","M","?","?","R","E","T","?","?","R","?","?","?","?","M","BOSS"],"items_purchased_type":[],"build_version":"2020-12-13","purchased_purges":0,"victory":false,"max_hp_per_floor":[70,70,70,70,70,70,70,70,70,70,74,74,74,74,78,78,78],"card_choices":[{"not_picked":["PunishingBird","ShyLook"],"picked":"OSAHOGD","floor":2},{"not_picked":["ScreamingWedge","CherryBlossom"],"picked":"SKIP","floor":2},{"not_picked":["BlueScar"],"picked":"Hornet","floor":6},{"not_picked":["BlackSwan","SpiderBud"],"picked":"QueenOfHatred","floor":8},{"not_picked":["Penitence","Lantern"],"picked":"SKIP","floor":8},{"not_picked":["FairyFestival","CrumblingArmor"],"picked":"Scorched","floor":11},{"not_picked":["Soda","TodaysExpression"],"picked":"SKIP","floor":11},{"not_picked":["HappyTeddy","VoidDream"],"picked":"Mercenary","floor":15},{"not_picked":["Hypocrisy","Beak","Tough"],"picked":"SKIP","floor":15}],"player_experience":165419,"relics_obtained":[{"floor":2,"key":"LetterFromLob"},{"floor":6,"key":"Replay:Bottled Snecko"},{"floor":7,"key":"Kunai"},{"floor":13,"key":"Question Card"}],"event_choices":[{"damage_healed":0,"gold_gain":0,"player_choice":"Ignored","damage_taken":0,"max_hp_gain":0,"max_hp_loss":0,"event_name":"NoteForYourself","floor":4,"gold_loss":0},{"damage_healed":0,"gold_gain":0,"cards_transformed":["OSAHOGD"],"player_choice":"Transformed","damage_taken":0,"max_hp_gain":0,"max_hp_loss":0,"event_name":"Transmorgrifier","floor":9,"gold_loss":0,"cards_obtained":["Soda"]}],"is_beta":false,"boss_relics":[],"items_purged_floors":[],"is_endless":false,"potions_floor_spawned":[11,15],"killed_by":"downfall:Silent","ascension_level":0}}