{"host":"p8vfglcomz3cvi49","time":1608305173,"event":{"mods":["2.2 Compatiblity","AchievementEnabler","BaseMod","Colored Map","DeckTracker","Highlight Path","Minty Spire (QoL Compilation)"],"gold_per_floor":[110,110,130,130,143,143,170,170,170,180,180,192,117,176,176,272,272,288,288,306,83,8,8,8,8,8,8,36,51,63,63,63,168,168,180,191,101,101,118,118,151,151,151,151,162,212,87,117,117,117,117],"floor_reached":50,"playtime":3450,"items_purged":["Strike_G","Defend_G","Defend_G"],"score":704,"play_id":"f65efd36-5e1f-4c8c-b210-4c634b260d9c","local_time":"20201218162613","is_ascension_mode":true,"campfire_choices":[{"data":"Phantasmal Killer","floor":6,"key":"SMITH"},{"data":"Dash","floor":8,"key":"SMITH"},{"floor":11,"key":"REST"},{"data":"Neutralize","floor":15,"key":"SMITH"},{"data":"Venomology","floor":23,"key":"SMITH"},{"data":"Noxious Fumes","floor":25,"key":"SMITH"},{"data":"Tactician","floor":27,"key":"SMITH"},{"data":"Infinite Blades","floor":32,"key":"SMITH"},{"data":"Cloak And Dagger","floor":40,"key":"SMITH"},{"data":"Cloak And Dagger","floor":42,"key":"SMITH"},{"data":"Blade Dance","floor":44,"key":"SMITH"},{"data":"Noxious Fumes","floor":49,"key":"SMITH"}],"circlet_count":0,"master_deck":["Strike_G","Strike_G","Defend_G","Defend_G","Survivor","Neutralize+1","Slice","Deadly Poison","Phantasmal Killer+1","Escape Plan","Dash+1","Tactician+1","Slice","Quick Slash","Blade Dance+1","Venomology+1","Deflect","Deadly Poison","Terror+1","Cloak And Dagger+1","Noxious Fumes+1","Cloak And Dagger+1","Infinite Blades+1","Cloak And Dagger+1","Tools of the Trade+1","Deflect+1","Noxious Fumes+1"],"relics":["Ring of the Snake","NeowsBlessing","InkBottle","Dream Catcher","Question Card","Coffee Dripper","Lantern","Eternal Feather","Runic Pyramid","Vajra","Bird Faced Urn","Ice Cream","Bottled Lightning"],"acts_visited":["Exordium","TheCity","TheBeyond"],"potions_floor_usage":[18,18,18,28,28,29,30,33,33,33,33,39,39,41,46,48,48,48,48,50],"damage_taken":[{"damage":0,"enemies":"Small Slimes","floor":1,"turns":1},{"damage":0,"enemies":"Cultist","floor":3,"turns":1},{"damage":0,"enemies":"2 Louse","floor":5,"turns":1},{"damage":37,"enemies":"3 Sentries","floor":7,"turns":10},{"damage":3,"enemies":"Lots of Slimes","floor":10,"turns":5},{"damage":1,"enemies":"Exordium Thugs","floor":12,"turns":5},{"damage":3,"enemies":"Gremlin Nob","floor":14,"turns":3},{"damage":5,"enemies":"Hexaghost","floor":16,"turns":11},{"damage":0,"enemies":"Spheric Guardian","floor":18,"turns":3},{"damage":11,"enemies":"Shell Parasite","floor":20,"turns":6},{"damage":23,"enemies":"Book of Stabbing","floor":28,"turns":5},{"damage":0,"enemies":"Snecko","floor":29,"turns":3},{"damage":6,"enemies":"Centurion and Healer","floor":30,"turns":5},{"damage":41,"enemies":"Collector","floor":33,"turns":7},{"damage":4,"enemies":"Orb Walker","floor":35,"turns":3},{"damage":14,"enemies":"3 Shapes","floor":36,"turns":4},{"damage":17,"enemies":"Transient","floor":39,"turns":5},{"damage":0,"enemies":"Giant Head","floor":41,"turns":5},{"damage":23,"enemies":"4 Shapes","floor":45,"turns":5},{"damage":15,"enemies":"Mind Bloom Boss Battle","floor":46,"turns":6},{"damage":11,"enemies":"Nemesis","floor":48,"turns":5},{"damage":69,"enemies":"Donu and Deca","floor":50,"turns":8}],"seed_played":"6354241297200996108","potions_obtained":[{"floor":5,"key":"SpeedPotion"},{"floor":10,"key":"Regen Potion"},{"floor":14,"key":"Strength Potion"},{"floor":20,"key":"Regen Potion"},{"floor":29,"key":"CunningPotion"},{"floor":36,"key":"SmokeBomb"},{"floor":39,"key":"Weak Potion"},{"floor":45,"key":"DistilledChaos"},{"floor":46,"key":"ColorlessPotion"}],"is_trial":false,"path_per_floor":["M","?","M","?","M","R","E","R","T","M","R","M","$","?","R","B",null,"M","?","M","$","?","R","$","R","T","R","E","M","M","$","R","B",null,"M","M","?","$","M","R","E","R","T","R","M","?","$","E","R","B"],"character_chosen":"THE_SILENT","items_purchased":["Cloak And Dagger","Noxious Fumes"],"campfire_rested":1,"item_purchase_floors":[21,21],"current_hp_per_floor":[70,70,70,70,70,70,33,33,33,30,51,50,50,47,47,42,70,70,70,59,59,59,59,59,59,59,59,50,50,44,44,59,18,70,66,52,52,52,47,62,62,70,70,70,49,42,42,39,54,0,0],"gold":117,"neow_bonus":"THREE_ENEMY_KILL","is_daily":false,"chose_seed":false,"campfire_upgraded":11,"win_rate":0.0,"timestamp":1608305173,"path_taken":["M","?","?","?","?","R","E","R","T","M","R","M","?","?","R","BOSS","M","?","?","?","?","R","?","R","T","R","E","M","M","$","R","BOSS","M","M","?","?","M","R","E","R","T","R","M","?","?","E","R","BOSS"],"items_purchased_type":["Card","Card"],"build_version":"2020-12-13","purchased_purges":3,"victory":false,"max_hp_per_floor":[70,70,70,70,70,70,70,70,70,70,70,70,70,70,70,70,70,70,70,70,70,70,70,70,70,70,70,70,70,70,70,70,70,70,70,70,70,70,70,70,70,70,70,70,70,70,70,70,70,70,70],"card_choices":[{"not_picked":["Dagger Throw","Dagger Spray"],"picked":"Escape Plan","floor":1},{"not_picked":["Underhanded Strike","Acrobatics"],"picked":"Slice","floor":3},{"not_picked":["Prepared","Acrobatics"],"picked":"Escape Plan","floor":5},{"not_picked":["Tools of the Trade","Bullet Time"],"picked":"Dash","floor":7},{"not_picked":["Blur","Escape Plan"],"picked":"Tactician","floor":10},{"not_picked":["Acrobatics","Sucker Punch"],"picked":"Slice","floor":11},{"not_picked":["PiercingWail","Skewer"],"picked":"Quick Slash","floor":12},{"not_picked":["Blur","Deadly Poison"],"picked":"Blade Dance","floor":14},{"not_picked":["Malaise","Phantasmal Killer","Storm of Steel"],"picked":"Venomology","floor":16},{"not_picked":["All Out Attack","Choke","Catalyst"],"picked":"Deflect","floor":18},{"not_picked":["Prepared","Blade Dance","Quick Slash"],"picked":"Terror+1","floor":20},{"not_picked":["Prepared","Quick Slash","Grand Finale"],"picked":"Cloak And Dagger","floor":28},{"not_picked":["Flechettes","Blade Dance","Dagger Spray"],"picked":"Infinite Blades","floor":29},{"not_picked":["PiercingWail+1","Prepared","Flying Knee+1"],"picked":"Cloak And Dagger+1","floor":30},{"not_picked":["A Thousand Cuts","Bullet Time","Unload"],"picked":"Tools of the Trade","floor":33},{"not_picked":["Dagger Spray+1","Flying Knee+1","Underhanded Strike"],"picked":"Deflect+1","floor":35},{"not_picked":["Dagger Spray","Acrobatics","Blur","Slice"],"picked":"SKIP","floor":36},{"not_picked":["Terror+1","Escape Plan+1","Tactician","Riddle With Holes+1"],"picked":"SKIP","floor":39},{"not_picked":["Setup","Underhanded Strike","Deadly Poison","Well Laid Plans"],"picked":"SKIP","floor":41},{"not_picked":["Venomology","Dagger Throw","Bane+1"],"picked":"Noxious Fumes","floor":45},{"not_picked":["Sucker Punch","Infinite Blades","Eviscerate","Quick Slash"],"picked":"SKIP","floor":48}],"player_experience":105329,"relics_obtained":[{"floor":7,"key":"InkBottle"},{"floor":9,"key":"Dream Catcher"},{"floor":14,"key":"Question Card"},{"floor":26,"key":"Lantern"},{"floor":28,"key":"Eternal Feather"},{"floor":41,"key":"Vajra"},{"floor":43,"key":"Bird Faced Urn"},{"floor":46,"key":"Ice Cream"},{"floor":48,"key":"Bottled Lightning"}],"event_choices":[{"cards_removed":["Escape Plan"],"damage_healed":0,"gold_gain":0,"player_choice":"Offered Uncommon","damage_taken":0,"max_hp_gain":0,"max_hp_loss":0,"event_name":"Bonfire Elementals","floor":2,"gold_loss":0},{"damage_healed":0,"gold_gain":0,"player_choice":"2 cards matched","damage_taken":0,"max_hp_gain":0,"max_hp_loss":0,"event_name":"Match and Keep!","floor":4,"gold_loss":0,"cards_obtained":["Deadly Poison","Phantasmal Killer"]},{"damage_healed":0,"gold_gain":0,"player_choice":"Searched \u00271\u0027 times","damage_taken":0,"max_hp_gain":0,"max_hp_loss":0,"event_name":"Dead Adventurer","floor":14,"gold_loss":0},{"damage_healed":0,"gold_gain":0,"cards_transformed":["Defend_G"],"player_choice":"Transformed","damage_taken":0,"max_hp_gain":0,"max_hp_loss":0,"event_name":"Transmorgrifier","floor":19,"gold_loss":0,"cards_obtained":["Deadly Poison"]},{"cards_removed":["Strike_G"],"damage_healed":0,"gold_gain":0,"player_choice":"Gave Gold","damage_taken":0,"max_hp_gain":0,"max_hp_loss":0,"event_name":"Beggar","floor":22,"gold_loss":75},{"cards_removed":["Strike_G"],"damage_healed":0,"gold_gain":0,"player_choice":"Upgrade and Remove","damage_taken":0,"max_hp_gain":0,"max_hp_loss":0,"event_name":"Designer","floor":37,"gold_loss":90,"cards_upgraded":["Tools of the Trade"]},{"damage_healed":0,"gold_gain":0,"player_choice":"Fight","damage_taken":0,"max_hp_gain":0,"max_hp_loss":0,"event_name":"MindBloom","floor":46,"gold_loss":0}],"is_beta":false,"boss_relics":[{"not_picked":["Astrolabe","Ring of the Serpent"],"picked":"Coffee Dripper"},{"not_picked":["Velvet Choker","Runic Dome"],"picked":"Runic Pyramid"}],"items_purged_floors":[13,21,47],"is_endless":false,"potions_floor_spawned":[5,10,14,16,20,29,36,39,45,46],"killed_by":"Donu and Deca","ascension_level":4}}