{"host":"naykp6d9ulahlwib","time":1608326034,"event":{"mods":["BaseMod","Highlight Path","Minty Spire (QoL Compilation)","Shop Mod","StSLib"],"gold_per_floor":[113,127,52,52,52,52,83,83,83,83,83,99,99,174,174,303,303,317,340,141,141,141],"floor_reached":21,"playtime":1373,"items_purged":["Strike_B","Defend_B"],"score":320,"play_id":"703d351b-3e54-4505-a9e2-230875ef06b5","local_time":"20201218151354","is_ascension_mode":true,"campfire_choices":[{"data":"Fusion","floor":6.0,"key":"SMITH"},{"data":"Zap","floor":8.0,"key":"SMITH"},{"data":"Dualcast","floor":10.0,"key":"SMITH"},{"floor":13.0,"key":"REST"},{"floor":15.0,"key":"RECALL"}],"circlet_count":0,"master_deck":["AscendersBane","Strike_B","Strike_B","Defend_B","Defend_B","Defend_B","Zap+1","Dualcast+1","FTL","Fusion+1","Sweeping Beam","Gash","Seek","Conserve Battery","Beam Cell","Gash","Leap"],"relics":["Cracked Core","NeowsBlessing","Golden Idol","Pocketwatch","Sundial","Philosopher\u0027s Stone"],"acts_visited":["Exordium","TheCity"],"potions_floor_usage":[],"damage_taken":[{"damage":0.0,"enemies":"Cultist","floor":1.0,"turns":1.0},{"damage":0.0,"enemies":"Jaw Worm","floor":2.0,"turns":1.0},{"damage":0.0,"enemies":"3 Sentries","floor":7.0,"turns":1.0},{"damage":7.0,"enemies":"Small Slimes","floor":12.0,"turns":2.0},{"damage":52.0,"enemies":"The Guardian","floor":16.0,"turns":13.0},{"damage":17,"enemies":"Spheric Guardian","floor":18,"turns":4},{"damage":30,"enemies":"Chosen","floor":19,"turns":6},{"damage":14,"enemies":"Snecko","floor":21,"turns":2}],"seed_played":"-4963408630748231962","potions_obtained":[{"floor":1.0,"key":"FearPotion"}],"is_trial":false,"path_per_floor":["M","M","$","?","?","R","E","R","T","R","?","M","R","?","R","B",null,"M","M","$","M"],"character_chosen":"DEFECT","items_purchased":["Gash","Leap"],"campfire_rested":1,"item_purchase_floors":[20,20],"current_hp_per_floor":[68,68,68,50,43,43,43,43,43,43,48,41,65,54,54,2,61,44,14,14,0,0],"gold":141,"neow_bonus":"THREE_ENEMY_KILL","is_daily":false,"chose_seed":false,"campfire_upgraded":3,"win_rate":0.0,"timestamp":1608326034,"path_taken":["M","M","$","?","?","R","E","R","T","R","?","M","R","?","R","BOSS","M","M","$","M"],"items_purchased_type":["Card","Card"],"build_version":"2020-12-13","purchased_purges":2,"victory":false,"max_hp_per_floor":[75,75,75,75,75,75,75,75,75,75,80,80,80,80,80,80,80,80,80,80,80,80],"card_choices":[{"not_picked":["Cold Snap","Stack"],"picked":"FTL","floor":1.0},{"not_picked":["Melter","Ball Lightning"],"picked":"Fusion","floor":2.0},{"not_picked":["Blizzard","Conserve Battery"],"picked":"Sweeping Beam","floor":7.0},{"not_picked":["Melter","Steam Power"],"picked":"Gash","floor":12.0},{"not_picked":["Biased Cognition","Thunder Strike"],"picked":"Seek","floor":16.0},{"not_picked":["Fusion","Steam Power+1"],"picked":"Conserve Battery","floor":18},{"not_picked":["Turbo","Coolheaded"],"picked":"Beam Cell","floor":19}],"player_experience":818354,"relics_obtained":[{"floor":7.0,"key":"Pocketwatch"},{"floor":9.0,"key":"Sundial"}],"event_choices":[{"damage_healed":0.0,"max_hp_gain":0.0,"max_hp_loss":0.0,"gold_gain":0.0,"event_name":"Golden Idol","player_choice":"Take Damage","floor":4.0,"gold_loss":0.0,"damage_taken":18.0,"relics_obtained":["Golden Idol"]},{"cards_removed":["Strike_B"],"damage_healed":0.0,"max_hp_gain":0.0,"max_hp_loss":0.0,"gold_gain":0.0,"event_name":"Golden Wing","player_choice":"Card Removal","floor":5.0,"gold_loss":0.0,"damage_taken":7.0},{"damage_healed":0.0,"max_hp_gain":5.0,"max_hp_loss":0.0,"gold_gain":0.0,"event_name":"Big Fish","player_choice":"Donut","floor":11.0,"gold_loss":0.0,"damage_taken":0.0},{"damage_healed":0.0,"max_hp_gain":0.0,"max_hp_loss":0.0,"gold_gain":75.0,"event_name":"World of Goop","player_choice":"Gather Gold","floor":14.0,"gold_loss":0.0,"damage_taken":11.0}],"is_beta":false,"boss_relics":[{"not_picked":["Pandora\u0027s Box","FrozenCore"],"picked":"Philosopher\u0027s Stone"}],"items_purged_floors":[3,20],"is_endless":false,"potions_floor_spawned":[1],"killed_by":"Snecko","ascension_level":12}}