{"host":"Pickles","time":1608265567,"event":{"mods":["BaseMod","Downfall","Duelist Mod","GifTheSpireLib","Hermit","Kratos Character Expansion","Marisa????????","Minty Spire (QoL Compilation)","StSLib","The Animator","The Blackbeard","The Bug Knight","The Cursed","The Exalted","The Hierophant","The Necromancer","The Runesmith","The Senshi","The Servant 0.9.4","TheWitcher"],"gold_per_floor":[112,212,224,234,250,277,277,290,314,314,341,10,21,37,37,133,133,146,157,13,42,67,105,117,145,183,195,236,248,276,288,300,416,428,454,477,538,227,227,227,245,274,300,326,338,354,374,0,0,0],"floor_reached":51,"playtime":5039,"items_purged":[],"score":788,"play_id":"0fab260a-f158-4931-85f0-17e514b9f9a2","local_time":"20201218152607","is_ascension_mode":false,"campfire_choices":[{"floor":7.0,"key":"REST"},{"floor":10.0,"key":"REST"},{"data":"Summon_Undead","floor":15.0,"key":"SMITH"},{"floor":27.0,"key":"REST"},{"floor":32,"key":"REST"},{"floor":40,"key":"REST"},{"floor":49,"key":"REST"}],"circlet_count":0,"master_deck":["Strike_W+1","Strike_W+1","Strike_W+1","Strike_W+1","Defend_W+1","Defend_W+1","Defend_W+1","Defend_W+1","Negative_Energy_Arrows","Bone_Wall","Bone_Bullets","Bone_Armor","Summon_Undead+1","Necrotic_Claws","Acid_Javelin","Siphon_Strength","Siphon_Strength","Negative_Energy_Shield","Bone_Spikes","Stop_Heart","Negative_Energy_Mist","Reap_The_Weak","Death_Knell","Whirlwind_of_Bones+1","Thousand_Bone_Knives","Finger_Of_Death+1","Vampiric_Strike","Blood_Wake","Negative_Energy_Mist","Blood_Wake","Spectral_Armor","Summon_Lich","Spectral_Armor+1","Pandemic","Madness","Madness","Necrotic_Claws","Negative_Energy_Burst+1","Necromantic_Selection+1","Summon_Lich","Toxic_Smoke_Screen","Blood_Shield+1"],"relics":["Vampire_Amulet","NeowsBlessing","Meat on the Bone","Anchor","Strawberry","SnafuTest:CatRelic","Fusion Hammer","MawBank","Bromod:ArcaneGuardian","Nunchaku","Bag of Preparation","CaptainsWheel","Pen Nib","Runic Pyramid","Turnip","theSenshi:FeatherClipsRelic","Dead Branch","PreservedInsect","Bird Faced Urn","Red Mask"],"acts_visited":["TheBeyond"],"potions_floor_usage":[30,30,42,44,50,50],"damage_taken":[{"damage":0.0,"enemies":"Jaw Worm","floor":1.0,"turns":1.0},{"damage":0.0,"enemies":"Cultist","floor":3.0,"turns":1.0},{"damage":0.0,"enemies":"2 Louse","floor":4.0,"turns":1.0},{"damage":10.0,"enemies":"Red Slaver","floor":5.0,"turns":4.0},{"damage":32.0,"enemies":"Lagavulin","floor":6.0,"turns":7.0},{"damage":12.0,"enemies":"Blue Slaver","floor":8.0,"turns":3.0},{"damage":0.0,"enemies":"HollowMod:MossKnight","floor":11.0,"turns":3.0},{"damage":4.0,"enemies":"3 Louse","floor":13.0,"turns":3.0},{"damage":4.0,"enemies":"2 Fungi Beasts","floor":14.0,"turns":3.0},{"damage":8.0,"enemies":"Slime Boss","floor":16.0,"turns":6.0},{"damage":8.0,"enemies":"3 Byrds","floor":18.0,"turns":4.0},{"damage":13.0,"enemies":"2 Thieves","floor":19.0,"turns":4.0},{"damage":10.0,"enemies":"Snecko","floor":21.0,"turns":4.0},{"damage":10.0,"enemies":"3 Cultists","floor":22.0,"turns":3.0},{"damage":44.0,"enemies":"Slavers","floor":23.0,"turns":6.0},{"damage":2.0,"enemies":"Centurion and Healer","floor":25.0,"turns":4.0},{"damage":4,"enemies":"Book of Stabbing","floor":28,"turns":4},{"damage":7,"enemies":"Snecko","floor":30,"turns":3},{"damage":50,"enemies":"Collector","floor":33,"turns":7},{"damage":9,"enemies":"3 Shapes","floor":35,"turns":2},{"damage":2,"enemies":"Orb Walker","floor":36,"turns":3},{"damage":57,"enemies":"2 Orb Walkers","floor":37,"turns":6},{"damage":18,"enemies":"4 Shapes","floor":41,"turns":4},{"damage":17,"enemies":"HollowMod:StalkingDevout","floor":42,"turns":7},{"damage":21,"enemies":"Reptomancer","floor":44,"turns":6},{"damage":5,"enemies":"Jaw Worm Horde","floor":45,"turns":3},{"damage":72,"enemies":"Spire Growth","floor":46,"turns":6},{"damage":10,"enemies":"Sphere and 2 Shapes","floor":47,"turns":3},{"damage":55,"enemies":"Donu and Deca","floor":50,"turns":8}],"seed_played":"5708737169051584552","potions_obtained":[{"floor":3.0,"key":"FairyPotion"},{"floor":5.0,"key":"BlessingOfTheForge"},{"floor":6.0,"key":"AttackPotion"},{"floor":8.0,"key":"Fire Potion"},{"floor":14.0,"key":"AttackPotion"},{"floor":19.0,"key":"EntropicBrew"},{"floor":23.0,"key":"DistilledChaos"},{"floor":35,"key":"Swift Potion"},{"floor":37,"key":"CultistPotion"},{"floor":42,"key":"champ:CounterPotion"},{"floor":45,"key":"SpeedPotion"},{"floor":46,"key":"Swift Potion"},{"floor":47,"key":"Dexterity Potion"}],"is_trial":false,"path_per_floor":["M","?","M","M","M","E","R","M","T","R","E","$","M","M","R","B",null,"M","M","?","M","M","E","?","M","T","R","E","?","M","T","R","B",null,"M","M","?","$","?","R","M","E","T","E","M","M","M","?","R","B",null],"character_chosen":"NECROMANCER","items_purchased":["SnafuTest:CatRelic","Negative_Energy_Shield","Bone_Spikes","theSenshi:FeatherClipsRelic","Pandemic"],"campfire_rested":6,"item_purchase_floors":[12,12,12,38,38],"current_hp_per_floor":[75,75,75,75,67,46,68,58,58,75,82,82,80,80,80,80,82,80,71,71,63,59,33,33,47,47,71,72,64,65,65,82,50,82,78,78,52,52,42,66,65,64,64,61,76,32,50,50,74,47],"gold":0,"neow_bonus":"THREE_ENEMY_KILL","is_daily":false,"chose_seed":false,"campfire_upgraded":1,"win_rate":0.0,"timestamp":1608265567,"path_taken":["M","?","M","M","M","E","R","M","T","R","E","?","M","M","R","BOSS","M","M","?","M","?","E","?","M","T","R","E","?","M","?","R","BOSS","M","M","?","$","?","R","M","E","T","E","M","M","M","?","R","BOSS"],"items_purchased_type":["Relic","Card","Card","Relic","Card"],"build_version":"2020-12-17","purchased_purges":0,"victory":true,"max_hp_per_floor":[75,75,75,75,75,75,75,75,75,75,82,82,82,82,82,82,82,82,82,82,82,82,82,82,82,82,82,82,82,82,82,82,82,82,82,82,82,82,82,82,82,82,82,82,82,82,82,82,82,82],"card_choices":[{"not_picked":["Scare","Bone_Shift"],"picked":"Bone_Bullets","floor":1.0},{"not_picked":["Deaths_Shadow","Violent_Necrosis"],"picked":"Bone_Armor","floor":3.0},{"not_picked":["Blood_Is_Power","Chill_Blood"],"picked":"Summon_Undead","floor":4.0},{"not_picked":["Thousand_Bone_Knives","Negative_Energy_Javelin"],"picked":"Necrotic_Claws","floor":5.0},{"not_picked":["Reap_The_Weak","Shade_Step"],"picked":"Acid_Javelin","floor":6.0},{"not_picked":["Bone_Armor","Stop_Heart"],"picked":"Siphon_Strength","floor":8.0},{"not_picked":["Necromantic_Selection","Violent_Necrosis"],"picked":"Siphon_Strength","floor":11.0},{"not_picked":["Strike_from_Beyond","Toxic_Smoke_Screen"],"picked":"Stop_Heart","floor":13.0},{"not_picked":["Death_Knell","Life_Tap"],"picked":"Negative_Energy_Mist","floor":14.0},{"not_picked":["Requiem","Blood_Magic"],"picked":"Reap_The_Weak","floor":16.0},{"not_picked":["Blood_Shield","Shade_Step","Bone_Shift"],"picked":"SKIP","floor":18.0},{"not_picked":["Bone_Spikes","Siphon_Strength"],"picked":"Death_Knell","floor":19.0},{"not_picked":["Deaths_Shadow","Siphon_Strength"],"picked":"Whirlwind_of_Bones+1","floor":21.0},{"not_picked":["Pandemic+1","Blood_Whip"],"picked":"Thousand_Bone_Knives","floor":22.0},{"not_picked":["Necromantic_Selection","Bone_Armor"],"picked":"Finger_Of_Death+1","floor":23.0},{"not_picked":["Negative_Energy_Javelin","Cloudkill"],"picked":"Vampiric_Strike","floor":25.0},{"not_picked":["Pandemic+1","Shackles_Of_Pain"],"picked":"Blood_Wake","floor":28},{"not_picked":["Negative_Energy_Shield+1","Whirlwind_of_Bones"],"picked":"Negative_Energy_Mist","floor":30},{"not_picked":["Negative_Energy_Bomb","Blood_Magic"],"picked":"Blood_Wake","floor":33},{"not_picked":["Negative_Energy_Shield+1","Vampiric_Strike+1"],"picked":"Spectral_Armor","floor":35},{"not_picked":["Blood_Is_Power+1","Bone_Armor"],"picked":"Summon_Lich","floor":36},{"not_picked":["Negative_Energy_Burst+1","Vampiric_Strike"],"picked":"Spectral_Armor+1","floor":37},{"not_picked":["Life_Drain+1","Negative_Energy_Sphere+1"],"picked":"Necrotic_Claws","floor":41},{"not_picked":["Spectral_Walk","Life_Tap+1"],"picked":"Negative_Energy_Burst+1","floor":42},{"not_picked":["Thousand_Bone_Knives+1","Toxic_Smoke_Screen+1"],"picked":"Necromantic_Selection+1","floor":44},{"not_picked":["Shackles_Of_Pain","Negative_Energy_Sphere+1"],"picked":"Summon_Lich","floor":45},{"not_picked":["Finger_Of_Death+1","Negative_Energy_Javelin+1"],"picked":"Toxic_Smoke_Screen","floor":46},{"not_picked":["Death_March_Dance","Finger_Of_Death+1"],"picked":"Blood_Shield+1","floor":47}],"player_experience":188896,"relics_obtained":[{"floor":6.0,"key":"Meat on the Bone"},{"floor":9.0,"key":"Anchor"},{"floor":11.0,"key":"Strawberry"},{"floor":23.0,"key":"Bromod:ArcaneGuardian"},{"floor":26.0,"key":"Nunchaku"},{"floor":28,"key":"Bag of Preparation"},{"floor":31,"key":"Pen Nib"},{"floor":37,"key":"Turnip"},{"floor":42,"key":"Dead Branch"},{"floor":43,"key":"PreservedInsect"},{"floor":44,"key":"Bird Faced Urn"}],"event_choices":[{"damage_healed":0.0,"max_hp_gain":0.0,"max_hp_loss":0.0,"gold_gain":100.0,"event_name":"Wheel of Change","player_choice":"Gold","floor":2.0,"gold_loss":0.0,"damage_taken":0.0},{"damage_healed":0.0,"max_hp_gain":0.0,"max_hp_loss":0.0,"gold_gain":0.0,"event_name":"WeMeetAgain","player_choice":"Paid Gold","floor":20.0,"gold_loss":144.0,"damage_taken":0.0,"relics_obtained":["MawBank"]},{"damage_healed":0.0,"max_hp_gain":0.0,"max_hp_loss":0.0,"gold_gain":0.0,"event_name":"Back to Basics","player_choice":"Simplicity","floor":24.0,"gold_loss":0.0,"damage_taken":0.0,"cards_upgraded":["Strike_W","Strike_W","Strike_W","Strike_W","Defend_W","Defend_W","Defend_W","Defend_W"]},{"damage_healed":0,"gold_gain":0,"player_choice":"CaptainsWheel","damage_taken":0,"relics_obtained":["CaptainsWheel"],"max_hp_gain":0,"max_hp_loss":0,"event_name":"blackbeard:ShipwreckEvent","floor":29,"gold_loss":0},{"damage_healed":0,"gold_gain":0,"player_choice":"Fight","damage_taken":0,"max_hp_gain":0,"max_hp_loss":0,"event_name":"Mysterious Sphere","floor":37,"gold_loss":0},{"damage_healed":0,"gold_gain":0,"player_choice":"Embrace Madness","damage_taken":10,"max_hp_gain":0,"max_hp_loss":0,"event_name":"Winding Halls","floor":39,"gold_loss":0,"cards_obtained":["Madness","Madness"]},{"damage_healed":0,"gold_gain":0,"player_choice":"Paid","damage_taken":0,"relics_obtained":["Red Mask"],"max_hp_gain":0,"max_hp_loss":0,"event_name":"Tomb of Lord Red Mask","floor":48,"gold_loss":374}],"is_beta":true,"boss_relics":[{"not_picked":["Ectoplasm","Astrolabe"],"picked":"Fusion Hammer"},{"not_picked":["Velvet Choker","Philosopher\u0027s Stone"],"picked":"Runic Pyramid"}],"items_purged_floors":[],"is_endless":false,"potions_floor_spawned":[3,5,6,8,14,19,23,35,37,42,45,46,47],"ascension_level":0}}