{"host":"zivz6e0vf73jivdq","time":1608298624,"event":{"mods":["Act Like it!","BaseMod","Friendly Minions","Gensokyo","HololiveMod","Koishi","Marisa£¨ìFÓê¡¡Ä§ÀíÉ³£©","Minty Spire (QoL Compilation)","MostiFishMod","Pale of the Ancients","Prisma Mod","Reimu£¨²©ÀöÁéÃÎ£©","Remilia£¨ÀÙÃ×ÀòÑÇ£©","Replay The Spire","RumiaBox-Â¶Ã×æ«µÄÉñÃØºÐ×Ó","StSLib","The Jungle","The Servant 0.9.4","Youmu£¨»êÆÇÑýÃÎ£©","¡¾¶«·½¶þ´Î´´×÷¡¿°ËÔÆ×Ïmod","¡¾ÒÅÎï¿¨ÅÆ¡¿REMEMod"],"gold_per_floor":[115,115,5,5,5,39,62,106,106,106,124,143,181,200,200,320,320,334,254,254,273,291,332,357,388,413,243,281,306,339,360,360,486,486,510,257,280,280,301,344,344,383,409,432,432,452,198,236,236,236,236,236,53,87,87,87],"floor_reached":55,"playtime":4487,"items_purged":["Defend_R","Strike_R","Strike_R","Defend_R","Defend_R+1"],"score":1303,"play_id":"354fcd02-8564-4fe9-bd4e-3738cadddbca","local_time":"20201218213704","is_ascension_mode":true,"campfire_choices":[{"data":"Armaments","floor":15.0,"key":"SMITH"},{"data":"Defend_R","floor":32.0,"key":"PURGE"},{"floor":41,"key":"RECALL"},{"data":"Limit Break","floor":45,"key":"SMITH"},{"floor":49,"key":"DIG"},{"data":"Dark Embrace","floor":52,"key":"SMITH"}],"circlet_count":0,"master_deck":["Strike_R+1","Strike_R+1","Strike_R+1","Bash+1","MostiFishMod:DarkDeal+1","Shrug It Off+1","MostiFishMod:UltimateDefense+1","MostiFishMod:UniRed+1","Armaments+1","Shockwave+1","True Grit+1","Feel No Pain+1","Hemogenesis+1","Whirlwind+1","Warcry+1","Seeing Red+1","Bloodletting+1","REME_ACTH+1","ReplayReversal+1","Rampage+1","MostiFishMod:HellRitual+1","Midas Touch+1","Burning Pact+1","Limit Break+1","Dark Embrace+1","Dark Embrace"],"relics":["Burning Blood","DaveBox","REME_ComplimentaryCards","NeowsBlessing","Membership Card","Question Card","Orrery","Golden Idol","ZombieArmy","Potion Belt","Blue Doll","ChaoDraw","ImportantClient","OneHitWonderSystem","Bag of Preparation","Replay:WaspNest","REME_HandOfSuture","Omamori","PlanX","Replay:Mystery Machine","MetatronsCube","Replay:Baseball","Mark of the Bloom","ReplayFunnel","SecretRecord","Happy Flower","ReplayTheSpireMod:Ninjato","Eternal Feather","Oddly Smooth Stone","REME_CardOfGreed","ThornShield","Mastiff:ReiMu"],"acts_visited":["Exordium","TheCity","TheBeyond","TheEnding"],"potions_floor_usage":[55,55],"damage_taken":[{"damage":0.0,"enemies":"Small Slimes","floor":1.0,"turns":2.0},{"damage":0.0,"enemies":"3 Sentries","floor":6.0,"turns":1.0},{"damage":0.0,"enemies":"2 Louse","floor":7.0,"turns":1.0},{"damage":15.0,"enemies":"Lagavulin","floor":8.0,"turns":5.0},{"damage":0.0,"enemies":"Jaw Worm","floor":11.0,"turns":3.0},{"damage":17.0,"enemies":"3 Louse","floor":12.0,"turns":2.0},{"damage":11.0,"enemies":"3 Sentries","floor":13.0,"turns":5.0},{"damage":1.0,"enemies":"Blue Slaver","floor":14.0,"turns":3.0},{"damage":5.0,"enemies":"Hexaghost","floor":16.0,"turns":6.0},{"damage":0.0,"enemies":"3 Byrds","floor":18.0,"turns":5.0},{"damage":0.0,"enemies":"2 Thieves","floor":21.0,"turns":2.0},{"damage":0.0,"enemies":"Cultist and Chosen","floor":22.0,"turns":3.0},{"damage":0.0,"enemies":"Slavers","floor":23.0,"turns":4.0},{"damage":0.0,"enemies":"Snake Plant","floor":24.0,"turns":3.0},{"damage":0.0,"enemies":"Book of Stabbing","floor":25.0,"turns":4.0},{"damage":0.0,"enemies":"Replay:Snechameleon","floor":28.0,"turns":5.0},{"damage":0.0,"enemies":"Snecko","floor":29.0,"turns":2.0},{"damage":0.0,"enemies":"Slavers","floor":30.0,"turns":2.0},{"damage":0.0,"enemies":"Chosen and Byrds","floor":31.0,"turns":2.0},{"damage":0.0,"enemies":"Pondfish","floor":33.0,"turns":5.0},{"damage":0.0,"enemies":"3 Shapes","floor":35.0,"turns":1.0},{"damage":0.0,"enemies":"3 Darklings","floor":37.0,"turns":1.0},{"damage":0,"enemies":"Sphere and 2 Shapes","floor":39,"turns":1},{"damage":0,"enemies":"Nemesis","floor":40,"turns":1},{"damage":0,"enemies":"R_Hoarder","floor":42,"turns":3},{"damage":0,"enemies":"Jaw Worm Horde","floor":44,"turns":1},{"damage":0,"enemies":"3 Darklings","floor":46,"turns":1},{"damage":0,"enemies":"Giant Head","floor":48,"turns":1},{"damage":0,"enemies":"Replay:Hell Engine","floor":50,"turns":1},{"damage":0,"enemies":"Shield and Spear","floor":54,"turns":1},{"damage":3,"enemies":"The Heart","floor":55,"turns":1}],"seed_played":"-6534287714364040069","potions_obtained":[{"floor":6.0,"key":"PowerPotion"},{"floor":7.0,"key":"Weak Potion"},{"floor":12.0,"key":"Weak Potion"},{"floor":14.0,"key":"SkillPotion"},{"floor":18.0,"key":"Fire Potion"},{"floor":21.0,"key":"PowerPotion"},{"floor":28.0,"key":"Languid Potion"},{"floor":29.0,"key":"Swift Potion"},{"floor":33.0,"key":"SkillPotion"},{"floor":37.0,"key":"Adrenaline Potion"},{"floor":48,"key":"DuplicationPotion"}],"is_trial":false,"path_per_floor":["M","?","$","?","T","E","M","E","T","?","M","M","E","M","R","B",null,"M","$","?","M","M","E","M","E","T","$","E","M","E","M","R","B",null,"M","$","M","?","M","E","R","E","T","M","R","M","$","E","R","B",null,"R","$","E","B"],"character_chosen":"IRONCLAD","items_purchased":["Orrery","ReplayReversal","Omamori","Replay:Baseball","Midas Touch","ReplayTheSpireMod:Ninjato","Dark Embrace","REME_CardOfGreed","ThornShield"],"campfire_rested":0,"item_purchase_floors":[3,27,27,36,36,47,47,53,53],"current_hp_per_floor":[80,80,80,60,60,66,72,63,63,63,69,58,53,58,58,59,1,1,1,1,1,1,1,1,1,1,1,1,1,1,1,1,1,1,1,1,1,1,1,1,1,1,1,1,1,1,1,1,1,1,1,1,1,1,0,0],"gold":87,"neow_bonus":"THREE_ENEMY_KILL","is_daily":false,"chose_seed":false,"campfire_upgraded":3,"win_rate":0.0,"timestamp":1608298624,"path_taken":["M","?","$","?","?","E","M","E","T","?","M","?","E","M","R","BOSS","M","$","?","M","M","E","?","E","T","$","E","?","E","M","R","BOSS","M","?","M","?","M","E","R","E","T","M","R","?","$","E","R","BOSS","R","$","E","BOSS"],"items_purchased_type":["Relic","Card","Relic","Relic","Card","Relic","Card","Relic","Relic"],"build_version":"2020-12-13","purchased_purges":5,"victory":false,"max_hp_per_floor":[80,80,80,80,80,80,80,80,80,80,80,80,80,80,80,80,1,1,1,1,1,1,1,1,1,1,1,1,1,1,1,1,1,1,1,1,1,1,1,1,1,1,1,1,1,1,1,1,1,1,1,1,1,1,1,1],"card_choices":[{"not_picked":["Intimidate","Perfected Strike"],"picked":"Shrug It Off","floor":1.0},{"not_picked":["Pummel","ReplayTheSpireMod:Strike From Hell","Fire Breathing"],"picked":"MostiFishMod:UltimateDefense","floor":3.0},{"not_picked":["Entrench","Fire Breathing","ReplayTheSpireMod:Stacked"],"picked":"MostiFishMod:UniRed","floor":3.0},{"not_picked":["MostiFishMod:NewArrival","Brutality","Entrench"],"picked":"Armaments","floor":3.0},{"not_picked":["Cleave","Seeing Red","Replay:Undeath\u0027s Touch"],"picked":"Shockwave","floor":6.0},{"not_picked":["Heavy Blade","Body Slam","Hemokinesis","ReplayTheSpireMod:Stacked"],"picked":"SKIP","floor":7.0},{"not_picked":["Reckless Charge","Eclipse","Metallicize","Warcry"],"picked":"SKIP","floor":8.0},{"not_picked":["Reckless Charge","Eclipse","Metallicize","Warcry"],"picked":"SKIP","floor":8.0},{"not_picked":["Iron Wave","Uppercut","Sentinel"],"picked":"True Grit","floor":11.0},{"not_picked":["Warcry","Thunderclap","ReplayTheSpireMod:Stacked","Sword Boomerang"],"picked":"SKIP","floor":12.0},{"not_picked":["Fire Breathing","ReplayTheSpireMod:Stacked","REME_FearOfPain"],"picked":"Feel No Pain","floor":13.0},{"not_picked":["ReplayTheSpireMod:LeadingStrike","REME_FearOfPain","Combust","True Grit"],"picked":"SKIP","floor":14.0},{"not_picked":["Demonic Infusion","MostiFishMod:NewArrival","Fiend Fire"],"picked":"Hemogenesis","floor":16.0},{"not_picked":["Flex","True Grit+1","Clash"],"picked":"Whirlwind+1","floor":18.0},{"not_picked":["Thunderclap","Cleave+1","Wild Strike"],"picked":"Warcry+1","floor":21.0},{"not_picked":["Wild Strike+1","Heavy Blade","True Grit+1","Twin Strike"],"picked":"SKIP","floor":22.0},{"not_picked":["Dropkick+1","Pommel Strike+1","Perfected Strike"],"picked":"Seeing Red+1","floor":23.0},{"not_picked":["Combust+1","Sword Boomerang+1","Armaments+1"],"picked":"Bloodletting","floor":24.0},{"not_picked":["Armaments","Rupture","Inflame"],"picked":"REME_ACTH","floor":25.0},{"not_picked":["Entrench","Ghostly Armor","Clash","Anger"],"picked":"SKIP","floor":28.0},{"not_picked":["Cleave","Run Through","Power Through"],"picked":"Rampage","floor":29.0},{"not_picked":["Pommel Strike","Wild Strike","Havoc+1","Flex"],"picked":"SKIP","floor":30.0},{"not_picked":["Twin Strike","Body Slam","Fire Breathing"],"picked":"MostiFishMod:HellRitual","floor":31.0},{"not_picked":["Thunderclap","Havoc+1","Replay:Undeath\u0027s Touch","Metallicize+1"],"picked":"SKIP","floor":35.0},{"not_picked":["Evolve","Metallicize+1","Replay:Undeath\u0027s Touch"],"picked":"Burning Pact","floor":37.0},{"not_picked":["Whirlwind","Blood for Blood+1","Clothesline+1","Cleave"],"picked":"SKIP","floor":39},{"not_picked":["Spot Weakness","Heavy Blade","Battle Trance","Cleave+1"],"picked":"SKIP","floor":40},{"not_picked":["Replay:Undeath\u0027s Touch","Perfected Strike+1","Heavy Blade+1"],"picked":"Limit Break","floor":42},{"not_picked":["Cleave+1","REME_Scribble+1","ReplayTheSpireMod:LeadingStrike","Perfected Strike"],"picked":"SKIP","floor":44},{"not_picked":["Cleave+1","REME_Scribble+1","ReplayTheSpireMod:LeadingStrike","Perfected Strike"],"picked":"SKIP","floor":44},{"not_picked":["Wild Strike","Combust","Iron Wave","Reckless Charge+1"],"picked":"SKIP","floor":46},{"not_picked":["ReplayTheSpireMod:LeadingStrike+1","Defy Death+1","MostiFishMod:#F4004","Shrug It Off+1"],"picked":"SKIP","floor":48},{"not_picked":["Dropkick","Anger+1","Cleave+1","Reaper"],"picked":"SKIP","floor":54}],"player_experience":690376,"relics_obtained":[{"floor":1.0,"key":"Question Card"},{"floor":5.0,"key":"ZombieArmy"},{"floor":6.0,"key":"Potion Belt"},{"floor":8.0,"key":"Blue Doll"},{"floor":13.0,"key":"ChaoDraw"},{"floor":16.0,"key":"ImportantClient"},{"floor":23.0,"key":"Bag of Preparation"},{"floor":25.0,"key":"Replay:WaspNest"},{"floor":26.0,"key":"REME_HandOfSuture"},{"floor":28.0,"key":"PlanX"},{"floor":30.0,"key":"Replay:Mystery Machine"},{"floor":40,"key":"ReplayFunnel"},{"floor":42,"key":"SecretRecord"},{"floor":43,"key":"Happy Flower"},{"floor":48,"key":"Eternal Feather"},{"floor":49,"key":"Oddly Smooth Stone"},{"floor":54,"key":"Mastiff:ReiMu"}],"event_choices":[{"damage_healed":0.0,"max_hp_gain":0.0,"max_hp_loss":0.0,"gold_gain":0.0,"event_name":"Golden Idol","player_choice":"Take Damage","floor":4.0,"gold_loss":0.0,"damage_taken":20.0,"relics_obtained":["Golden Idol"]},{"damage_healed":0.0,"max_hp_gain":0.0,"max_hp_loss":0.0,"gold_gain":0.0,"event_name":"Match and Keep!","player_choice":"0 cards matched","floor":20.0,"gold_loss":0.0,"damage_taken":0.0,"cards_obtained":[]},{"damage_healed":0,"gold_gain":0,"player_choice":"Upgrade","damage_taken":0,"relics_obtained":["Mark of the Bloom"],"max_hp_gain":0,"max_hp_loss":0,"event_name":"MindBloom","floor":38,"gold_loss":0,"cards_upgraded":["Strike_R","Strike_R","Strike_R","Defend_R","Bash","MostiFishMod:DarkDeal","Shrug It Off","MostiFishMod:UltimateDefense","MostiFishMod:UniRed","Shockwave","True Grit","Feel No Pain","Hemogenesis","Bloodletting","REME_ACTH","ReplayReversal","Rampage","MostiFishMod:HellRitual","Midas Touch","Burning Pact"]}],"is_beta":false,"boss_relics":[{"not_picked":["ExusiaiGun","Cursed Key"],"picked":"OneHitWonderSystem"},{"not_picked":["Black Blood","HaiYi:Twilight"],"picked":"MetatronsCube"}],"items_purged_floors":[3,19,27,36,47],"is_endless":false,"potions_floor_spawned":[6,7,12,14,18,21,28,29,30,33,35,37,39,48,54],"killed_by":"The Heart","ascension_level":5}}