{"host":"4amcrcg6ktw8dbzk","time":1608290344,"event":{"mods":["BaseMod","Dota2Spire","Minty Spire (QoL Compilation)","MostiFishMod","Robot Space Explorer","Spicy Shops","StSLib","Waifu the Spire"],"gold_per_floor":[117,144,8,23,23,52,127,127,127,152,152,172,199,199,199,270,270,288,41,60,60,60,60,74,99,99,132,150,162,190,203,203,277,277,295,295,320,53,69,69,86,121,121,146,159,172,215,244,244,244,244,244,7,38,38],"floor_reached":56,"playtime":1516,"items_purged":["Strike_B"],"score":2873,"play_id":"571f16f2-5038-456b-9075-ba20783da8c7","local_time":"20201218191904","is_ascension_mode":true,"campfire_choices":[{"data":"Coolheaded","floor":8.0,"key":"SMITH"},{"data":"Coolheaded","floor":11.0,"key":"SMITH"},{"data":"Blizzard","floor":15.0,"key":"SMITH"},{"data":"Turbo","floor":23.0,"key":"SMITH"},{"floor":32,"key":"RECALL"},{"data":"MostiFishMod:InterfaceCompatibility","floor":40,"key":"SMITH"},{"data":"Coolheaded","floor":49,"key":"SMITH"},{"data":"Capacitor","floor":52,"key":"SMITH"}],"circlet_count":0,"master_deck":["AscendersBane","Strike_B","Defend_B","Defend_B","Defend_B","Defend_B","Zap","Dualcast","Gash","Cold Snap","Coolheaded+1","Conserve Battery","Coolheaded+1","Blizzard+1","MostiFishMod:ReadyAimFire","MostiFishMod:FrostNova","MostiFishMod:WinterMarkForm","Turbo+1","Gash","Chaos+1","Core Surge","MostiFishMod:InterfaceCompatibility+1","Hologram","Hologram+1","Coolheaded","Chill","Recycle+1","Double Energy","Tempest","Capacitor+1","Coolheaded+1"],"relics":["Cracked Core","DaveBox","DianPoetry","NeowsBlessing","Question Card","Bronze Scales","Thread and Needle","Dota2Spire:LotusOrb","Dota2Spire:PhaseBoots","Letter Opener","ImportantClient","FrostBlade","Civilization","Dota2Spire:EchoSabre","Shuriken","Centennial Puzzle","Bottled Flame","PatriotShield","Torii","ImprovedEquipment","Girya","CombinedTypeHook","CeramicFish","Membership Card","DataDisk","Chemical X","TungstenRod"],"acts_visited":["Exordium","TheCity","TheBeyond","TheEnding"],"potions_floor_usage":[],"damage_taken":[{"damage":0.0,"enemies":"Cultist","floor":1.0,"turns":1.0},{"damage":0.0,"enemies":"Jaw Worm","floor":4.0,"turns":1.0},{"damage":0.0,"enemies":"Lagavulin","floor":6.0,"turns":1.0},{"damage":0.0,"enemies":"3 Sentries","floor":10.0,"turns":7.0},{"damage":0.0,"enemies":"Small Slimes","floor":12.0,"turns":3.0},{"damage":0.0,"enemies":"Lagavulin","floor":13.0,"turns":5.0},{"damage":5.0,"enemies":"Hexaghost","floor":16.0,"turns":7.0},{"damage":0.0,"enemies":"2 Thieves","floor":18.0,"turns":2.0},{"damage":0.0,"enemies":"3 Byrds","floor":20.0,"turns":1.0},{"damage":0.0,"enemies":"Centurion and Healer","floor":24.0,"turns":2.0},{"damage":0.0,"enemies":"Slavers","floor":25.0,"turns":2.0},{"damage":0.0,"enemies":"Book of Stabbing","floor":27.0,"turns":2.0},{"damage":0.0,"enemies":"Cultist and Chosen","floor":28.0,"turns":2.0},{"damage":0.0,"enemies":"3 Cultists","floor":29.0,"turns":1.0},{"damage":0.0,"enemies":"Gremlin Leader","floor":30.0,"turns":2.0},{"damage":0,"enemies":"Shelled Parasite and Fungi","floor":31,"turns":2},{"damage":0,"enemies":"Automaton","floor":33,"turns":3},{"damage":0,"enemies":"3 Shapes","floor":35,"turns":1},{"damage":0,"enemies":"Mind Bloom Boss Battle","floor":37,"turns":1},{"damage":0,"enemies":"Orb Walker","floor":39,"turns":1},{"damage":0,"enemies":"Sphere and 2 Shapes","floor":41,"turns":1},{"damage":0,"enemies":"Reptomancer","floor":42,"turns":1},{"damage":0,"enemies":"Giant Head","floor":44,"turns":1},{"damage":0,"enemies":"Maw","floor":45,"turns":2},{"damage":0,"enemies":"3 Darklings","floor":46,"turns":2},{"damage":0,"enemies":"Nemesis","floor":47,"turns":1},{"damage":0,"enemies":"Writhing Mass","floor":48,"turns":1},{"damage":0,"enemies":"Time Eater","floor":50,"turns":2},{"damage":0,"enemies":"Shield and Spear","floor":54,"turns":1},{"damage":0,"enemies":"The Heart","floor":55,"turns":3}],"seed_played":"-1207243077776468052","potions_obtained":[{"floor":1.0,"key":"SteroidPotion"},{"floor":4.0,"key":"PowerPotion"},{"floor":12.0,"key":"Dota2Spire:HealingSalve"},{"floor":25.0,"key":"Fruit Juice"},{"floor":27.0,"key":"Regen Potion"}],"is_trial":false,"path_per_floor":["M","T","$","M","$","E","?","R","T","E","R","M","E","?","R","B",null,"M","$","M","?","?","R","M","E","T","E","M","M","E","M","R","B",null,"M","?","?","$","M","R","M","E","T","E","M","M","E","M","R","B",null,"R","$","E","B",null],"character_chosen":"DEFECT","items_purchased":["Cold Snap","Civilization","Coolheaded","ImprovedEquipment","Membership Card","DataDisk","Chemical X"],"campfire_rested":0,"item_purchase_floors":[3,19,38,38,53,53,53],"current_hp_per_floor":[64,64,64,64,64,64,57,57,57,57,57,57,57,50,50,45,65,65,65,68,68,68,68,73,86,86,95,106,120,137,156,156,178,183,208,208,234,234,261,261,291,324,324,358,393,434,476,519,519,563,564,564,564,610,657],"gold":38,"neow_bonus":"THREE_ENEMY_KILL","is_daily":false,"chose_seed":false,"campfire_upgraded":7,"win_rate":0.0,"timestamp":1608290344,"path_taken":["M","?","$","M","$","E","?","R","T","E","R","?","E","?","R","BOSS","M","$","M","?","?","R","M","E","T","E","M","M","E","M","R","BOSS","M","?","?","$","M","R","M","E","T","E","M","M","E","M","R","BOSS","R","$","E","BOSS"],"items_purchased_type":["Card","Relic","Card","Relic","Relic","Relic","Relic"],"build_version":"2020-12-13","purchased_purges":1,"victory":true,"max_hp_per_floor":[71,71,71,71,71,71,71,71,71,71,71,71,71,71,71,71,71,71,71,74,74,74,74,79,92,92,101,112,126,143,162,162,184,184,209,209,235,235,262,262,292,325,325,359,394,435,477,520,520,564,564,564,564,610,657],"card_choices":[{"not_picked":["Sunder","Undo"],"picked":"Gash","floor":1.0},{"not_picked":["Gash","Beam Cell","Stack"],"picked":"Coolheaded","floor":4.0},{"not_picked":["Leap","MostiFishMod:Nova","Sweeping Beam"],"picked":"Conserve Battery","floor":6.0},{"not_picked":["MostiFishMod:Culaccino","Conserve Battery","Genetic Algorithm"],"picked":"Coolheaded","floor":10.0},{"not_picked":["Barrage","Rip and Tear","Redo"],"picked":"Blizzard","floor":12.0},{"not_picked":["Barrage","Ball Lightning","MostiFishMod:StarOceanB","Rebound"],"picked":"SKIP","floor":13.0},{"not_picked":["MostiFishMod:FourSeasons","MostiFishMod:FluxCapactior","MostiFishMod:Exploitation"],"picked":"MostiFishMod:ReadyAimFire","floor":16.0},{"not_picked":["Ball Lightning","Streamline","Barrage","Static Discharge"],"picked":"SKIP","floor":18.0},{"not_picked":["Cold Snap","Ball Lightning","Barrage"],"picked":"Turbo","floor":20.0},{"not_picked":["Genetic Algorithm","Stack","Turbo"],"picked":"Gash","floor":24.0},{"not_picked":["Beam Cell","Sweeping Beam","Turbo","Steam"],"picked":"SKIP","floor":25.0},{"not_picked":["MostiFishMod:LinkProtocol","Turbo","Barrage","MostiFishMod:ReprogramOld"],"picked":"SKIP","floor":27.0},{"not_picked":["Stack","Cold Snap","Redo","Gash"],"picked":"SKIP","floor":28.0},{"not_picked":["Self Repair","Darkness+1","Auto Shields+1"],"picked":"Chaos+1","floor":29.0},{"not_picked":["Genetic Algorithm","Stack","Streamline"],"picked":"Core Surge","floor":30},{"not_picked":["Lockon","FTL","Gash","Self Repair"],"picked":"SKIP","floor":31},{"not_picked":["All For One","MostiFishMod:DawningShadow","Fission"],"picked":"MostiFishMod:InterfaceCompatibility","floor":33},{"not_picked":["FTL+1","Compile Driver+1","Stack+1","Hologram"],"picked":"SKIP","floor":35},{"not_picked":["FTL+1","Compile Driver+1","Stack+1"],"picked":"Hologram","floor":35},{"not_picked":["MostiFishMod:ReprogramOld","Sweeping Beam","Cold Snap"],"picked":"Hologram+1","floor":37},{"not_picked":["Steam","Steam Power","Gash+1","Compile Driver"],"picked":"SKIP","floor":39},{"not_picked":["Gash+1","Sweeping Beam","Leap"],"picked":"Chill","floor":41},{"not_picked":["White Noise+1","Heatsinks+1","Doom and Gloom+1"],"picked":"Recycle+1","floor":42},{"not_picked":["Recycle","Conserve Battery","Turbo+1"],"picked":"Double Energy","floor":44},{"not_picked":["Reprogram","Steam","Undo","Barrage"],"picked":"SKIP","floor":45},{"not_picked":["Coolheaded","MostiFishMod:UniBlue","Redo"],"picked":"Tempest","floor":46},{"not_picked":["Go for the Eyes","Chaos","MostiFishMod:Culaccino"],"picked":"Capacitor","floor":47},{"not_picked":["Turbo","MostiFishMod:ReprogramOld","Force Field"],"picked":"Coolheaded","floor":48},{"not_picked":["Turbo+1","Stack","Rebound+1","Beam Cell+1"],"picked":"SKIP","floor":54}],"player_experience":260117,"relics_obtained":[{"floor":1.0,"key":"Question Card"},{"floor":2.0,"key":"Bronze Scales"},{"floor":6.0,"key":"Thread and Needle"},{"floor":9.0,"key":"Dota2Spire:LotusOrb"},{"floor":10.0,"key":"Dota2Spire:PhaseBoots"},{"floor":13.0,"key":"Letter Opener"},{"floor":16.0,"key":"ImportantClient"},{"floor":25.0,"key":"Dota2Spire:EchoSabre"},{"floor":26.0,"key":"Shuriken"},{"floor":27.0,"key":"Centennial Puzzle"},{"floor":30,"key":"Bottled Flame"},{"floor":37,"key":"Torii"},{"floor":42,"key":"Girya"},{"floor":44,"key":"CombinedTypeHook"},{"floor":47,"key":"CeramicFish"},{"floor":54,"key":"TungstenRod"}],"event_choices":[{"damage_healed":0.0,"max_hp_gain":0.0,"max_hp_loss":0.0,"gold_gain":75.0,"event_name":"FaceTrader","player_choice":"Touch","floor":7.0,"gold_loss":0.0,"damage_taken":7.0},{"cards_removed":["Strike_B"],"damage_healed":0.0,"max_hp_gain":0.0,"max_hp_loss":0.0,"gold_gain":0.0,"event_name":"Golden Wing","player_choice":"Card Removal","floor":14.0,"gold_loss":0.0,"damage_taken":7.0},{"damage_healed":0.0,"max_hp_gain":0.0,"max_hp_loss":0.0,"gold_gain":0.0,"event_name":"Ghosts","player_choice":"Ignored","floor":21.0,"gold_loss":0.0,"damage_taken":0.0},{"damage_healed":0.0,"max_hp_gain":0.0,"max_hp_loss":0.0,"gold_gain":0.0,"event_name":"Cursed Tome","player_choice":"Ignored","floor":22.0,"gold_loss":0.0,"damage_taken":0.0},{"cards_removed":["Strike_B"],"damage_healed":0,"gold_gain":0,"player_choice":"Removed Attack","damage_taken":0,"max_hp_gain":0,"max_hp_loss":0,"event_name":"Falling","floor":36,"gold_loss":0},{"damage_healed":0,"gold_gain":0,"player_choice":"Fight","damage_taken":0,"max_hp_gain":0,"max_hp_loss":0,"event_name":"MindBloom","floor":37,"gold_loss":0}],"is_beta":false,"boss_relics":[{"not_picked":["EE1DDrone","FeatherPendant"],"picked":"FrostBlade"},{"not_picked":["OneHitWonderSystem","GreenFoldingFan"],"picked":"PatriotShield"}],"items_purged_floors":[3],"is_endless":false,"potions_floor_spawned":[1,4,12,16,24,25,27,28,33,37,39,46,47],"ascension_level":14}}