{"host":"i41n6wh529970c2c","time":1608329487,"event":{"mods":["Act Like it!","BaseMod","BetterRewards","Friendly Minions","Gold Saver","Hermit","Minty Spire (QoL Compilation)","Replay The Spire","Shop Mod","StSLib"],"gold_per_floor":[114,114,132,152,170,200,200,224,224,192,210,238,258,62,62,165,165,184,184,184,79,92,125,125,140,140,166,200,211,142,142,142,239,239,252,252,291,291,308,335,347,374,374,394,407,407,407,421,421,421,421],"floor_reached":50,"playtime":12086,"items_purged":["Zap","Strike_B","Defend_B"],"score":949,"play_id":"83b8aec6-9444-400f-8033-1ce15b4fd18e","local_time":"20201218171127","is_ascension_mode":true,"campfire_choices":[{"data":"Crow Ritual","floor":7.0,"key":"SMITH"},{"floor":15.0,"key":"REST"},{"data":"Seek","floor":24.0,"key":"SMITH"},{"floor":32.0,"key":"REST"},{"data":"Reboot","floor":46,"key":"SMITH"},{"data":"Double Energy","floor":49,"key":"SMITH"}],"circlet_count":0,"master_deck":["Strike_B","Strike_B","Defend_B","Defend_B","Defend_B","Dualcast","Crow Ritual+1","Scrape","Genetic Algorithm","Double Energy+1","Sweeping Beam","FTL","Replay:Sssssssssshield","Seek+1","Recycle","Rebound","Skim","Conserve Battery","Steam","Self Repair+1","Reboot+1","Scrape+1","Purity","Reinforced Body","Hologram+1","Self Repair+1","Double Energy+1"],"relics":["FrozenCore","NlothsMask","FossilizedHelix","Matryoshka","Sundial","Vajra","Odd Mushroom","Mummified Hand","Snack Pack","Black Star","Pantograph","Replay:Wax Seal","Happy Flower","Ginger","Replay:Baseball","Potion Belt","Blue Candle","Lantern","Red Mask","Iron Hammer","ReplayTheSpireMod:Ninjato","MutagenicStrength","Replay:Kaleidoscope","Eternal Feather","Ancient Tea Set","Garlic","Divine Protection","Replay:Bottled Eggs","Ornamental Fan"],"acts_visited":["Exordium","TheCity","TheBeyond"],"potions_floor_usage":[44,50,50,50],"damage_taken":[{"damage":0.0,"enemies":"Small Slimes","floor":1.0,"turns":3.0},{"damage":0.0,"enemies":"Cultist","floor":3.0,"turns":3.0},{"damage":0.0,"enemies":"Jaw Worm","floor":4.0,"turns":3.0},{"damage":0.0,"enemies":"Large Slime","floor":5.0,"turns":5.0},{"damage":19.0,"enemies":"Lagavulin","floor":6.0,"turns":10.0},{"damage":0.0,"enemies":"The Mushroom Lair","floor":8.0,"turns":3.0},{"damage":0.0,"enemies":"Exordium Thugs","floor":11.0,"turns":3.0},{"damage":16.0,"enemies":"Gremlin Nob","floor":12.0,"turns":4.0},{"damage":0.0,"enemies":"Looter","floor":13.0,"turns":3.0},{"damage":21.0,"enemies":"Fading Forest","floor":16.0,"turns":11.0},{"damage":21.0,"enemies":"Spheric Guardian","floor":18.0,"turns":7.0},{"damage":15.0,"enemies":"Shell Parasite","floor":22.0,"turns":6.0},{"damage":0.0,"enemies":"Gremlin Leader","floor":23.0,"turns":6.0},{"damage":0.0,"enemies":"Snake Plant","floor":25.0,"turns":3.0},{"damage":0.0,"enemies":"Book of Stabbing","floor":27.0,"turns":3.0},{"damage":9.0,"enemies":"Masked Bandits","floor":28.0,"turns":5.0},{"damage":29.0,"enemies":"3 Cultists","floor":29.0,"turns":6.0},{"damage":32.0,"enemies":"Slavers","floor":30.0,"turns":8.0},{"damage":54.0,"enemies":"Automaton","floor":33.0,"turns":7.0},{"damage":0.0,"enemies":"3 Shapes","floor":35.0,"turns":5.0},{"damage":0,"enemies":"3 Darklings","floor":39,"turns":2},{"damage":0,"enemies":"Nemesis","floor":40,"turns":5},{"damage":0,"enemies":"Maw","floor":41,"turns":5},{"damage":30,"enemies":"Giant Head","floor":42,"turns":8},{"damage":19,"enemies":"4 Shapes","floor":44,"turns":7},{"damage":0,"enemies":"Writhing Mass","floor":45,"turns":1},{"damage":0,"enemies":"Sphere and 2 Shapes","floor":48,"turns":1},{"damage":102,"enemies":"Time Eater","floor":50,"turns":11}],"seed_played":"6940217212366038972","potions_obtained":[{"floor":1.0,"key":"LifebloodPotion"},{"floor":5.0,"key":"BlessingOfTheForge"},{"floor":8.0,"key":"Weak Potion"},{"floor":16.0,"key":"FocusPotion"},{"floor":18.0,"key":"LiquidBronze"},{"floor":22.0,"key":"ColorlessPotion"},{"floor":27.0,"key":"Reflective Coating"},{"floor":30.0,"key":"SpeedPotion"},{"floor":44,"key":"PowerPotion"},{"floor":45,"key":"Toxic Potion"},{"floor":48,"key":"Adrenaline Potion"}],"is_trial":false,"path_per_floor":["M","?","M","M","M","E","R","?","T","?","M","E","M","$","R","B",null,"M","?","?","$","M","E","R","M","T","E","?","M","E","?","R","B",null,"M","?","?","?","M","E","M","E","T","M","M","R","T","M","R","B"],"character_chosen":"DEFECT","items_purchased":["Scrape","Matryoshka","Replay:Sssssssssshield","Replay:Wax Seal"],"campfire_rested":2,"item_purchase_floors":[0,0,14,21],"current_hp_per_floor":[44,44,44,44,44,25,25,25,25,25,25,9,9,9,31,26,63,46,71,71,71,60,66,66,70,70,74,68,45,19,19,41,30,64,75,75,57,57,73,75,75,57,57,58,74,75,75,75,75,0,0],"gold":421,"neow_bonus":"","is_daily":false,"chose_seed":false,"campfire_upgraded":4,"win_rate":0.0,"timestamp":1608329487,"path_taken":["M","?","?","M","M","E","R","?","T","?","M","E","?","?","R","BOSS","M","?","?","$","M","E","R","M","T","E","?","?","E","?","R","BOSS","M","?","?","?","M","E","M","E","T","M","M","R","?","M","R","BOSS"],"items_purchased_type":["Card","Relic","Card","Relic"],"build_version":"2020-12-13","purchased_purges":3,"victory":false,"max_hp_per_floor":[75,75,75,75,75,75,75,75,75,75,75,75,75,75,75,75,75,75,75,75,75,75,75,75,75,75,75,75,75,75,75,75,75,75,75,75,75,75,75,75,75,75,75,75,75,75,75,75,75,75,75],"card_choices":[{"not_picked":["FTL","Beam Cell"],"picked":"Genetic Algorithm","floor":1.0},{"not_picked":["Cold Snap","Stack","Leap"],"picked":"SKIP","floor":3.0},{"not_picked":["Chill","Streamline","Redo"],"picked":"SKIP","floor":4.0},{"not_picked":["Conserve Battery","BasicCrystalCard","Fusion"],"picked":"SKIP","floor":5.0},{"not_picked":["Loop","Blizzard"],"picked":"Double Energy","floor":6.0},{"not_picked":["Rebound","Streamline"],"picked":"Sweeping Beam","floor":8.0},{"not_picked":["FIFO Queue","Electrodynamics","Stack"],"picked":"SKIP","floor":11.0},{"not_picked":["Darkness","Leap"],"picked":"FTL","floor":12.0},{"not_picked":["Redo","ReplayTheSpireMod:Calculation Training","Cold Snap"],"picked":"SKIP","floor":13.0},{"not_picked":["Biased Cognition","Core Surge"],"picked":"Seek","floor":16.0},{"not_picked":["Cold Snap","Leap"],"picked":"Recycle","floor":18.0},{"not_picked":["Cold Snap","Capacitor"],"picked":"Rebound","floor":22.0},{"not_picked":["Beam Cell","Streamline+1"],"picked":"Skim","floor":23.0},{"not_picked":["Streamline","Coolheaded+1","Steam Power"],"picked":"SKIP","floor":25.0},{"not_picked":["Compile Driver+1","Panic Button"],"picked":"Conserve Battery","floor":27.0},{"not_picked":["Chaos+1","Consume+1"],"picked":"Steam","floor":29.0},{"not_picked":["Double Energy","Barrage"],"picked":"Self Repair","floor":30.0},{"not_picked":["Rainbow","Electrodynamics"],"picked":"Reboot","floor":33.0},{"not_picked":["Capacitor","Go for the Eyes+1","Coolheaded"],"picked":"SKIP","floor":35.0},{"not_picked":["Cold Snap","ReplayTheSpireMod:Calculation Training"],"picked":"Scrape+1","floor":37},{"not_picked":["Finesse","ReplayTheSpireMod:Trickstab"],"picked":"Purity","floor":38},{"not_picked":["Reinforced Body","Gash","Panic Button+1"],"picked":"SKIP","floor":39},{"not_picked":["Gash","Panic Button+1"],"picked":"Reinforced Body","floor":39},{"not_picked":["Steam","BasicCrystalCard"],"picked":"Hologram+1","floor":40},{"not_picked":["Reprogram","Darkness","Stack"],"picked":"SKIP","floor":41},{"not_picked":["Blizzard","Steam"],"picked":"Self Repair","floor":42},{"not_picked":["Streamline+1","Cold Snap+1"],"picked":"Double Energy+1","floor":44},{"not_picked":["ReplayGash","Redo+1","Biased Cognition"],"picked":"SKIP","floor":45},{"not_picked":["Defragment","BasicCrystalCard","Gash"],"picked":"SKIP","floor":48}],"player_experience":848649,"relics_obtained":[{"floor":6.0,"key":"Vajra"},{"floor":8.0,"key":"Odd Mushroom"},{"floor":9.0,"key":"Mummified Hand"},{"floor":12.0,"key":"Snack Pack"},{"floor":23.0,"key":"Happy Flower"},{"floor":23.0,"key":"Ginger"},{"floor":26.0,"key":"Replay:Baseball"},{"floor":26.0,"key":"Potion Belt"},{"floor":27.0,"key":"Blue Candle"},{"floor":27.0,"key":"Lantern"},{"floor":28.0,"key":"Red Mask"},{"floor":30.0,"key":"Iron Hammer"},{"floor":30.0,"key":"ReplayTheSpireMod:Ninjato"},{"floor":37,"key":"Replay:Kaleidoscope"},{"floor":40,"key":"Eternal Feather"},{"floor":40,"key":"Ancient Tea Set"},{"floor":42,"key":"Garlic"},{"floor":42,"key":"Divine Protection"},{"floor":43,"key":"Replay:Bottled Eggs"},{"floor":47,"key":"Ornamental Fan"}],"event_choices":[{"damage_healed":0.0,"max_hp_gain":0.0,"max_hp_loss":0.0,"gold_gain":0.0,"event_name":"WeMeetAgain","player_choice":"Gave Potion","floor":2.0,"gold_loss":0.0,"damage_taken":0.0,"relics_obtained":["Sundial"]},{"damage_healed":0.0,"max_hp_gain":0.0,"max_hp_loss":0.0,"gold_gain":0.0,"event_name":"Mushrooms","player_choice":"Fought Mushrooms","floor":8.0,"gold_loss":0.0,"damage_taken":0.0},{"damage_healed":0.0,"max_hp_gain":0.0,"max_hp_loss":0.0,"gold_gain":0.0,"event_name":"World of Goop","player_choice":"Left Gold","floor":10.0,"gold_loss":32.0,"damage_taken":0.0},{"damage_healed":25.0,"max_hp_gain":0.0,"max_hp_loss":0.0,"gold_gain":0.0,"event_name":"The Library","player_choice":"Heal","floor":19.0,"gold_loss":0.0,"damage_taken":0.0},{"damage_healed":0.0,"max_hp_gain":0.0,"max_hp_loss":0.0,"gold_gain":0.0,"event_name":"The Mausoleum","player_choice":"Opened","floor":20.0,"gold_loss":0.0,"damage_taken":0.0,"relics_obtained":["Pantograph"]},{"damage_healed":0.0,"max_hp_gain":0.0,"max_hp_loss":0.0,"gold_gain":0.0,"event_name":"Masked Bandits","player_choice":"Fought Bandits","floor":28.0,"gold_loss":0.0,"damage_taken":0.0},{"damage_healed":0.0,"max_hp_gain":0.0,"max_hp_loss":0.0,"gold_gain":0.0,"event_name":"Drug Dealer","player_choice":"Inject Mutagens","floor":31.0,"gold_loss":0.0,"damage_taken":0.0,"relics_obtained":["MutagenicStrength"]},{"cards_removed":["Strike_B"],"damage_healed":0.0,"max_hp_gain":0.0,"max_hp_loss":0.0,"gold_gain":0.0,"event_name":"Falling","player_choice":"Removed Attack","floor":36.0,"gold_loss":0.0,"damage_taken":0.0},{"damage_healed":0,"gold_gain":0,"player_choice":"Memory 1","damage_taken":0,"max_hp_gain":0,"max_hp_loss":0,"event_name":"SensoryStone","floor":38,"gold_loss":0}],"is_beta":false,"boss_relics":[{"not_picked":["Ring of Chaos","Replay:Ancient Bell"],"picked":"Black Star"},{"not_picked":["Tiny House","Inserter"],"picked":"FrozenCore"}],"items_purged_floors":[0,14,21],"is_endless":false,"potions_floor_spawned":[1,5,8,16,18,22,27,30,44,45,48],"killed_by":"Time Eater","ascension_level":6}}