{"host":"edk8ruzv78x6jv19","time":1608266874,"event":{"mods":["BaseMod","Better Third Choice","Energized Spire","Infinite Spire","Lobotomy","Minty Spire (QoL Compilation)","Replay The Spire","StSLib","The Animator","The Blue Laboratory","Treasure Hunter"],"gold_per_floor":[434,12,12,30,30,30,59,59,59,91,91,124,151,181,181,282,232,252,352,17,34,34,34,34,34,34,68,68,97,97,97,97,202,202,219,219,219,269,283,283,0,31,31,31,55,55,12,29,29,29],"floor_reached":51,"playtime":4023,"items_purged":["Acrobatics","Strike_G","TH:ArmorSpikes","Acrobatics","Deflect","Cloak And Dagger"],"score":1264,"play_id":"6484d029-6cca-4be5-87b0-66d3459b536e","local_time":"20201217224754","daily_mods":["SealedDeck","Heirloom","Time Dilation","Flight","DeadlyEvents","Elite Swarm","Lethality"],"is_ascension_mode":false,"campfire_choices":[{"data":"Grand Finale","floor":6,"key":"SMITH"},{"floor":8,"key":"REST"},{"data":"infinitespire:Neurotoxin","floor":23,"key":"SMITH"},{"data":"infinitespire:Neurotoxin","floor":24,"key":"SMITH"},{"data":"Dramatic Entrance","floor":28,"key":"SMITH"},{"data":"Grand Finale","floor":30,"key":"SMITH"},{"data":"ReplayTheSpireMod:Haul","floor":40,"key":"SMITH"},{"data":"infinitespire:Starlight","floor":44,"key":"SMITH"},{"data":"infinitespire:Collect","floor":46,"key":"SMITH"}],"circlet_count":0,"master_deck":["Hidden Blade","Dagger Spray","Skewer+1","Blade Dance","Backstab","Blade Dance","Grand Finale+1","Flash of Steel","infinitespire:Neurotoxin+1","Venomology+1","infinitespire:Neurotoxin+1","Concentrate","Dramatic Entrance+1","Grand Finale+1","infinitespire:Collect+1","infinitespire:Starlight+1","ReplayTheSpireMod:Haul+1","TH:EnergyPotion+1","ReplayTheSpireMod:IOU","ReplayTheSpireMod:IOU","ReplayTheSpireMod:IOU","ReplayTheSpireMod:IOU","ReplayTheSpireMod:IOU","ReplayTheSpireMod:IOU","ReplayTheSpireMod:IOU"],"relics":["Ring of the Snake","Counterbalance","ReplayFunnel","ReplayTheSpireMod:ShopPack","The Specimen","Letter Opener","Replay:Rubber Ducky","Sundial","Anchor","Orichalcum","energizedSpire:HugeHouse","Blue Doll","Ancient Tea Set","Ornamental Fan","ReplayTheSpireMod:EnergyBall","Philosopher\u0027s Stone","Regal Pillow","SlaversCollar","Replay:Mystery Machine","Red Mask","Replay:Wax Seal","Bag of Marbles","infinitespire:EvilPickle","Guide Book","Turnip"],"acts_visited":["Exordium","TheCity","TheBeyond"],"potions_floor_usage":[10,10,12,16,16,16,27,29,33,33,33,35,50,50,50,50],"damage_taken":[{"damage":0,"enemies":"2 Louse","floor":1,"turns":1},{"damage":0,"enemies":"Cultist","floor":4,"turns":1},{"damage":0,"enemies":"Lagavulin","floor":7,"turns":2},{"damage":0,"enemies":"Gremlin Nob","floor":10,"turns":2},{"damage":0,"enemies":"Replay:BlueRogue","floor":12,"turns":1},{"damage":0,"enemies":"Gremlin Nob","floor":13,"turns":1},{"damage":0,"enemies":"Replay:BlueRogue","floor":14,"turns":2},{"damage":59,"enemies":"The Guardian","floor":16,"turns":6},{"damage":0,"enemies":"Spheric Guardian","floor":18,"turns":3},{"damage":0,"enemies":"Chosen","floor":21,"turns":2},{"damage":0,"enemies":"Slavers","floor":27,"turns":2},{"damage":12,"enemies":"Book of Stabbing","floor":29,"turns":3},{"damage":15,"enemies":"Pondfish","floor":33,"turns":4},{"damage":0,"enemies":"3 Darklings","floor":35,"turns":1},{"damage":0,"enemies":"Orb Walker","floor":39,"turns":1},{"damage":0,"enemies":"Nemesis","floor":42,"turns":1},{"damage":2,"enemies":"Writhing Mass","floor":48,"turns":2},{"damage":40,"enemies":"Awakened One","floor":50,"turns":5}],"seed_played":"851468785220591495","potions_obtained":[{"floor":1,"key":"Ancient Potion"},{"floor":3,"key":"DuplicationPotion"},{"floor":3,"key":"Milkshake"},{"floor":3,"key":"CunningPotion"},{"floor":10,"key":"FearPotion"},{"floor":14,"key":"blueLaboratory:HeartbeatPotion"},{"floor":18,"key":"AttackPotion"},{"floor":48,"key":"PowerPotion"},{"floor":49,"key":"blueLaboratory:FruitPreserves"}],"is_trial":true,"path_per_floor":["M","$","?","M","$","R","E","R","T","E","$","E","E","E","R","B",null,"M","?","$","M","$","R","R","?","T","E","R","E","R","AVR","R","B",null,"M","?","AVR","T","M","R","?","E","T","R","$","R","$","M","R","B",null],"character_chosen":"THE_SILENT","items_purchased":["ReplayFunnel","ReplayTheSpireMod:ShopPack","Grand Finale","Blue Doll","Dramatic Entrance","Guide Book","Turnip"],"campfire_rested":1,"item_purchase_floors":[2,2,2,20,20,45,47],"current_hp_per_floor":[70,70,70,70,70,70,70,70,70,70,70,70,70,70,70,11,65,65,65,65,65,65,65,65,65,65,65,65,53,53,53,65,50,65,65,65,65,65,65,65,65,65,65,65,65,65,65,63,63,23],"gold":29,"neow_bonus":"","is_daily":false,"chose_seed":false,"campfire_upgraded":8,"win_rate":0.0,"timestamp":1608266874,"path_taken":["M","$","?","?","$","R","?","R","T","E","?","E","E","?","R","BOSS","M","?","$","?","$","R","R","?","T","E","R","?","R","AVR","R","BOSS","M","?","AVR","?","?","R","?","?","T","R","$","R","$","M","R","BOSS"],"items_purchased_type":["Relic","Relic","Card","Relic","Card","Relic","Relic"],"build_version":"2020-12-13","purchased_purges":6,"victory":true,"max_hp_per_floor":[70,70,70,70,70,70,70,70,70,70,70,70,70,70,70,70,65,65,65,65,65,65,65,65,65,65,65,65,65,65,65,65,65,65,65,65,65,65,65,65,65,65,65,65,65,65,65,65,65,65],"card_choices":[{"not_picked":["Sucker Punch","Heel Hook"],"picked":"Blade Dance","floor":1},{"not_picked":["Thinking Ahead","Magnetism"],"picked":"ReplayTheSpireMod:Brewmster","floor":2},{"not_picked":["Replay:Parry","PanicButton"],"picked":"Flash of Steel","floor":2},{"not_picked":["Replay:Parry","Replay:Sssssssssstrike"],"picked":"Survey Options","floor":2},{"not_picked":["Eviscerate","Noxious Fumes","Backflip"],"picked":"SKIP","floor":4},{"not_picked":["Phantasmal Killer","Tools of the Trade"],"picked":"infinitespire:Neurotoxin","floor":7},{"not_picked":["TH:PixieDust","TH:CursedSword"],"picked":"SKIP","floor":7},{"not_picked":["TH:PixieDust","TH:DeckOfManyThings"],"picked":"SKIP","floor":9},{"not_picked":["A Thousand Cuts","Corpse Explosion"],"picked":"Venomology","floor":10},{"not_picked":["TH:ArmorSpikes","TH:CopperCoins"],"picked":"SKIP","floor":10},{"not_picked":["TH:Mimic","TH:ArmorSpikes"],"picked":"SKIP","floor":12},{"not_picked":["Doppelganger","Corpse Explosion","Envenom"],"picked":"SKIP","floor":12},{"not_picked":["TH:Mimic","TH:CopperCoins"],"picked":"SKIP","floor":13},{"not_picked":["Doppelganger","Poison Darts","Atom Bomb"],"picked":"SKIP","floor":13},{"not_picked":["TH:BikiniMail","TH:PixieDust"],"picked":"SKIP","floor":14},{"not_picked":["Phantasmal Killer","Adrenaline","Envenom"],"picked":"SKIP","floor":14},{"not_picked":["ReplayTheSpireMod:From All Sides","Wraith Form v2"],"picked":"infinitespire:Neurotoxin","floor":16},{"not_picked":["Outmaneuver+1","Dagger Throw","Terror"],"picked":"SKIP","floor":18},{"not_picked":["Blade Dance","Dagger Spray","Flechettes"],"picked":"SKIP","floor":21},{"not_picked":["TH:ArmorSpikes","TH:TreasureMap"],"picked":"SKIP","floor":26},{"not_picked":["Wraith Form v2","After Image"],"picked":"Grand Finale","floor":27},{"not_picked":["TH:DeckOfManyThings","TH:ElvenBoots"],"picked":"SKIP","floor":27},{"not_picked":["TH:CopperCoins","TH:BikiniMail"],"picked":"SKIP","floor":29},{"not_picked":["Night Terror","Malaise","Tools of the Trade"],"picked":"SKIP","floor":29},{"not_picked":["Dagger Spray+1","Tactician","Infinite Blades"],"picked":"SKIP","floor":35},{"not_picked":["TH:PixieDust","TH:Mimic"],"picked":"SKIP","floor":38},{"not_picked":["Setup","Blade Dance+1","Bane+1"],"picked":"SKIP","floor":39},{"not_picked":["TH:ArmorSpikes","TH:CopperCoins"],"picked":"SKIP","floor":42},{"not_picked":["Burst","Phantasmal Killer","ReplayTheSpireMod:From All Sides"],"picked":"SKIP","floor":42},{"not_picked":["TH:TreasureMap"],"picked":"TH:EnergyPotion","floor":43},{"not_picked":["Cloak And Dagger+1","Reflex+1","ReplayTheSpireMod:Tripwire+1"],"picked":"SKIP","floor":48}],"player_experience":25742,"relics_obtained":[{"floor":7,"key":"The Specimen"},{"floor":9,"key":"Letter Opener"},{"floor":10,"key":"Replay:Rubber Ducky"},{"floor":12,"key":"Sundial"},{"floor":13,"key":"Anchor"},{"floor":14,"key":"Orichalcum"},{"floor":26,"key":"Ancient Tea Set"},{"floor":29,"key":"Ornamental Fan"},{"floor":38,"key":"Replay:Mystery Machine"},{"floor":42,"key":"Replay:Wax Seal"},{"floor":43,"key":"Bag of Marbles"}],"event_choices":[{"damage_healed":0,"gold_gain":0,"player_choice":"Got Potions","damage_taken":0,"max_hp_gain":0,"max_hp_loss":0,"event_name":"Lab","floor":3,"gold_loss":0},{"damage_healed":0,"gold_gain":100,"player_choice":"Pray","damage_taken":0,"max_hp_gain":0,"max_hp_loss":0,"event_name":"Golden Shrine","floor":19,"gold_loss":0},{"damage_healed":0,"gold_gain":0,"cards_transformed":["Survey Options"],"player_choice":"Transformed","damage_taken":0,"max_hp_gain":0,"max_hp_loss":0,"event_name":"Transmorgrifier","floor":25,"gold_loss":0,"cards_obtained":["TH:ArmorSpikes"]},{"cards_removed":["ReplayTheSpireMod:Brewmster"],"damage_healed":0,"gold_gain":0,"player_choice":"Removed Power","damage_taken":0,"max_hp_gain":0,"max_hp_loss":0,"event_name":"Falling","floor":36,"gold_loss":0},{"damage_healed":0,"gold_gain":0,"player_choice":"Paid","damage_taken":0,"relics_obtained":["Red Mask"],"max_hp_gain":0,"max_hp_loss":0,"event_name":"Tomb of Lord Red Mask","floor":41,"gold_loss":283}],"is_beta":false,"boss_relics":[{"not_picked":["Honey Jar","energizedSpire:CursedPentagram"],"picked":"energizedSpire:HugeHouse"},{"not_picked":["WristBlade","Astrolabe"],"picked":"Philosopher\u0027s Stone"}],"items_purged_floors":[2,20,31,37,45,47],"is_endless":false,"potions_floor_spawned":[1,10,14,18,48],"ascension_level":0}}