{"host":"wonp23fsqqcu31ie","time":1608283263,"event":{"mods":["2.2 Compatiblity","AchievementEnabler","Aspiration","BaseMod","Bestiary","Better Altar","Better Match","Better Sensory Stone","Better Skull","Better Third Choice","BetterRewards","Block Reminder","Colored Map","Colored Powertips","Conspire","DeckTracker","Displayed Cursed Tome","Downfall","Hermit","Highlight Path","Hubris","Minty Spire (QoL Compilation)","Permanent Neow","Quick Restart","Rare Cards Sparkle","Relic Stats","Replay The Spire","Shade Mod","Shop Mod","StSLib","SuperFastMode","The Animator","The Cursed","The Gatherer","The Necromancer","The Runesmith","The Servant 0.9.4"],"gold_per_floor":[131,131,206,381,393,393,393,296,296,324,350,350,64,78,78,185,185,202,59,74,0,0,0,20,45,45,65,65,2,22,53,53,53,53],"floor_reached":33,"playtime":805,"items_purged":[],"score":303,"play_id":"6e1761af-1483-4adf-b33d-34b3a98ca47f","local_time":"20201218202103","is_ascension_mode":true,"campfire_choices":[{"floor":6,"key":"RECALL"},{"data":"animator:Cirno","floor":12,"key":"SMITH"},{"data":"animator:Alexander","floor":15,"key":"SMITH"},{"data":"animator:Saitama","floor":23,"key":"SMITH"},{"floor":32,"key":"REST"}],"circlet_count":0,"master_deck":["animator:Strike_OnePunchMan","animator:Defend_OnePunchMan","animator:Genos","animator:MumenRider","animator:Shichika","Doubt","animator:Emonzaemon","animator:Cirno+1","animator:Strike_OwariNoSeraph","animator:Strike_Konosuba","animator:Strike_Fate","animator:Defend_MadokaMagica","animator:Defend_TouhouProject","animator:Defend_Overlord","animator:Alexander+1","animator:Konayuki","animator:Megumin+2","animator:HigakiRinne","animator:Saitama+1","animator:Geryuganshoop","animator:RoyMustang","animator:RoyMustang","animator:Jibril","animator:Rider"],"relics":["animator:LivingPicture","animator:TheMissingPiece","Burning Blood","ReplayFunnel","MerchantsRug","hubris:OldNail","Busted Crown","Chameleon Ring","hubris:CrystalStatue","aspiration:StickyExplosives_weak"],"acts_visited":["Exordium","TheCity"],"potions_floor_usage":[11,11,20,30,33],"damage_taken":[{"damage":0,"enemies":"Cultist","floor":1,"turns":3},{"damage":4,"enemies":"Jaw Worm","floor":5,"turns":4},{"damage":0,"enemies":"2 Louse","floor":10,"turns":2},{"damage":10,"enemies":"2 Fungi Beasts","floor":11,"turns":4},{"damage":8,"enemies":"Blue Slaver","floor":14,"turns":3},{"damage":42,"enemies":"Hexaghost","floor":16,"turns":9},{"damage":12,"enemies":"3 Byrds","floor":18,"turns":4},{"damage":10,"enemies":"Chosen","floor":20,"turns":6},{"damage":9,"enemies":"Sentry and Sphere","floor":24,"turns":3},{"damage":57,"enemies":"Slavers","floor":25,"turns":5},{"damage":16,"enemies":"Centurion and Healer","floor":27,"turns":5},{"damage":0,"enemies":"Snecko","floor":30,"turns":5},{"damage":5,"enemies":"conspire:Head Lice","floor":31,"turns":4},{"damage":74,"enemies":"hubris:MusketHawk","floor":33,"turns":6}],"seed_played":"2580426277807590948","potions_obtained":[{"floor":5,"key":"animator:FalseLifePotion"},{"floor":10,"key":"Languid Potion"},{"floor":18,"key":"SkillPotion"},{"floor":27,"key":"EssenceOfSteel"},{"floor":31,"key":"Elixir"}],"is_trial":false,"path_per_floor":["M","$","?","?","M","R","?","?","T","M","M","R","$","M","R","B",null,"M","$","M","?","?","R","M","E","T","M","?","$","M","E","R","B"],"character_chosen":"THE_ANIMATOR","items_purchased":["MerchantsRug","hubris:OldNail","animator:Megumin","Lee\u0027s Waffle","animator:Megumin"],"campfire_rested":1,"item_purchase_floors":[13,13,13,19,29],"current_hp_per_floor":[66,66,55,55,58,58,58,58,58,64,60,60,60,59,59,23,68,63,76,72,72,72,72,69,18,18,8,11,11,17,19,43,0,0],"gold":53,"neow_bonus":"NOSTALGIA","is_daily":false,"chose_seed":false,"campfire_upgraded":3,"win_rate":0.0,"timestamp":1608283263,"path_taken":["M","$","?","?","M","R","?","?","T","M","M","R","$","M","R","BOSS","M","$","M","?","?","R","M","E","T","M","?","?","M","E","R","BOSS"],"items_purchased_type":["Relic","Relic","Card","Relic","Card"],"build_version":"2020-12-13","purchased_purges":0,"victory":false,"max_hp_per_floor":[66,66,66,66,67,67,67,67,67,67,67,67,67,68,68,68,68,69,76,76,76,76,76,76,76,76,76,79,79,79,80,80,80,80],"relic_stats":{"Busted Crown":38,"counters":[14,63],"obtain_stats":[{"ReplayFunnel":9,"MerchantsRug":13,"Lee\u0027s Waffle":19,"Busted Crown":17,"Chameleon Ring":25,"hubris:CrystalStatue":26,"aspiration:Nostalgia":0,"animator:TheMissingPiece":0,"animator:LivingPicture":0,"Burning Blood":0,"hubris:OldNail":13,"aspiration:StickyExplosives_weak":31},{"ReplayFunnel":2,"MerchantsRug":4,"Lee\u0027s Waffle":7,"Busted Crown":6,"Chameleon Ring":10,"hubris:CrystalStatue":10,"aspiration:Nostalgia":0,"animator:TheMissingPiece":0,"animator:LivingPicture":0,"Burning Blood":0,"hubris:OldNail":4,"aspiration:StickyExplosives_weak":13},{"ReplayFunnel":7,"MerchantsRug":13,"Lee\u0027s Waffle":29,"Busted Crown":25,"Chameleon Ring":43,"hubris:CrystalStatue":43,"aspiration:Nostalgia":0,"animator:TheMissingPiece":0,"animator:LivingPicture":0,"Burning Blood":0,"hubris:OldNail":13,"aspiration:StickyExplosives_weak":57}],"Burning Blood":72},"card_choices":[{"not_picked":["animator:Illya","animator:Chris"],"picked":"animator:Shichika","floor":1},{"not_picked":["animator:Caster","animator:DolaCouronne"],"picked":"animator:Emonzaemon","floor":5},{"not_picked":["animator:TakanashiRikka","animator:HououinKyouma"],"picked":"animator:Cirno","floor":7},{"not_picked":["animator:Millim","animator:Vanir"],"picked":"animator:Alexander","floor":10},{"not_picked":["animator:TsurugaMeisai","animator:Togame"],"picked":"animator:Konayuki","floor":11},{"not_picked":["animator:Megumin","animator:MumenRider"],"picked":"animator:HigakiRinne","floor":14},{"not_picked":["animator:Boros","animator:Shizu"],"picked":"animator:Saitama","floor":16},{"not_picked":[],"picked":"animator:Geryuganshoop","floor":18},{"not_picked":["animator:Emonzaemon"],"picked":"SKIP","floor":20},{"not_picked":[],"picked":"animator:RoyMustang","floor":25},{"not_picked":[],"picked":"animator:Jibril","floor":27},{"not_picked":["animator:DolaStephanie+1"],"picked":"SKIP","floor":30},{"not_picked":[],"picked":"animator:Rider","floor":31}],"player_experience":646918,"relics_obtained":[{"floor":9,"key":"ReplayFunnel"},{"floor":25,"key":"Chameleon Ring"},{"floor":26,"key":"hubris:CrystalStatue"},{"floor":31,"key":"aspiration:StickyExplosives_weak"}],"event_choices":[{"damage_healed":0,"gold_gain":75,"player_choice":"Gold","damage_taken":11,"max_hp_gain":0,"max_hp_loss":0,"event_name":"betterThird:BetterGoop","floor":3,"gold_loss":0},{"damage_healed":0,"gold_gain":175,"player_choice":"AGREE","damage_taken":206,"max_hp_gain":0,"max_hp_loss":0,"event_name":"betterThird:BetterSerpent","floor":4,"gold_loss":0},{"damage_healed":0,"gold_gain":1,"player_choice":"1","damage_taken":0,"max_hp_gain":0,"max_hp_loss":0,"event_name":"betterStone:BetterStone","floor":7,"gold_loss":0},{"damage_healed":0,"gold_gain":0,"player_choice":"Paid Fearfully","damage_taken":0,"max_hp_gain":0,"max_hp_loss":0,"event_name":"Masked Bandits","floor":21,"gold_loss":74},{"damage_healed":0,"gold_gain":0,"player_choice":"Read","damage_taken":0,"max_hp_gain":0,"max_hp_loss":0,"event_name":"The Library","floor":22,"gold_loss":0,"cards_obtained":["animator:RoyMustang"]}],"is_beta":false,"boss_relics":[{"not_picked":["Replay:Drink Me","conspire:RunicOctahedron"],"picked":"Busted Crown"}],"items_purged_floors":[],"is_endless":false,"potions_floor_spawned":[5,10,18,27,31],"killed_by":"hubris:MusketHawk","ascension_level":2}}