{"host":"is2s59edl8twrhoj","time":1608295770,"event":{"mods":["BaseMod","Colored Map","Colored Powertips","DeckTracker","Downfall","Minty Spire (QoL Compilation)","StSLib"],"gold_per_floor":[15,33,83,94,111,141,141,167,167,113,113,129,129,139,139,218,218,233,14,14,14,14,14,14,14],"floor_reached":24,"playtime":984,"items_purged":["Strike_G"],"score":357,"play_id":"e664bcbb-4460-43e3-8fc5-d2e05c1f01ec","local_time":"20201218124930","is_ascension_mode":true,"campfire_choices":[{"data":"Neutralize","floor":7,"key":"SMITH"},{"floor":15,"key":"REST"},{"data":"Deadly Poison","floor":23,"key":"SMITH"}],"circlet_count":0,"master_deck":["AscendersBane","Strike_G","Strike_G","Defend_G","Defend_G","Defend_G","Defend_G","Survivor","Neutralize+1","Crippling Poison","Deadly Poison+1","Heel Hook","Heel Hook","Distraction","Deadly Poison","Venomology+1"],"relics":["Ring of the Snake","Boot","Anchor","Orichalcum","SacredBark","Art of War"],"acts_visited":["Exordium","TheCity"],"potions_floor_usage":[6,8,16,18,18,24,24],"damage_taken":[{"damage":3,"enemies":"Jaw Worm","floor":1,"turns":4},{"damage":2,"enemies":"Cultist","floor":2,"turns":5},{"damage":0,"enemies":"2 Louse","floor":4,"turns":3},{"damage":7,"enemies":"Blue Slaver","floor":5,"turns":5},{"damage":17,"enemies":"Lagavulin","floor":6,"turns":5},{"damage":25,"enemies":"Gremlin Nob","floor":8,"turns":4},{"damage":0,"enemies":"3 Louse","floor":12,"turns":3},{"damage":0,"enemies":"Red Slaver","floor":14,"turns":4},{"damage":4,"enemies":"Hexaghost","floor":16,"turns":9},{"damage":11,"enemies":"2 Thieves","floor":18,"turns":5},{"damage":44,"enemies":"Book of Stabbing","floor":24,"turns":5}],"seed_played":"5280820562693224564","potions_obtained":[{"floor":2,"key":"SkillPotion"},{"floor":4,"key":"Poison Potion"},{"floor":6,"key":"SkillPotion"},{"floor":8,"key":"FearPotion"},{"floor":16,"key":"Block Potion"}],"is_trial":false,"path_per_floor":["M","M","?","M","M","E","R","E","T","?","?","M","?","M","R","B",null,"M","$","?","?","?","R","E"],"character_chosen":"THE_SILENT","items_purchased":["Art of War"],"campfire_rested":1,"item_purchase_floors":[19],"current_hp_per_floor":[56,54,54,54,47,30,30,5,5,5,5,5,5,5,24,20,55,44,44,44,44,44,44,0,0],"gold":14,"neow_bonus":"REMOVE_TWO","is_daily":false,"chose_seed":false,"campfire_upgraded":2,"win_rate":0.0,"timestamp":1608295770,"path_taken":["M","M","?","M","?","E","R","E","T","?","?","M","?","?","R","BOSS","M","$","?","?","?","R","E"],"items_purchased_type":["Relic"],"build_version":"2020-12-13","purchased_purges":1,"victory":false,"max_hp_per_floor":[66,66,66,66,66,66,66,66,66,66,66,66,66,66,66,66,66,66,66,66,66,66,66,66,66],"card_choices":[{"not_picked":["Bane","Underhanded Strike"],"picked":"Crippling Poison","floor":1},{"not_picked":["Blade Dance","Catalyst"],"picked":"Deadly Poison","floor":2},{"not_picked":["Predator","PiercingWail"],"picked":"Heel Hook","floor":4},{"not_picked":["Quick Slash","Flying Knee"],"picked":"Heel Hook","floor":5},{"not_picked":["Cloak And Dagger","Poisoned Stab"],"picked":"Distraction","floor":6},{"not_picked":["Endless Agony","Well Laid Plans"],"picked":"Deadly Poison","floor":8},{"not_picked":["Slice","Outmaneuver","Blade Dance"],"picked":"SKIP","floor":12},{"not_picked":["Poisoned Stab","Riddle With Holes","Backstab"],"picked":"SKIP","floor":14},{"not_picked":["Burst","Bullet Time"],"picked":"Venomology","floor":16},{"not_picked":["PiercingWail","Blade Dance","Prepared"],"picked":"SKIP","floor":18}],"player_experience":643094,"relics_obtained":[{"floor":6,"key":"Boot"},{"floor":8,"key":"Anchor"},{"floor":9,"key":"Orichalcum"}],"event_choices":[{"damage_healed":0,"gold_gain":50,"player_choice":"Pray","damage_taken":0,"max_hp_gain":0,"max_hp_loss":0,"event_name":"Golden Shrine","floor":3,"gold_loss":0},{"damage_healed":0,"gold_gain":0,"player_choice":"Left Gold","damage_taken":0,"max_hp_gain":0,"max_hp_loss":0,"event_name":"World of Goop","floor":10,"gold_loss":54},{"damage_healed":0,"gold_gain":0,"player_choice":"Searched \u00270\u0027 times","damage_taken":0,"max_hp_gain":0,"max_hp_loss":0,"event_name":"Dead Adventurer","floor":11,"gold_loss":0},{"cards_removed":["Strike_G"],"damage_healed":0,"gold_gain":0,"player_choice":"Purged","damage_taken":0,"max_hp_gain":0,"max_hp_loss":0,"event_name":"Purifier","floor":13,"gold_loss":0},{"damage_healed":0,"gold_gain":0,"player_choice":"Ignored","damage_taken":0,"max_hp_gain":0,"max_hp_loss":0,"event_name":"Vampires","floor":20,"gold_loss":0},{"damage_healed":0,"gold_gain":0,"player_choice":"Upgraded","damage_taken":0,"max_hp_gain":0,"max_hp_loss":0,"event_name":"Upgrade Shrine","floor":22,"gold_loss":0,"cards_upgraded":["Venomology"]}],"is_beta":false,"boss_relics":[{"not_picked":["Ectoplasm","Busted Crown"],"picked":"SacredBark"}],"items_purged_floors":[19],"is_endless":false,"potions_floor_spawned":[2,4,6,8,16],"killed_by":"Book of Stabbing","ascension_level":15}}