{"host":"faxec7zdkweurczj","time":1608295696,"event":{"mods":["Ascension Reborn","BaseMod","Colored Powertips","Conspire","Highlight Path","Minty Spire (QoL Compilation)","Replay The Spire","Shop Mod","StSLib","TestMod","[IsaacMod]以撒尖塔","vexMod","篝火指南"],"gold_per_floor":[112,15,32,84,178,210,690,708,708,741,764,809,833,858,858,1023,1023,1048,963,977,559,559,177,198,231,231,246,246,267,267,308,308,428,428,441,281,298,27,27,67,90,90,120,135,135,167,188,227,227,234,234,234,407,440,449],"floor_reached":56,"playtime":2279,"items_purged":["Strike_R+1","Strike_R+1","Strike_R+1","Strike_R+1","Strike_R+1","Defend_R+1","Entrench"],"score":450,"play_id":"55399e92-29e2-4a06-ae50-479be04728f7","local_time":"20201218204816","is_ascension_mode":true,"campfire_choices":[{"data":"Body Slam","floor":15.0,"key":"SMITH"},{"data":"Entrench","floor":30.0,"key":"SMITH"},{"data":"Entrench","floor":32.0,"key":"SMITH"},{"data":"Limit Break","floor":42,"key":"SMITH"},{"floor":49,"key":"RECALL"},{"data":"Limit Break","floor":52,"key":"SMITH"}],"circlet_count":0,"master_deck":["Defend_R+1","Defend_R+1","Defend_R+1","Bash+1","Spot Weakness+1","Metallicize","Shrug It Off","Body Slam+1","Cleave+1","Thunderclap","Demon Form","Demon Form","Metallicize","Cleave","Metallicize","Entrench+1","Entrench+1","Limit Break+1","Cleave+1","Limit Break+1","Inflame+1"],"relics":["Burning Blood","testmod-TestBox","HushsDoor","testmod-TheFather","AnarchistCookbook","Mummified Hand","ReplayTheSpireMod:Ninjato","Gremlin Horn","Another Sword","testmod-Justice","vexMod:TanglingVine","BelialBook","HandDrill","InkBottle","testmod-Charity","BookOfRevelations","vexMod:InvisibilityCloak","Mirror","testmod-ThousandKnives","testmod-DeterminationOfClimber","Replay:Mystery Machine","MoneyPower","MerchantsRug","ReplayTheSpireMod:Shallot","Bronze Scales","TheBean","BookofShadows","conspire:Dentures","Vajra"],"acts_visited":["Exordium","TheCity","TheBeyond","TheEnding"],"potions_floor_usage":[55,55,55],"damage_taken":[{"damage":0.0,"enemies":"Jaw Worm","floor":1.0,"turns":1.0},{"damage":0.0,"enemies":"Cultist","floor":3.0,"turns":1.0},{"damage":0.0,"enemies":"3 Sentries","floor":6.0,"turns":1.0},{"damage":0.0,"enemies":"2 Louse","floor":8.0,"turns":1.0},{"damage":2.0,"enemies":"Gremlin Nob","floor":10.0,"turns":3.0},{"damage":2.0,"enemies":"Red Slaver","floor":11.0,"turns":2.0},{"damage":0.0,"enemies":"3 Sentries","floor":12.0,"turns":2.0},{"damage":0.0,"enemies":"Large Slime","floor":13.0,"turns":1.0},{"damage":0.0,"enemies":"Looter","floor":14.0,"turns":1.0},{"damage":0.0,"enemies":"Fading Forest","floor":16.0,"turns":8.0},{"damage":0.0,"enemies":"3 Byrds","floor":18.0,"turns":2.0},{"damage":7.0,"enemies":"Spheric Guardian","floor":20.0,"turns":3.0},{"damage":0.0,"enemies":"Chosen and Byrds","floor":24.0,"turns":1.0},{"damage":0.0,"enemies":"Slavers","floor":25.0,"turns":2.0},{"damage":0.0,"enemies":"Snecko","floor":27.0,"turns":3.0},{"damage":0.0,"enemies":"Centurion and Healer","floor":29.0,"turns":2.0},{"damage":0.0,"enemies":"Book of Stabbing","floor":31.0,"turns":3.0},{"damage":0.0,"enemies":"Pondfish","floor":33.0,"turns":3.0},{"damage":3.0,"enemies":"3 Shapes","floor":35.0,"turns":1.0},{"damage":0.0,"enemies":"3 Darklings","floor":37.0,"turns":1.0},{"damage":0,"enemies":"R_Hoarder","floor":40,"turns":2},{"damage":0,"enemies":"Maw","floor":41,"turns":2},{"damage":0,"enemies":"Writhing Mass","floor":44,"turns":2},{"damage":0,"enemies":"Giant Head","floor":46,"turns":2},{"damage":0,"enemies":"3 Darklings","floor":47,"turns":1},{"damage":0,"enemies":"conspire:MimicChest","floor":48,"turns":1},{"damage":0,"enemies":"Donu and Deca","floor":50,"turns":2},{"damage":0,"enemies":"Shield and Spear","floor":54,"turns":1},{"damage":0,"enemies":"Delirium","floor":55,"turns":2}],"seed_played":"6501633145629228426","potions_obtained":[{"floor":6.0,"key":"FearPotion"},{"floor":10.0,"key":"SteroidPotion"},{"floor":11.0,"key":"SteroidPotion"},{"floor":12.0,"key":"HeartOfIron"},{"floor":16.0,"key":"EssenceOfSteel"},{"floor":27.0,"key":"HeartOfIron"}],"is_trial":false,"path_per_floor":["M","$","M","?","T","E","?","M","T","E","M","E","M","M","R","B",null,"M","?","M","$","?","$","M","E","T","M","?","M","R","E","R","B",null,"M","$","M","$","?","E","M","R","T","M","?","E","M","?","R","B",null,"R","$","E","B",null],"character_chosen":"IRONCLAD","items_purchased":["Metallicize","Shrug It Off","BelialBook","Demon Form","HandDrill","Metallicize","InkBottle","testmod-Charity","BookOfRevelations","Metallicize","Entrench","Limit Break","Replay:Mystery Machine","MerchantsRug","ReplayTheSpireMod:Shallot","Bronze Scales"],"campfire_rested":0,"item_purchase_floors":[2,2,17,17,21,21,21,23,23,23,23,34,36,38,38,38],"current_hp_per_floor":[85,85,85,70,70,78,78,85,85,85,85,85,85,85,85,90,71,71,71,71,71,71,71,76,84,84,85,85,90,90,92,92,107,96,98,98,105,109,109,116,122,122,123,129,129,138,145,152,152,172,172,172,176,187,227],"gold":449,"neow_bonus":"THREE_ENEMY_KILL","is_daily":false,"chose_seed":false,"campfire_upgraded":5,"win_rate":0.0,"timestamp":1608295696,"path_taken":["M","$","M","?","?","E","?","M","T","E","M","E","M","M","R","BOSS","M","?","M","$","?","$","?","E","T","M","?","M","R","E","R","BOSS","M","$","M","$","?","E","M","R","T","?","?","E","?","?","R","BOSS","R","$","E","BOSS"],"items_purchased_type":["Card","Card","Relic","Card","Relic","Card","Relic","Relic","Relic","Card","Card","Card","Relic","Relic","Relic","Relic"],"build_version":"2020-12-13","purchased_purges":7,"victory":true,"max_hp_per_floor":[85,85,85,85,85,85,85,85,85,85,85,85,85,85,85,90,71,71,71,71,71,71,71,76,84,84,85,85,90,90,92,92,107,96,98,98,105,109,109,116,122,122,123,129,129,138,145,152,152,172,172,172,176,187,227],"card_choices":[{"not_picked":["Pommel Strike","Clash"],"picked":"Spot Weakness+1","floor":1.0},{"not_picked":["Pummel","Dual Wield","conspire:Charge+1"],"picked":"SKIP","floor":3.0},{"not_picked":["Offering","Uppercut"],"picked":"Bomb","floor":6.0},{"not_picked":["conspire:Charge","Rampage","Clothesline"],"picked":"SKIP","floor":6.0},{"not_picked":["Intimidate","True Grit"],"picked":"Body Slam","floor":8.0},{"not_picked":["Bomb","ReplayTheSpireMod:Corrosion Curse"],"picked":"Cleave+1","floor":10.0},{"not_picked":["Sentinel","Rage","Sword Boomerang+1"],"picked":"SKIP","floor":10.0},{"not_picked":["Rage","Second Wind"],"picked":"Thunderclap","floor":11.0},{"not_picked":["Fire Breathing+1","Twin Strike"],"picked":"Entrench","floor":12.0},{"not_picked":["Replay:Undeath\u0027s Touch","Abandon+1","Massacre+1"],"picked":"SKIP","floor":12.0},{"not_picked":["Searing Blow","Iron Wave+1","Sentinel"],"picked":"SKIP","floor":13.0},{"not_picked":["Havoc","Run Through+1"],"picked":"Body Slam","floor":14.0},{"not_picked":["Eclipse","Exhume"],"picked":"Demon Form","floor":16.0},{"not_picked":["Intimidate","conspire:Charge","Sword Boomerang"],"picked":"SKIP","floor":18.0},{"not_picked":["Run Through","Hemokinesis","Rage+1"],"picked":"SKIP","floor":20.0},{"not_picked":["True Grit+1","Clash+1","Replay:Many Hands"],"picked":"SKIP","floor":24.0},{"not_picked":["Wild Strike","Flame Barrier"],"picked":"Limit Break","floor":25.0},{"not_picked":["Iron Wave+1","True Grit"],"picked":"Cleave+1","floor":27.0},{"not_picked":["Warcry","True Grit","Sentinel"],"picked":"SKIP","floor":29.0},{"not_picked":["Feel No Pain+1","Demonic Infusion","Armaments"],"picked":"SKIP","floor":31.0},{"not_picked":["Cleave","Fire Breathing+1","Entrench+1"],"picked":"SKIP","floor":35.0},{"not_picked":["Twin Strike+1","Warcry+1","Replay:Undeath\u0027s Touch+1"],"picked":"SKIP","floor":37.0},{"not_picked":["Power Through+1","Armaments+1","Replay:Undeath\u0027s Touch+1"],"picked":"SKIP","floor":40},{"not_picked":["Wild Strike+1","Replay:Undeath\u0027s Touch+1","Sword Boomerang+1"],"picked":"SKIP","floor":41},{"not_picked":["Headbutt","Warcry","Flex"],"picked":"SKIP","floor":44},{"not_picked":["Clothesline+1","Sentinel+1","True Grit+1"],"picked":"SKIP","floor":46},{"not_picked":["Twin Strike+1","Replay:Many Hands"],"picked":"Inflame+1","floor":47},{"not_picked":["Brutality","Cleave","Pommel Strike+1"],"picked":"SKIP","floor":54}],"player_experience":1231585,"relics_obtained":[{"floor":5.0,"key":"Replay:Bottled Snecko"},{"floor":6.0,"key":"Mummified Hand"},{"floor":9.0,"key":"ReplayTheSpireMod:Ninjato"},{"floor":9.0,"key":"Gremlin Horn"},{"floor":10.0,"key":"Blue Doll"},{"floor":12.0,"key":"Another Sword"},{"floor":13.0,"key":"testmod-Justice"},{"floor":16.0,"key":"Void"},{"floor":25.0,"key":"PreservedInsect"},{"floor":26.0,"key":"vexMod:InvisibilityCloak"},{"floor":26.0,"key":"Mirror"},{"floor":31.0,"key":"Smiling Mask"},{"floor":33.0,"key":"testmod-ThousandKnives"},{"floor":37.0,"key":"MoneyPower"},{"floor":40,"key":"TheBean"},{"floor":43,"key":"BookofShadows"},{"floor":43,"key":"Ancient Tea Set"},{"floor":46,"key":"Art of War"},{"floor":48,"key":"conspire:Dentures"},{"floor":54,"key":"Vajra"}],"event_choices":[{"damage_healed":0.0,"max_hp_gain":0.0,"max_hp_loss":0.0,"gold_gain":400.0,"event_name":"恩洛斯的盘子","player_choice":"Sell","floor":7.0,"relics_lost":["NeowsBlessing"],"gold_loss":0.0,"damage_taken":0.0},{"damage_healed":0.0,"max_hp_gain":0.0,"max_hp_loss":0.0,"gold_gain":0.0,"event_name":"Addict","player_choice":"Obtained Relic","floor":19.0,"gold_loss":85.0,"damage_taken":0.0,"relics_obtained":["Dream Catcher"]},{"damage_healed":0.0,"max_hp_gain":0.0,"max_hp_loss":0.0,"gold_gain":0.0,"event_name":"The Library","player_choice":"Read","floor":22.0,"gold_loss":0.0,"damage_taken":0.0,"cards_obtained":["Cleave"]},{"damage_healed":0,"gold_gain":0,"player_choice":"Memory 1","damage_taken":0,"max_hp_gain":0,"max_hp_loss":0,"event_name":"SensoryStone","floor":39,"gold_loss":0},{"cards_removed":["Body Slam"],"damage_healed":0,"gold_gain":0,"player_choice":"Removed Attack","damage_taken":0,"max_hp_gain":0,"max_hp_loss":0,"event_name":"Falling","floor":45,"gold_loss":0}],"is_beta":false,"boss_relics":[{"not_picked":["testmod-SaigiyounoYou","vexMod:MysteryBossChallenge"],"picked":"vexMod:TanglingVine"},{"not_picked":[]},{"not_picked":["ReplayTheSpireMod:DimensionalGlitch","vexMod:BigBerry"],"picked":"testmod-DeterminationOfClimber"},{"not_picked":[]}],"items_purged_floors":[17,21,23,34,36,38,53],"is_endless":false,"potions_floor_spawned":[1,8,11,13,20,27,31,37,40,46,47,54],"ascension_level":-20}}