{"host":"u3vur0jk0faz0no6","time":1608275386,"event":{"mods":["BaseMod","Better Skull","Better Third Choice","BetterRewards","Colored Map","Colored Powertips","Defective Defect","Hermit","Highlight Path","Infinite Spire","Minty Spire (QoL Compilation)","Rare Cards Sparkle","Relic Sorter","Relic Stats","Replay The Spire","Shade Mod","Shop Mod","StSLib","SuperFastMode","The Druid","The Hierophant","The Jungle","The Necromancer","The Runesmith","everything is the same but u backflip on backflip","slay the spire mod where everything is the same but ironclad has a cowboy hat"],"gold_per_floor":[13,13,24,41,53,53,65,65,65,65,97,97,117,127,127,199,199,199,55,55,55,55,55,55,55,55,55,7,7,7,7,7,7,7],"floor_reached":33,"playtime":803,"items_purged":[],"score":471,"play_id":"6f4f0512-0ff1-421b-811a-bc5a0f68586a","local_time":"20201218010946","is_ascension_mode":true,"campfire_choices":[{"data":"Armaments","floor":6,"key":"SMITH"},{"data":"Whirlwind","floor":10,"key":"SMITH"},{"data":"Uppercut","floor":15,"key":"SMITH"},{"floor":24,"key":"REST"},{"floor":32,"key":"REST"}],"circlet_count":0,"master_deck":["AscendersBane","Strike_R","Strike_R","Strike_R","Strike_R","Defend_R","Defend_R","Defend_R","Defend_R","Bash","Inflame","Armaments+1","Burning Pact","Whirlwind+1","Uppercut+1","Heavy Blade","Flame Barrier","infinitespire:SevenWalls"],"relics":["Burning Blood","Ginger","Meat on the Bone","Ectoplasm","ClockworkSouvenir","Sundial","Bag of Preparation"],"acts_visited":["Exordium","theJungle:Jungle"],"potions_floor_usage":[7,13,14,23,23,31,31],"damage_taken":[{"damage":5,"enemies":"Cultist","floor":1,"turns":4},{"damage":3,"enemies":"2 Louse","floor":3,"turns":4},{"damage":13,"enemies":"Jaw Worm","floor":4,"turns":5},{"damage":12,"enemies":"Looter","floor":5,"turns":3},{"damage":11,"enemies":"2 Fungi Beasts","floor":7,"turns":3},{"damage":31,"enemies":"Gremlin Nob","floor":11,"turns":4},{"damage":18,"enemies":"Exordium Wildlife","floor":13,"turns":2},{"damage":8,"enemies":"Large Slime","floor":14,"turns":4},{"damage":23,"enemies":"Slime Boss","floor":16,"turns":7},{"damage":29,"enemies":"Shell Parasite","floor":18,"turns":6},{"damage":14,"enemies":"theJungle:GiantWrat","floor":21,"turns":5},{"damage":45,"enemies":"theJungle:2_Phrogs","floor":23,"turns":6},{"damage":2,"enemies":"theJungle:SlimyTreeVines","floor":29,"turns":5},{"damage":11,"enemies":"theJungle:Snecko_Cultist_And_Trap","floor":30,"turns":6},{"damage":29,"enemies":"theJungle:2_Flameangoes","floor":31,"turns":5},{"damage":61,"enemies":"theJungle:FunGuy","floor":33,"turns":11}],"seed_played":"196074025207577631","potions_obtained":[{"floor":4,"key":"BloodPotion"},{"floor":11,"key":"Strength Potion"},{"floor":13,"key":"ColorlessPotion"},{"floor":16,"key":"Swift Potion"},{"floor":18,"key":"Flashbang"},{"floor":23,"key":"Energy Potion"},{"floor":31,"key":"Weak Potion"}],"is_trial":false,"path_per_floor":["M","$","M","M","M","R","M","$","T","R","E","?","M","M","R","B",null,"M","$","?","M","?","E","R","?","T","?","$","M","M","M","R","B"],"character_chosen":"IRONCLAD","items_purchased":["ClockworkSouvenir","Adrenaline Potion"],"campfire_rested":2,"item_purchase_floors":[19,28],"current_hp_per_floor":[69,69,72,65,59,59,69,69,69,69,44,44,44,54,54,49,69,46,46,46,50,50,23,45,26,26,26,26,42,49,38,60,0,0],"gold":7,"neow_bonus":"ONE_RARE_RELIC","is_daily":false,"chose_seed":false,"campfire_upgraded":3,"win_rate":0.0,"timestamp":1608275386,"path_taken":["M","?","M","M","M","R","M","$","T","R","E","?","?","M","R","BOSS","M","$","?","M","?","E","R","?","T","?","?","M","M","?","R","BOSS"],"items_purchased_type":["Relic","Potion"],"build_version":"2020-12-13","purchased_purges":0,"victory":false,"max_hp_per_floor":[75,75,75,75,75,75,75,75,75,75,75,75,75,75,75,75,75,75,75,75,75,75,75,75,75,75,75,75,75,75,75,75,75,75],"relic_stats":{"counters":[16,80],"Sundial":[2],"Ectoplasm":147,"Bag of Preparation":[8],"Ginger":[10],"obtain_stats":[{"Sundial":23,"Ectoplasm":17,"Bag of Preparation":26,"Ginger":0,"Burning Blood":0,"Meat on the Bone":11,"ClockworkSouvenir":19},{"Sundial":12,"Ectoplasm":9,"Bag of Preparation":12,"Ginger":0,"Burning Blood":0,"Meat on the Bone":6,"ClockworkSouvenir":10},{"Sundial":53,"Ectoplasm":36,"Bag of Preparation":53,"Ginger":0,"Burning Blood":0,"Meat on the Bone":23,"ClockworkSouvenir":42}],"Burning Blood":90,"Meat on the Bone":96},"card_choices":[{"not_picked":["True Grit","Clash"],"picked":"Inflame","floor":1},{"not_picked":["ReplayTheSpireMod:Strike From Hell","Warcry"],"picked":"Armaments","floor":3},{"not_picked":["Replay:Undeath\u0027s Touch","Sever Soul","Sentinel"],"picked":"SKIP","floor":4},{"not_picked":["Body Slam","Run Through"],"picked":"Burning Pact","floor":5},{"not_picked":["Replay:Undeath\u0027s Touch","Twin Strike"],"picked":"Whirlwind","floor":7},{"not_picked":["Feel No Pain","Run Through"],"picked":"Uppercut","floor":11},{"not_picked":["Anger","Warcry"],"picked":"Heavy Blade","floor":13},{"not_picked":["Run Through","Replay:Undeath\u0027s Touch","Sword Boomerang"],"picked":"SKIP","floor":14},{"not_picked":["ReplayTheSpireMod:Limb From Limb","ReplayTheSpireMod:Corrosion Curse+1"],"picked":"Flame Barrier","floor":18},{"not_picked":["Reckless Charge","Havoc","ReplayTheSpireMod:Muscle Training"],"picked":"SKIP","floor":21},{"not_picked":["Entrench+1","Dropkick","Twin Strike"],"picked":"SKIP","floor":23},{"not_picked":["infinitespire:UltimateForm","ReplayTheSpireMod:??????????????????????"],"picked":"infinitespire:SevenWalls","floor":25},{"not_picked":["Armaments","Clash","Infernal Blade"],"picked":"SKIP","floor":29},{"not_picked":["Sentinel","Anger","Pommel Strike"],"picked":"SKIP","floor":30},{"not_picked":["Thunderclap","Clash","Flex"],"picked":"SKIP","floor":31}],"player_experience":1941552,"relics_obtained":[{"floor":11,"key":"Meat on the Bone"},{"floor":23,"key":"Sundial"},{"floor":26,"key":"Bag of Preparation"}],"event_choices":[{"cards_removed":["Strike_R"],"damage_healed":0,"gold_gain":0,"player_choice":"Purged","damage_taken":0,"max_hp_gain":0,"max_hp_loss":0,"event_name":"Purifier","floor":12,"gold_loss":0}],"is_beta":false,"boss_relics":[{"not_picked":["ReplayTheSpireMod:DimensionalGlitch","Pandora\u0027s Box"],"picked":"Ectoplasm"}],"items_purged_floors":[],"is_endless":false,"potions_floor_spawned":[4,11,13,16,18,23,30,31],"killed_by":"theJungle:FunGuy","ascension_level":15}}