{"host":"qwttrqaysb380yri","time":1608330732,"event":{"mods":["BaseMod","Custom Start","Minty Spire (QoL Compilation)","Permanent Neow","Puzzle Mod","Relic Stats","StSLib","The Cursed","The Hierophant"],"gold_per_floor":[111,128,143,64,78,88,88,88,112,163,163,195,217,182,182,260,260,288,316,316,344,49,49,84,13,38,97,97,170,221,285,285,273,273],"floor_reached":33,"playtime":964,"items_purged":["Pain"],"score":653,"play_id":"dc579674-a32a-44be-bca4-1d3b4f98ffcd","local_time":"20201218233212","is_ascension_mode":true,"campfire_choices":[{"floor":7,"key":"REST"},{"floor":11,"key":"REST"},{"data":"hierophant:DisplayOfPower","floor":15,"key":"SMITH"},{"floor":23,"key":"REST"},{"floor":28,"key":"REST"},{"floor":32,"key":"REST"}],"circlet_count":0,"master_deck":["AscendersBane","hierophant:Strike_Hierophant","hierophant:Strike_Hierophant","hierophant:Strike_Hierophant","hierophant:Strike_Hierophant","hierophant:Punish","hierophant:Defend_Hierophant","hierophant:Defend_Hierophant","hierophant:Defend_Hierophant","hierophant:Defend_Hierophant","hierophant:ChurchCoffers","Swift Strike","hierophant:ThreeLashes","hierophant:ThreeLashes","hierophant:Upheaval+1","hierophant:Kindle","hierophant:WrathOfGod","hierophant:OrnateJavelin+1","hierophant:OrnateBuckler","hierophant:DisplayOfPower+1","hierophant:Glossolalia","hierophant:WrathOfGod","hierophant:OrnateJavelin","hierophant:Doubloon","hierophant:Remorse","hierophant:WrathOfGod","hierophant:DisplayOfPower","hierophant:Glossolalia","hierophant:RustyCrate","hierophant:Doubloon","hierophant:Doubloon","hierophant:Doubloon","hierophant:Dazzle","hierophant:Endure","hierophant:DivineIntervention","hierophant:OrnateBuckler","hierophant:HolyVerse"],"relics":["hierophant:PropheticMaskRelic","Bag of Marbles","Whetstone","Strawberry","Lantern","SacredBark","WarpedTongs","Dream Catcher","MealTicket","Red Mask","White Beast Statue"],"acts_visited":["Exordium","TheCity"],"potions_floor_usage":[6,6,16,19,24,27,29,33,33],"damage_taken":[{"damage":6,"enemies":"Cultist","floor":1,"turns":3},{"damage":7,"enemies":"Small Slimes","floor":2,"turns":2},{"damage":7,"enemies":"Jaw Worm","floor":3,"turns":2},{"damage":10,"enemies":"Gremlin Gang","floor":5,"turns":3},{"damage":25,"enemies":"Lagavulin","floor":6,"turns":4},{"damage":33,"enemies":"Gremlin Nob","floor":8,"turns":3},{"damage":12,"enemies":"3 Sentries","floor":12,"turns":8},{"damage":0,"enemies":"2 Fungi Beasts","floor":13,"turns":2},{"damage":13,"enemies":"The Guardian","floor":16,"turns":6},{"damage":20,"enemies":"Shell Parasite","floor":18,"turns":4},{"damage":15,"enemies":"3 Byrds","floor":19,"turns":5},{"damage":18,"enemies":"Snake Plant","floor":21,"turns":3},{"damage":4,"enemies":"Centurion and Healer","floor":24,"turns":2},{"damage":27,"enemies":"Gremlin Leader","floor":27,"turns":4},{"damage":2,"enemies":"Cultist and Chosen","floor":29,"turns":2},{"damage":15,"enemies":"Masked Bandits","floor":30,"turns":1},{"damage":7,"enemies":"Book of Stabbing","floor":31,"turns":3},{"damage":51,"enemies":"Automaton","floor":33,"turns":6}],"seed_played":"4986202936630598965","potions_obtained":[{"floor":3,"key":"DistilledChaos"},{"floor":5,"key":"SteroidPotion"},{"floor":8,"key":"FearPotion"},{"floor":13,"key":"EssenceOfSteel"},{"floor":16,"key":"Energy Potion"},{"floor":19,"key":"Fruit Juice"},{"floor":24,"key":"Weak Potion"},{"floor":27,"key":"Strength Potion"},{"floor":31,"key":"AttackPotion"}],"is_trial":false,"path_per_floor":["M","M","M","$","M","E","R","E","T","?","R","E","M","?","R","B",null,"M","M","?","M","$","R","M","$","T","E","R","M","?","E","R","B"],"character_chosen":"HIEROPHANT","items_purchased":["hierophant:Kindle","hierophant:DisplayOfPower","hierophant:Glossolalia","hierophant:RustyCrate","DistilledChaos","hierophant:Endure"],"campfire_rested":5,"item_purchase_floors":[4,22,22,22,22,25],"current_hp_per_floor":[62,55,48,48,38,13,35,2,9,9,33,21,21,41,41,28,69,49,44,44,26,26,53,49,49,49,22,49,47,32,25,52,1,1],"gold":273,"neow_bonus":"RANDOM_COLORLESS","is_daily":false,"chose_seed":false,"campfire_upgraded":1,"win_rate":0.0,"timestamp":1608330732,"path_taken":["M","M","M","$","?","E","R","E","T","?","R","E","M","?","R","BOSS","M","M","?","M","$","R","M","?","T","E","R","?","?","E","R","BOSS"],"items_purchased_type":["Card","Card","Card","Card","Potion","Card"],"build_version":"2020-12-13","purchased_purges":1,"victory":false,"max_hp_per_floor":[75,75,75,75,75,75,75,75,82,82,82,82,82,82,82,82,82,82,92,92,92,92,92,92,92,92,92,92,92,92,92,92,92,92],"relic_stats":{"Dream Catcher":2,"counters":[18,63],"MealTicket":0,"Whetstone":["hierophant:Upheaval","hierophant:OrnateJavelin"],"obtain_stats":[{"Lantern":12,"Dream Catcher":26,"hierophant:PropheticMaskRelic":0,"Strawberry":9,"SacredBark":17,"MealTicket":27,"Bag of Marbles":6,"Red Mask":30,"Whetstone":8,"White Beast Statue":31,"WarpedTongs":20},{"Lantern":7,"Dream Catcher":13,"hierophant:PropheticMaskRelic":0,"Strawberry":6,"SacredBark":9,"MealTicket":14,"Bag of Marbles":5,"Red Mask":16,"Whetstone":6,"White Beast Statue":17,"WarpedTongs":11},{"Lantern":25,"Dream Catcher":47,"hierophant:PropheticMaskRelic":0,"Strawberry":17,"SacredBark":33,"MealTicket":51,"Bag of Marbles":14,"Red Mask":54,"Whetstone":17,"White Beast Statue":57,"WarpedTongs":42}],"WarpedTongs":[21]},"card_choices":[{"not_picked":["Forethought","Purity"],"picked":"Swift Strike","floor":0},{"not_picked":["hierophant:MorningPrayer","hierophant:Mercenaries"],"picked":"hierophant:ThreeLashes","floor":1},{"not_picked":["hierophant:PassingBell","hierophant:Glossolalia"],"picked":"hierophant:ThreeLashes","floor":2},{"not_picked":["hierophant:RustyCrate","hierophant:RepressedViolence"],"picked":"hierophant:Upheaval","floor":3},{"not_picked":["hierophant:FaithHealing","hierophant:RustyCrate"],"picked":"hierophant:WrathOfGod","floor":5},{"not_picked":["hierophant:DeathKnell","hierophant:TollTheBells"],"picked":"hierophant:OrnateJavelin","floor":6},{"not_picked":["hierophant:Glossolalia","hierophant:Doubloon"],"picked":"hierophant:OrnateBuckler","floor":8},{"not_picked":["hierophant:Mercenaries","hierophant:Martyrdom"],"picked":"hierophant:DisplayOfPower","floor":12},{"not_picked":["hierophant:ThreeLashes","hierophant:Generosity"],"picked":"hierophant:Glossolalia","floor":13},{"not_picked":["hierophant:Levitation","hierophant:Anathema"],"picked":"hierophant:WrathOfGod","floor":16},{"not_picked":["hierophant:Remorse","hierophant:AuricBeam"],"picked":"hierophant:OrnateJavelin","floor":18},{"not_picked":["hierophant:Sermon","hierophant:RecallFunds"],"picked":"hierophant:Remorse","floor":19},{"not_picked":["hierophant:OrnateJavelin","hierophant:TollTheBells"],"picked":"hierophant:WrathOfGod","floor":21},{"not_picked":["hierophant:HolyVerse","hierophant:MirrorShield"],"picked":"hierophant:Dazzle","floor":24},{"not_picked":["hierophant:Chorus","hierophant:PassingBell"],"picked":"hierophant:DivineIntervention","floor":27},{"not_picked":["hierophant:PassingBell","hierophant:ThreeLashes"],"picked":"hierophant:OrnateBuckler","floor":28},{"not_picked":["hierophant:SealAway","hierophant:CoinFling"],"picked":"hierophant:HolyVerse","floor":29},{"not_picked":["hierophant:Zeal","hierophant:AuricShield+1","hierophant:Chorus"],"picked":"SKIP","floor":31}],"player_experience":1886661,"relics_obtained":[{"floor":6,"key":"Bag of Marbles"},{"floor":8,"key":"Whetstone"},{"floor":9,"key":"Strawberry"},{"floor":12,"key":"Lantern"},{"floor":26,"key":"Dream Catcher"},{"floor":27,"key":"MealTicket"},{"floor":30,"key":"Red Mask"},{"floor":31,"key":"White Beast Statue"}],"event_choices":[{"damage_healed":0,"gold_gain":51,"player_choice":"Gained Gold","damage_taken":0,"max_hp_gain":0,"max_hp_loss":0,"event_name":"Golden Wing","floor":10,"gold_loss":0},{"damage_healed":20,"gold_gain":0,"player_choice":"Healed","damage_taken":0,"max_hp_gain":0,"max_hp_loss":0,"event_name":"The Cleric","floor":14,"gold_loss":35},{"damage_healed":0,"gold_gain":0,"player_choice":"Rummage","damage_taken":0,"relics_obtained":["WarpedTongs"],"max_hp_gain":0,"max_hp_loss":0,"event_name":"Accursed Blacksmith","floor":20,"gold_loss":0,"cards_obtained":["Pain"]},{"damage_healed":0,"gold_gain":0,"player_choice":"Fought Bandits","damage_taken":0,"max_hp_gain":0,"max_hp_loss":0,"event_name":"Masked Bandits","floor":30,"gold_loss":0}],"is_beta":false,"boss_relics":[{"not_picked":["Coffee Dripper","Busted Crown"],"picked":"SacredBark"}],"items_purged_floors":[22],"is_endless":false,"potions_floor_spawned":[3,5,8,13,16,18,19,24,27,31],"killed_by":"Automaton","ascension_level":15}}