{"host":"uv231blk40vjdojr","time":1608304804,"event":{"mods":["BaseMod","Minty Spire (QoL Compilation)","Relic Stats"],"gold_per_floor":[364,380,380,395,65,65,65,65,65,100,100,100,30,46,46,136,136,149,15,29,29,29,29,29,72,72,72,72],"floor_reached":27,"playtime":942,"items_purged":[],"score":409,"play_id":"48b47c40-9dc3-4310-bff7-f2fc6130b6ce","local_time":"20201218162004","is_ascension_mode":true,"campfire_choices":[{"floor":6,"key":"REST"},{"data":"Sweeping Beam","floor":8,"key":"SMITH"},{"data":"Zap","floor":12,"key":"SMITH"},{"data":"FTL","floor":15,"key":"SMITH"},{"floor":23,"key":"REST"}],"circlet_count":0,"master_deck":["AscendersBane","Strike_B","Strike_B","Strike_B","Strike_B+1","Defend_B","Defend_B","Defend_B","Defend_B","Zap+1","Dualcast+1","Sweeping Beam+1","Conserve Battery","Cold Snap","Barrage+1","Reinforced Body","FTL+1","Core Surge+1","Compile Driver+1","Coolheaded","Barrage+1"],"relics":["Cracked Core","Golden Idol","Pocketwatch","The Courier","Pear","Sozu","Whetstone","Enchiridion","Potion Belt","Cables"],"acts_visited":["Exordium","TheCity"],"potions_floor_usage":[10],"damage_taken":[{"damage":9,"enemies":"2 Louse","floor":1,"turns":3},{"damage":2,"enemies":"Jaw Worm","floor":2,"turns":3},{"damage":0,"enemies":"Cultist","floor":4,"turns":3},{"damage":18,"enemies":"Lagavulin","floor":10,"turns":5},{"damage":0,"enemies":"2 Fungi Beasts","floor":14,"turns":2},{"damage":22,"enemies":"Slime Boss","floor":16,"turns":11},{"damage":5,"enemies":"Shell Parasite","floor":18,"turns":3},{"damage":11,"enemies":"2 Thieves","floor":20,"turns":3},{"damage":39,"enemies":"Slavers","floor":25,"turns":7},{"damage":11,"enemies":"Snecko","floor":27,"turns":2}],"seed_played":"-5113380332244383029","potions_obtained":[{"floor":2,"key":"FearPotion"}],"is_trial":false,"path_per_floor":["M","M","?","M","$","R","?","R","T","E","?","R","$","M","R","B",null,"M","$","M","?","?","R","$","E","T","M"],"character_chosen":"DEFECT","items_purchased":["Pocketwatch","Reinforced Body","Whetstone"],"campfire_rested":2,"item_purchase_floors":[5,13,19],"current_hp_per_floor":[37,35,35,35,35,54,54,54,54,46,24,24,24,24,24,2,56,51,51,40,40,19,41,41,2,2,0,0],"gold":72,"neow_bonus":"TWO_FIFTY_GOLD","is_daily":false,"chose_seed":false,"campfire_upgraded":3,"win_rate":0.0,"timestamp":1608304804,"path_taken":["M","M","?","M","$","R","?","R","T","E","?","R","?","?","R","BOSS","M","$","M","?","?","R","$","E","T","M"],"items_purchased_type":["Relic","Card","Relic"],"build_version":"2020-12-13","purchased_purges":0,"victory":false,"max_hp_per_floor":[71,71,64,64,64,64,64,64,64,74,74,74,74,74,74,74,74,74,74,74,74,74,74,74,74,74,74,74],"relic_stats":{"Sozu":1,"counters":[10,42],"Golden Idol":46,"Whetstone":["Strike_B","Core Surge"],"obtain_stats":[{"Sozu":17,"Potion Belt":25,"Pear":10,"Golden Idol":3,"Enchiridion":22,"The Courier":9,"Whetstone":19,"Cracked Core":0,"Pocketwatch":5,"Cables":26},{"Sozu":6,"Potion Belt":9,"Pear":4,"Golden Idol":2,"Enchiridion":8,"The Courier":3,"Whetstone":7,"Cracked Core":0,"Pocketwatch":3,"Cables":9},{"Sozu":27,"Potion Belt":40,"Pear":14,"Golden Idol":6,"Enchiridion":33,"The Courier":9,"Whetstone":30,"Cracked Core":0,"Pocketwatch":9,"Cables":40}],"Pocketwatch":[27],"Cables":[2,2,0,0,0]},"card_choices":[{"not_picked":["Coolheaded","Hologram"],"picked":"Sweeping Beam","floor":1},{"not_picked":["Skim","Rebound"],"picked":"Conserve Battery","floor":2},{"not_picked":["Compile Driver","Stack"],"picked":"Cold Snap","floor":4},{"not_picked":["Leap","Reboot"],"picked":"Barrage","floor":10},{"not_picked":["Go for the Eyes","Beam Cell"],"picked":"FTL","floor":14},{"not_picked":["Hyperbeam","Amplify"],"picked":"Core Surge","floor":16},{"not_picked":["Hologram","Loop"],"picked":"Compile Driver+1","floor":18},{"not_picked":["Streamline","Conserve Battery"],"picked":"Coolheaded","floor":20},{"not_picked":["Turbo","Darkness"],"picked":"Barrage+1","floor":25}],"player_experience":494865,"relics_obtained":[{"floor":9,"key":"The Courier"},{"floor":10,"key":"Pear"},{"floor":22,"key":"Enchiridion"},{"floor":25,"key":"Potion Belt"},{"floor":26,"key":"Cables"}],"event_choices":[{"damage_healed":0,"gold_gain":0,"player_choice":"Lose Max HP","damage_taken":0,"relics_obtained":["Golden Idol"],"max_hp_gain":0,"max_hp_loss":7,"event_name":"Golden Idol","floor":3,"gold_loss":0},{"damage_healed":0,"gold_gain":0,"player_choice":"Ignored","damage_taken":0,"max_hp_gain":0,"max_hp_loss":0,"event_name":"Liars Game","floor":7,"gold_loss":0},{"damage_healed":0,"gold_gain":0,"player_choice":"Entered Light","damage_taken":22,"max_hp_gain":0,"max_hp_loss":0,"event_name":"Shining Light","floor":11,"gold_loss":0,"cards_upgraded":["Dualcast","Barrage"]},{"damage_healed":0,"gold_gain":0,"player_choice":"Obtained Book","damage_taken":21,"max_hp_gain":0,"max_hp_loss":0,"event_name":"Cursed Tome","floor":22,"gold_loss":0}],"is_beta":false,"boss_relics":[{"not_picked":["Snecko Eye","Astrolabe"],"picked":"Sozu"}],"items_purged_floors":[],"is_endless":false,"potions_floor_spawned":[2,20],"killed_by":"Snecko","ascension_level":16}}