{"host":"m3qxensetu6036ua","time":1608317903,"event":{"mods":["2.2 Compatiblity","AchievementEnabler","BaseMod","Better Altar","Better Skull","Better Third Choice","Block Reminder","Colored Powertips","Displayed Cursed Tome","Downfall","Hubris","Minty Spire (QoL Compilation)","Rare Cards Sparkle","Remove Card Discount Mod","Replay The Spire","Spicy Shops","StSLib"],"gold_per_floor":[99,99,131,131,151,165,165,223,252,252,149,167,267,279,291,392,392,392,425,425,425,425],"floor_reached":21,"playtime":1866,"items_purged":["Slimebound:ProtectTheBoss"],"score":230,"play_id":"3bf7de78-7856-49ce-bd61-06afaea21fee","local_time":"20201218195823","is_ascension_mode":false,"campfire_choices":[{"data":"Slimebound:Split","floor":1,"key":"SMITH"},{"data":"Slimebound:LeadByExample","floor":10,"key":"SMITH"},{"data":"Slimebound:CorrosiveSpit","floor":18,"key":"SMITH"},{"data":"hubris:DuctTapeCard","floor":20,"key":"SMITH"}],"circlet_count":0,"master_deck":["Slimebound:Strike_Slimebound","Slimebound:Strike_Slimebound","Slimebound:Strike_Slimebound","Slimebound:Tackle","Slimebound:Defend_Slimebound","Slimebound:Defend_Slimebound","Slimebound:Defend_Slimebound","Slimebound:Defend_Slimebound","Slimebound:Split+1","Slimebound:CorrosiveSpit+1","Slimebound:Schlurp","Slimebound:SlimeSpikes","Slimebound:ViciousTackle","Slimebound:OneTwoCombo","Pot Of Greed","Pot Of Greed","Slimebound:GoopSpray","Slimebound:LivingWall","Slimebound:ItLooksTasty","Slimebound:SamplingLick","Slimebound:Schlurp","Slimebound:GrowthPunch","hubris:DuctTapeCard+2","Pot Of Greed","Slimebound:Schlurp"],"relics":["Slimebound:AbsorbEndCombat","downfall:HeartsMalice","Potion Belt","Counterbalance","Grinning Jar","hubris:MysteriousPyramids","hubris:HollowSoul","hubris:DuctTape"],"acts_visited":["Exordium","TheCity"],"potions_floor_usage":[21,21,21,21],"damage_taken":[{"damage":0,"enemies":"Jaw Worm","floor":2,"turns":1},{"damage":0,"enemies":"Gremlin Nob","floor":3,"turns":1},{"damage":0,"enemies":"Small Slimes","floor":4,"turns":1},{"damage":4,"enemies":"2 Louse","floor":5,"turns":2},{"damage":22,"enemies":"Exordium Thugs","floor":6,"turns":5},{"damage":42,"enemies":"3 Sentries","floor":8,"turns":7},{"damage":15,"enemies":"Lagavulin","floor":9,"turns":5},{"damage":24,"enemies":"downfall:FleeingMerchant","floor":11,"turns":4},{"damage":3,"enemies":"Blue Slaver","floor":12,"turns":2},{"damage":12,"enemies":"Large Slime","floor":14,"turns":4},{"damage":16,"enemies":"Red Slaver","floor":15,"turns":2},{"damage":48,"enemies":"downfall:Silent","floor":16,"turns":6},{"damage":56,"enemies":"Slavers","floor":19,"turns":5},{"damage":0,"enemies":"Spheric Guardian","floor":21,"turns":4}],"seed_played":"6943765587685783254","potions_obtained":[{"floor":5,"key":"Death Potion"},{"floor":8,"key":"FearPotion"},{"floor":12,"key":"Flashbang"},{"floor":14,"key":"Strength Potion"},{"floor":15,"key":"PowerPotion"},{"floor":16,"key":"Elixir"}],"is_trial":false,"path_per_floor":["R","M","E","M","M","M","T","?","E","R","$","M","?","M","M","B",null,"R","E","R","M"],"character_chosen":"SLIMEBOUND","items_purchased":["Slimebound:ItLooksTasty"],"campfire_rested":0,"item_purchase_floors":[11],"current_hp_per_floor":[60,60,60,60,60,57,57,39,52,52,56,60,60,56,56,33,60,60,32,32,8,8],"gold":425,"neow_bonus":"THREE_ENEMY_KILL","is_daily":false,"chose_seed":false,"campfire_upgraded":4,"win_rate":0.0,"timestamp":1608317903,"path_taken":["R","M","E","M","M","M","T","?","E","R","$","M","?","M","M","BOSS","R","E","R","M"],"items_purchased_type":["Card"],"build_version":"2020-12-13","purchased_purges":1,"victory":false,"max_hp_per_floor":[60,60,60,60,60,60,60,60,60,60,60,60,60,60,60,60,60,60,60,60,12,12],"card_choices":[{"not_picked":["Slimebound:ComboTackle","Slimebound:SplitBruiser"],"picked":"Slimebound:ProtectTheBoss","floor":2},{"not_picked":["Slimebound:SplitAcid","Slimebound:LivingWall"],"picked":"Slimebound:Schlurp","floor":3},{"not_picked":["Slimebound:AcidTongue","Slimebound:SplitBruiser"],"picked":"Slimebound:SlimeSpikes","floor":4},{"not_picked":["Slimebound:SlimeSpikes","Slimebound:SplitLeeching"],"picked":"Slimebound:ViciousTackle","floor":5},{"not_picked":["Slimebound:DisruptingSlam","Slimebound:LeechEnergy"],"picked":"Slimebound:OneTwoCombo","floor":6},{"not_picked":["Slimebound:ComboTackle","Slimebound:LeechingTouch"],"picked":"Slimebound:GoopSpray","floor":8},{"not_picked":["Slimebound:MegaLick","Slimebound:Overexert"],"picked":"Slimebound:LeadByExample","floor":9},{"not_picked":["Slimebound:TongueLash","Slimebound:RollThrough"],"picked":"Slimebound:LivingWall","floor":11},{"not_picked":["Slimebound:Chomp","Slimebound:SlimeBarrage"],"picked":"Slimebound:SamplingLick","floor":12},{"not_picked":["Slimebound:ItLooksTasty","Slimebound:ForwardTackle"],"picked":"Slimebound:Schlurp","floor":14},{"not_picked":["Slimebound:Chomp","Slimebound:PressTheAttack"],"picked":"Slimebound:GrowthPunch","floor":15},{"not_picked":["Slimebound:SlimeSlap","Slimebound:Teamwork"],"picked":"Slimebound:MinionMaster","floor":16},{"not_picked":["Slimebound:FirmFortitude+1","Slimebound:SplitAcid+1"],"picked":"Slimebound:Schlurp","floor":19}],"player_experience":134946,"relics_obtained":[{"floor":3,"key":"Potion Belt"},{"floor":7,"key":"Counterbalance"},{"floor":9,"key":"hubris:MysteriousPyramids"},{"floor":19,"key":"hubris:DuctTape"}],"event_choices":[],"is_beta":false,"boss_relics":[{"not_picked":["hubris:BlackHole","Replay:Grab Bag"],"picked":"hubris:HollowSoul"}],"items_purged_floors":[11],"is_endless":false,"potions_floor_spawned":[5,8,12,14,15,16],"killed_by":"Spheric Guardian","ascension_level":0}}