{"host":"dvpvhz1t6etneyb3","time":1608265878,"event":{"mods":["AchievementEnabler","BaseMod","Colored Map","Highlight Path","Minty Spire (QoL Compilation)","Permanent Neow","Quick Restart"],"gold_per_floor":[116,266,278,88,108,108,134,146,209,246,258,286,298,321,333,345,345],"floor_reached":16,"playtime":648,"items_purged":["Doubt"],"score":200,"play_id":"25d88f92-d8e6-46ef-be45-97e4b4c9ccdf","local_time":"20201217233118","is_ascension_mode":true,"campfire_choices":[{"data":"Sunder","floor":6.0,"key":"SMITH"},{"data":"Loop","floor":8.0,"key":"SMITH"},{"data":"Zap","floor":11.0,"key":"SMITH"},{"floor":13,"key":"REST"},{"data":"Dualcast","floor":15,"key":"SMITH"}],"circlet_count":0,"master_deck":["AscendersBane","Strike_B","Strike_B","Strike_B","Strike_B","Defend_B","Defend_B","Defend_B","Defend_B","Zap+1","Dualcast+1","Compile Driver","Sunder+1","Loop+1","Cold Snap","Self Repair"],"relics":["Cracked Core","Smiling Mask","MawBank","Lantern","Pen Nib"],"acts_visited":["Exordium"],"potions_floor_usage":[16],"damage_taken":[{"damage":1.0,"enemies":"Cultist","floor":1.0,"turns":3.0},{"damage":2.0,"enemies":"Jaw Worm","floor":3.0,"turns":3.0},{"damage":0.0,"enemies":"2 Louse","floor":5.0,"turns":1.0},{"damage":31.0,"enemies":"Lagavulin","floor":7.0,"turns":7.0},{"damage":19,"enemies":"Large Slime","floor":12,"turns":4},{"damage":11,"enemies":"Looter","floor":14,"turns":2},{"damage":25,"enemies":"Hexaghost","floor":16,"turns":9}],"seed_played":"1749512576557478727","potions_obtained":[{"floor":3.0,"key":"PowerPotion"},{"floor":12,"key":"Explosive Potion"}],"is_trial":false,"path_per_floor":["M","?","M","$","M","R","E","R","T","T","R","M","R","M","R","B"],"character_chosen":"DEFECT","items_purchased":["Loop","SteroidPotion"],"campfire_rested":1,"item_purchase_floors":[4,4],"current_hp_per_floor":[63,63,61,61,61,61,30,30,30,30,30,11,32,21,21,0,0],"gold":345,"neow_bonus":"RANDOM_COMMON_RELIC","is_daily":false,"chose_seed":false,"campfire_upgraded":4,"win_rate":0.0,"timestamp":1608265878,"path_taken":["M","?","M","$","M","R","E","R","T","?","R","M","R","M","R","BOSS"],"items_purchased_type":["Card","Potion"],"build_version":"2020-12-13","purchased_purges":1,"victory":false,"max_hp_per_floor":[71,71,71,71,71,71,71,71,71,71,71,71,71,71,71,71,71],"card_choices":[{"not_picked":["Redo","Barrage"],"picked":"Compile Driver","floor":1.0},{"not_picked":["Fusion","Sweeping Beam"],"picked":"Sunder","floor":3.0},{"not_picked":["Conserve Battery","Redo","Compile Driver"],"picked":"SKIP","floor":5.0},{"not_picked":["Rebound","Stack"],"picked":"Cold Snap","floor":7.0},{"not_picked":["Turbo","Reprogram","Double Energy"],"picked":"SKIP","floor":12},{"not_picked":["Storm","Capacitor"],"picked":"Self Repair","floor":14}],"player_experience":1882129,"relics_obtained":[{"floor":7.0,"key":"MawBank"},{"floor":9.0,"key":"Lantern"},{"floor":10.0,"key":"Pen Nib"}],"event_choices":[{"damage_healed":0.0,"max_hp_gain":0.0,"max_hp_loss":0.0,"gold_gain":150.0,"event_name":"Liars Game","player_choice":"AGREE","floor":2.0,"gold_loss":0.0,"damage_taken":0.0,"cards_obtained":["Doubt"]}],"is_beta":false,"boss_relics":[],"items_purged_floors":[4],"is_endless":false,"potions_floor_spawned":[3,12,14],"killed_by":"Hexaghost","ascension_level":20}}