{"host":"q0qnzbgdx8oqogg9","time":1608284212,"event":{"mods":["BaseMod","Minty Spire (QoL Compilation)","Slay-I","StSLib"],"gold_per_floor":[213,224,224,77,90,115,115,141,168,168,198,198,52,68,68,169,169,184,198,211,228,228,228,228],"floor_reached":23,"playtime":947,"items_purged":["Strike_G"],"score":295,"play_id":"d297815c-39e4-4d25-98f8-b688adf8c608","local_time":"20201218043652","is_ascension_mode":true,"campfire_choices":[{"data":"Bouncing Flask","floor":7.0,"key":"SMITH"},{"floor":12.0,"key":"REST"},{"data":"Noxious Fumes","floor":15.0,"key":"SMITH"}],"circlet_count":0,"master_deck":["Strike_G+1","Strike_G+1","Strike_G+1","Strike_G+1","Defend_G+1","Defend_G+1","Defend_G+1","Defend_G+1","Defend_G+1","Survivor+1","Neutralize","Deadly Poison","Dagger Throw","Bouncing Flask+1","Backflip","Noxious Fumes+1","Backflip","Burst","Predator","Blur","PiercingWail"],"relics":["Ring of the Snake","Bag of Marbles","Orichalcum","War Paint","Dream Catcher","Happy Flower","Lee\u0027s Waffle","Sozu"],"acts_visited":["Exordium","TheCity"],"potions_floor_usage":[20,21],"damage_taken":[{"damage":4.0,"enemies":"Small Slimes","floor":1.0,"turns":6.0},{"damage":0.0,"enemies":"Jaw Worm","floor":2.0,"turns":4.0},{"damage":1.0,"enemies":"Cultist","floor":5.0,"turns":3.0},{"damage":2.0,"enemies":"Lagavulin","floor":6.0,"turns":5.0},{"damage":26.0,"enemies":"3 Sentries","floor":8.0,"turns":10.0},{"damage":8.0,"enemies":"Gremlin Nob","floor":11.0,"turns":4.0},{"damage":0.0,"enemies":"Looter","floor":14.0,"turns":4.0},{"damage":4.0,"enemies":"The Guardian","floor":16.0,"turns":9.0},{"damage":12,"enemies":"Chosen","floor":18,"turns":5},{"damage":0,"enemies":"Spheric Guardian","floor":19,"turns":2},{"damage":25,"enemies":"Snake Plant","floor":20,"turns":4},{"damage":28,"enemies":"Shelled Parasite and Fungi","floor":21,"turns":6},{"damage":16,"enemies":"Gremlin Leader","floor":23,"turns":4}],"seed_played":"970714041309314306","potions_obtained":[{"floor":2.0,"key":"GamblersBrew"},{"floor":5.0,"key":"Regen Potion"},{"floor":11.0,"key":"Explosive Potion"}],"is_trial":false,"path_per_floor":["M","M","?","$","M","E","R","E","T","?","E","R","$","M","R","B",null,"M","M","M","M","?","E"],"character_chosen":"THE_SILENT","items_purchased":["Bouncing Flask","Lee\u0027s Waffle"],"campfire_rested":1,"item_purchase_floors":[4,13],"current_hp_per_floor":[59,59,59,59,58,56,56,30,30,12,18,39,77,77,77,73,76,64,64,39,11,11,0,0],"gold":228,"neow_bonus":"HUNDRED_GOLD","is_daily":false,"chose_seed":false,"campfire_upgraded":2,"win_rate":0.0,"timestamp":1608284212,"path_taken":["M","M","?","$","M","E","R","E","T","?","E","R","?","M","R","BOSS","M","?","M","M","?","E"],"items_purchased_type":["Card","Relic"],"build_version":"2020-12-13","purchased_purges":1,"victory":false,"max_hp_per_floor":[70,70,70,70,70,70,70,70,70,70,70,70,77,77,77,77,77,77,77,77,77,77,77,77],"card_choices":[{"not_picked":["Cloak And Dagger","Flying Knee"],"picked":"Deadly Poison","floor":1.0},{"not_picked":["Acrobatics","PiercingWail"],"picked":"Dagger Throw","floor":2.0},{"not_picked":["Prepared","Underhanded Strike","Dagger Throw"],"picked":"SKIP","floor":5.0},{"not_picked":["Flechettes","A Thousand Cuts"],"picked":"Backflip","floor":6.0},{"not_picked":["Bane","Backflip"],"picked":"Noxious Fumes","floor":8.0},{"not_picked":["Sucker Punch","Acrobatics","Infinite Blades"],"picked":"SKIP","floor":11.0},{"not_picked":["Sucker Punch","Tactician"],"picked":"Backflip","floor":12.0},{"not_picked":["Sucker Punch","Dagger Spray","Prepared"],"picked":"SKIP","floor":14.0},{"not_picked":["Tools of the Trade","Unload"],"picked":"Burst","floor":16.0},{"not_picked":["Prepared","Underhanded Strike"],"picked":"Predator","floor":18},{"not_picked":["Caltrops","Flying Knee","Prepared"],"picked":"SKIP","floor":19},{"not_picked":["Slice","Setup"],"picked":"Blur","floor":20},{"not_picked":["Night Terror","Concentrate"],"picked":"PiercingWail","floor":21}],"player_experience":185254,"relics_obtained":[{"floor":6.0,"key":"Bag of Marbles"},{"floor":8.0,"key":"Orichalcum"},{"floor":9.0,"key":"War Paint"},{"floor":11.0,"key":"Happy Flower"}],"event_choices":[{"damage_healed":0.0,"max_hp_gain":0.0,"max_hp_loss":0.0,"gold_gain":0.0,"event_name":"The Cleric","player_choice":"Leave","floor":3.0,"gold_loss":0.0,"damage_taken":0.0},{"damage_healed":0.0,"max_hp_gain":0.0,"max_hp_loss":0.0,"gold_gain":0.0,"event_name":"Scrap Ooze","player_choice":"Success","floor":10.0,"gold_loss":0.0,"damage_taken":18.0,"relics_obtained":["Dream Catcher"]},{"damage_healed":0,"gold_gain":0,"player_choice":"Simplicity","damage_taken":0,"max_hp_gain":0,"max_hp_loss":0,"event_name":"Back to Basics","floor":22,"gold_loss":0,"cards_upgraded":["Strike_G","Strike_G","Strike_G","Strike_G","Defend_G","Defend_G","Defend_G","Defend_G"]}],"is_beta":false,"boss_relics":[{"not_picked":["Fusion Hammer","HoveringKite"],"picked":"Sozu"}],"items_purged_floors":[4],"is_endless":false,"potions_floor_spawned":[2,5,11,20],"killed_by":"Gremlin Leader","ascension_level":8}}