{"host":"08sn1703g14rasc1","time":1608260222,"event":{"mods":["AchievementEnabler","BaseMod","Colored Map","Colored Powertips","Hermit","Minty Spire (QoL Compilation)","StSLib"],"gold_per_floor":[111,111,111,211,226,262,262,287,314,12,12,47,71,71,71,202,202,225,225,225,52,52,52,77,90,169,169,169],"floor_reached":27,"playtime":568,"items_purged":[],"score":347,"play_id":"5451e90e-cee8-4ac3-9f25-6cd6e8f136ee","local_time":"20201217185702","is_ascension_mode":true,"campfire_choices":[{"floor":11,"key":"REST"},{"floor":15,"key":"REST"},{"floor":23,"key":"DIG"}],"circlet_count":0,"master_deck":["Strike_B","Strike_B+1","Strike_B","Defend_B","Defend_B+1","Defend_B","Defend_B","Zap","Dualcast","Sweeping Beam","Fusion","Capacitor","Loop","Gash","FTL","Sweeping Beam","Ball Lightning","Creative AI","Echo Form","Rip and Tear","Necronomicurse","Gash","Writhe","Coolheaded","Turbo+1"],"relics":["Cracked Core","Dream Catcher","Golden Idol","Tiny Chest","Bag of Preparation","Membership Card","Pear","Odd Mushroom","Ancient Tea Set","Inserter","Incense Burner","Necronomicon","Shovel","Prayer Wheel","Molten Egg 2","Smiling Mask","Gremlin Horn"],"acts_visited":["Exordium","TheCity"],"potions_floor_usage":[6,6,18],"damage_taken":[{"damage":0,"enemies":"Small Slimes","floor":1,"turns":2},{"damage":0,"enemies":"Jaw Worm","floor":5,"turns":4},{"damage":4,"enemies":"Gremlin Nob","floor":6,"turns":3},{"damage":8,"enemies":"2 Louse","floor":8,"turns":2},{"damage":24,"enemies":"The Mushroom Lair","floor":12,"turns":4},{"damage":14,"enemies":"Exordium Thugs","floor":13,"turns":5},{"damage":0,"enemies":"Slime Boss","floor":16,"turns":6},{"damage":22,"enemies":"3 Byrds","floor":18,"turns":4},{"damage":2,"enemies":"Chosen","floor":25,"turns":4},{"damage":32,"enemies":"Snake Plant","floor":27,"turns":4}],"seed_played":"-13552864392966543","potions_obtained":[{"floor":1,"key":"SteroidPotion"},{"floor":5,"key":"Block Potion"},{"floor":8,"key":"Explosive Potion"},{"floor":16,"key":"AttackPotion"}],"is_trial":false,"path_per_floor":["M","?","?","?","M","E","?","M","T","$","R","?","M","?","R","B",null,"M","T","?","$","?","R","T","M","T","M"],"character_chosen":"DEFECT","items_purchased":["Membership Card","Pear","Gash","Gash","Shovel"],"campfire_rested":2,"item_purchase_floors":[10,10,10,21,21],"current_hp_per_floor":[68,50,35,35,35,31,24,16,16,26,51,27,13,1,26,26,70,48,48,32,32,32,32,32,30,30,0,0],"gold":169,"neow_bonus":"RANDOM_COMMON_RELIC","is_daily":false,"chose_seed":false,"campfire_upgraded":0,"win_rate":0.0,"timestamp":1608260222,"path_taken":["M","?","?","?","?","E","?","M","T","$","R","?","M","?","R","BOSS","M","?","?","?","?","R","?","M","T","M"],"items_purchased_type":["Relic","Relic","Card","Card","Relic"],"build_version":"2020-12-13","purchased_purges":0,"victory":false,"max_hp_per_floor":[75,75,75,75,75,75,75,75,75,85,85,85,85,85,85,85,85,85,85,85,85,85,85,85,85,85,85,85],"card_choices":[{"not_picked":["Storm","Recycle"],"picked":"Sweeping Beam","floor":1},{"not_picked":["Coolheaded","Self Repair"],"picked":"Fusion","floor":5},{"not_picked":["Storm","Hologram"],"picked":"Capacitor","floor":6},{"not_picked":["Steam","Barrage"],"picked":"Loop","floor":8},{"not_picked":["Steam","Rebound"],"picked":"FTL","floor":11},{"not_picked":["Fusion","Redo"],"picked":"Sweeping Beam","floor":12},{"not_picked":["Go for the Eyes","Stack"],"picked":"Ball Lightning","floor":13},{"not_picked":["Streamline","Coolheaded"],"picked":"Creative AI","floor":15},{"not_picked":["Creative AI","Fission"],"picked":"Echo Form","floor":16},{"not_picked":["Chill","Blizzard+1"],"picked":"Rip and Tear","floor":18},{"not_picked":["Hello World+1","Conserve Battery"],"picked":"Coolheaded","floor":25},{"not_picked":["Rebound+1","Sweeping Beam+1"],"picked":"Turbo+1","floor":25}],"player_experience":403714,"relics_obtained":[{"floor":6,"key":"Tiny Chest"},{"floor":9,"key":"Bag of Preparation"},{"floor":12,"key":"Odd Mushroom"},{"floor":19,"key":"Incense Burner"},{"floor":20,"key":"Necronomicon"},{"floor":23,"key":"Molten Egg 2"},{"floor":24,"key":"Smiling Mask"},{"floor":26,"key":"Gremlin Horn"}],"event_choices":[{"damage_healed":0,"gold_gain":0,"player_choice":"Take Damage","damage_taken":18,"relics_obtained":["Golden Idol"],"max_hp_gain":0,"max_hp_loss":0,"event_name":"Golden Idol","floor":2,"gold_loss":0},{"damage_healed":0,"gold_gain":0,"player_choice":"Entered Light","damage_taken":15,"max_hp_gain":0,"max_hp_loss":0,"event_name":"Shining Light","floor":3,"gold_loss":0,"cards_upgraded":["Defend_B","Strike_B"]},{"damage_healed":0,"gold_gain":100,"player_choice":"Pray","damage_taken":0,"max_hp_gain":0,"max_hp_loss":0,"event_name":"Golden Shrine","floor":4,"gold_loss":0},{"cards_removed":["Strike_B"],"damage_healed":0,"gold_gain":0,"player_choice":"Card Removal","damage_taken":7,"max_hp_gain":0,"max_hp_loss":0,"event_name":"Golden Wing","floor":7,"gold_loss":0},{"damage_healed":0,"gold_gain":0,"player_choice":"Fought Mushrooms","damage_taken":0,"max_hp_gain":0,"max_hp_loss":0,"event_name":"Mushrooms","floor":12,"gold_loss":0},{"damage_healed":0,"gold_gain":0,"player_choice":"Success","damage_taken":12,"relics_obtained":["Ancient Tea Set"],"max_hp_gain":0,"max_hp_loss":0,"event_name":"Scrap Ooze","floor":14,"gold_loss":0},{"damage_healed":0,"gold_gain":0,"player_choice":"Obtained Book","damage_taken":16,"max_hp_gain":0,"max_hp_loss":0,"event_name":"Cursed Tome","floor":20,"gold_loss":0},{"damage_healed":0,"gold_gain":0,"player_choice":"Opened","damage_taken":0,"relics_obtained":["Prayer Wheel"],"max_hp_gain":0,"max_hp_loss":0,"event_name":"The Mausoleum","floor":22,"gold_loss":0,"cards_obtained":["Writhe"]}],"is_beta":false,"boss_relics":[{"not_picked":["Ectoplasm","Snecko Eye"],"picked":"Inserter"}],"items_purged_floors":[],"is_endless":false,"potions_floor_spawned":[1,5,8,16],"killed_by":"Snake Plant","ascension_level":7}}