{"host":"Justin","time":1608307843,"event":{"mods":["BaseMod","BetterRewards","Colored Map","Colored Powertips","DeckTracker","Highlight Path","Hubris","Infinite Spire","Minty Spire (QoL Compilation)","Replay The Spire","Shop Mod","StSLib","The Jungle"],"gold_per_floor":[119,119,14,14,25,60,60,91,91,91,102,102,137,150,150,251,251,269,283,283,294,309,344,344,356,356,271,271,181,181,181],"floor_reached":30,"playtime":2395,"items_purged":["Defend_R"],"score":386,"play_id":"bca49740-d541-4b95-b884-f79e2cf48745","local_time":"20201218171043","is_ascension_mode":true,"campfire_choices":[{"data":"infinitespire:OneForAll","floor":7,"key":"SMITH"},{"floor":12,"key":"REST"},{"data":"Offering","floor":15,"key":"SMITH"}],"circlet_count":0,"master_deck":["Strike_R","Strike_R","Strike_R","Strike_R","Defend_R","Defend_R","Defend_R","Bash","Metallicize","Replay:Undeath\u0027s Touch","infinitespire:OneForAll+1","Pommel Strike","Sword Boomerang","Offering+1","Barricade+1","Shrug It Off","CurseOfTheBell","Inflame+1","Infernal Blade+1","Double Tap"],"relics":["Burning Blood","infinitespire:CursedDice","infinitespire:Satchel","MerchantsRug","infinitespire:BottledMercury","ReplayTheSpireMod:Ring of Collecting","ReplayTheSpireMod:Ring of Sloth","Smiling Mask","Oddly Smooth Stone","Question Card","ReplayTheSpireMod:Ring of Addiction","Chameleon Ring","Toy Ornithopter","hubris:SlimyHat","Calling Bell","Replay:Wax Seal","Gremlin Horn","infinitespire:Golems Mask","Replay:Rubber Ducky","White Beast Statue","Boot"],"acts_visited":["Exordium","TheCity"],"potions_floor_usage":[1,8,13,14,16,16,19,22,25,25,30,30,30],"damage_taken":[{"damage":1,"enemies":"2 Louse","floor":1,"turns":3},{"damage":1,"enemies":"Jaw Worm","floor":5,"turns":3},{"damage":20,"enemies":"Lagavulin","floor":6,"turns":7},{"damage":27,"enemies":"3 Sentries","floor":8,"turns":11},{"damage":1,"enemies":"Small Slimes","floor":11,"turns":3},{"damage":4,"enemies":"Replay:BlueRogue","floor":13,"turns":4},{"damage":6,"enemies":"3 Louse","floor":14,"turns":3},{"damage":58,"enemies":"The Guardian","floor":16,"turns":7},{"damage":18,"enemies":"Chosen","floor":18,"turns":5},{"damage":20,"enemies":"Shell Parasite","floor":19,"turns":3},{"damage":27,"enemies":"Cultist and Chosen","floor":21,"turns":6},{"damage":23,"enemies":"Snake Plant","floor":22,"turns":5},{"damage":27,"enemies":"Slavers","floor":23,"turns":4},{"damage":18,"enemies":"Snecko","floor":25,"turns":5},{"damage":66,"enemies":"Nightmare","floor":30,"turns":6}],"seed_played":"6937959840580117339","potions_obtained":[{"floor":1,"key":"Strength Potion"},{"floor":6,"key":"ColorlessPotion"},{"floor":8,"key":"SpeedPotion"},{"floor":9,"key":"Milkshake"},{"floor":9,"key":"Adrenaline Potion"},{"floor":9,"key":"Block Potion"},{"floor":13,"key":"FearPotion"},{"floor":18,"key":"PowerPotion"},{"floor":21,"key":"FearPotion"},{"floor":24,"key":"DuplicationPotion"},{"floor":24,"key":"Fruit Juice"},{"floor":28,"key":"EntropicBrew"},{"floor":28,"key":"Languid Potion"}],"is_trial":false,"path_per_floor":["M","?","$","?","M","E","R","E","T","?","M","R","E","M","R","B",null,"M","M","AVR","M","M","E","R","M","T","?","R","?","NM"],"character_chosen":"IRONCLAD","items_purchased":["infinitespire:Satchel","Brimstone","MerchantsRug","Metallicize","BloodPotion","Flashbang","infinitespire:BlackPotion","infinitespire:BottledMercury"],"campfire_rested":1,"item_purchase_floors":[0,0,0,0,0,0,0,3],"current_hp_per_floor":[53,53,53,53,58,44,44,23,23,23,28,52,59,64,64,22,78,66,57,57,36,24,34,34,39,39,39,39,39,0,0],"gold":181,"neow_bonus":"","is_daily":false,"chose_seed":false,"campfire_upgraded":2,"win_rate":0.0,"timestamp":1608307843,"path_taken":["M","?","$","?","M","E","R","E","T","?","M","R","E","M","R","BOSS","M","M","AVR","M","M","E","R","M","T","?","R","?","NM"],"items_purchased_type":["Relic","Relic","Relic","Card","Potion","Potion","Potion","Relic"],"build_version":"2020-11-17","purchased_purges":1,"victory":false,"max_hp_per_floor":[80,80,80,80,80,80,80,80,80,80,80,80,78,78,78,78,78,78,78,78,78,78,78,78,85,85,85,85,83,83,83],"card_choices":[{"not_picked":["Second Wind","Warcry"],"picked":"Replay:Undeath\u0027s Touch","floor":1},{"not_picked":["Ghostly Armor","Power Through","Armaments"],"picked":"SKIP","floor":5},{"not_picked":["Clash","ReplayTheSpireMod:Corrosion Curse"],"picked":"infinitespire:OneForAll","floor":6},{"not_picked":["Headbutt","hubris:CleavingFinish"],"picked":"Pommel Strike","floor":8},{"not_picked":["Anger","Corruption","Headbutt"],"picked":"Sword Boomerang","floor":11},{"not_picked":["Perfected Strike","Shockwave","True Grit"],"picked":"Offering","floor":13},{"not_picked":["ReplayTheSpireMod:Limb From Limb","Flex","Run Through","Ghostly Armor"],"picked":"SKIP","floor":14},{"not_picked":["Double Tap","Limit Break","Feed"],"picked":"Barricade","floor":16},{"not_picked":["Sword Boomerang","Hemokinesis","Flex"],"picked":"Shrug It Off","floor":18},{"not_picked":["True Grit+1","Pommel Strike","ReplayTheSpireMod:Limb From Limb","Twin Strike"],"picked":"SKIP","floor":19},{"not_picked":["Reckless Charge","Armaments+1","Shrug It Off"],"picked":"Inflame+1","floor":21},{"not_picked":["Twin Strike","Flame Barrier","Flex"],"picked":"Infernal Blade+1","floor":22},{"not_picked":["Sever Soul","Infernal Blade","hubris:SharpeningStone+1"],"picked":"Double Tap","floor":23},{"not_picked":["True Grit","Anger","Power Through","Pommel Strike"],"picked":"SKIP","floor":25}],"player_experience":124380,"relics_obtained":[{"floor":4,"key":"ReplayTheSpireMod:Ring of Collecting"},{"floor":4,"key":"ReplayTheSpireMod:Ring of Sloth"},{"floor":6,"key":"Smiling Mask"},{"floor":8,"key":"Oddly Smooth Stone"},{"floor":9,"key":"Question Card"},{"floor":9,"key":"ReplayTheSpireMod:Ring of Addiction"},{"floor":9,"key":"Chameleon Ring"},{"floor":9,"key":"Toy Ornithopter"},{"floor":13,"key":"hubris:SlimyHat"},{"floor":20,"key":"Replay:Wax Seal"},{"floor":20,"key":"Gremlin Horn"},{"floor":20,"key":"infinitespire:Golems Mask"},{"floor":23,"key":"Replay:Rubber Ducky"},{"floor":26,"key":"White Beast Statue"}],"event_choices":[{"damage_healed":0,"gold_gain":0,"player_choice":"Obtained Relic","damage_taken":0,"relics_obtained":["Boot"],"max_hp_gain":0,"max_hp_loss":0,"event_name":"Addict","floor":27,"gold_loss":85},{"cards_removed":["Strike_R"],"damage_healed":0,"gold_gain":0,"player_choice":"Upgrade and Remove","damage_taken":0,"max_hp_gain":0,"max_hp_loss":0,"event_name":"Designer","floor":29,"gold_loss":90,"cards_upgraded":["Barricade"]}],"is_beta":true,"boss_relics":[{"not_picked":["Mark of Pain","hubris:TerracottaHorce","Snecko Eye"]}],"items_purged_floors":[0],"is_endless":false,"potions_floor_spawned":[1,6,8,13,18,21],"killed_by":"Nightmare","ascension_level":1}}