{"host":"4qt77pm52ljaz00q","time":1608307227,"event":{"mods":["2.2 Compatiblity","Aspiration","Bard","BaseMod","Beaked The Cultist","Challenge The Spire","ChefMod","Colored Map","Conspire","Friendly Minions","Glutton Mod","Halation","Hermit","Hubris","Infinite Spire","Jedi Mod","Marisa????????","Minty Spire (QoL Compilation)","Permanent Neow","Relic Sorter","Replay The Spire","Robot Space Explorer","Shade Mod","Shop Mod","StSLib","The Bug Knight","The Construct","The Cursed","The Disciple","The Dragon Tamer","The Jungle","The Mystic","The Poker Player","The Runesmith","The Servant 0.9.4","Unknown Chances","Wandering Minibosses","vexMod"],"gold_per_floor":[118,136,311,311,323,358,358,390,437,117,102,33,33,33,33,135,135,146,146,161,177,28,56,56,56,80,97,97,51,51,61,61,61,61],"floor_reached":33,"playtime":1463,"items_purged":["Doubt"],"score":273,"play_id":"9da7eb39-920c-493c-9b5d-ef281e315260","local_time":"20201218110027","is_ascension_mode":false,"campfire_choices":[{"floor":7,"key":"REST"},{"data":"Replay:Fractal Strike","floor":13,"key":"SMITH"},{"data":"RobotSpaceExplorer:PowerCollector","floor":13,"key":"SMITH"},{"data":"RobotSpaceExplorer:Accelerator","floor":15,"key":"SMITH"},{"data":"RobotSpaceExplorer:ImprovisedAttack","floor":15,"key":"SMITH"},{"floor":25,"key":"REST"},{"data":"RobotSpaceExplorer:Discharger","floor":32,"key":"SMITH"},{"data":"RobotSpaceExplorer:Discharger","floor":32,"key":"SMITH"}],"circlet_count":0,"master_deck":["RobotSpaceExplorer:Strike","RobotSpaceExplorer:Strike","RobotSpaceExplorer:Strike","RobotSpaceExplorer:Strike","RobotSpaceExplorer:Defend","RobotSpaceExplorer:Defend","RobotSpaceExplorer:Defend","RobotSpaceExplorer:Defend","RobotSpaceExplorer:Scan","RobotSpaceExplorer:MiniLasers","RobotSpaceExplorer:Accelerator+1","RobotSpaceExplorer:StunGrenade","RobotSpaceExplorer:IronShell","Replay:Fractal Strike+1","RobotSpaceExplorer:ImprovisedAttack+1","RobotSpaceExplorer:Autoloader+1","RobotSpaceExplorer:Discharger+1","RobotSpaceExplorer:ShockKick","RobotSpaceExplorer:PowerCollector+1","RobotSpaceExplorer:LuckyStrike","RobotSpaceExplorer:Discharger+1","RobotSpaceExplorer:Blaster","RobotSpaceExplorer:Discharger","RobotSpaceExplorer:MakeshiftVolley+1","RobotSpaceExplorer:ExhaustFan+1","RobotSpaceExplorer:GearShield","RobotSpaceExplorer:PowerCollector+1","RobotSpaceExplorer:SlimeMissile","Shame"],"relics":["RobotSpaceExplorer:RoboCore","conspire:DecoderRing","halation:PenCase","Smiling Mask","jedi:fakemustache","RobotSpaceExplorer:SearchSpecs","halation:Pancakes","Replay:Bottled Flurry","GremlinMask","hubris:BottledHeart"],"acts_visited":["Exordium","TheCity"],"potions_floor_usage":[6,23,33],"damage_taken":[{"damage":11,"enemies":"Jaw Worm","floor":1,"turns":4},{"damage":0,"enemies":"2 Louse","floor":2,"turns":2},{"damage":5,"enemies":"Cultist","floor":5,"turns":5},{"damage":39,"enemies":"3 Sentries","floor":6,"turns":13},{"damage":8,"enemies":"HollowMod:MossKnight","floor":8,"turns":8},{"damage":16,"enemies":"Exordium Thugs","floor":11,"turns":6},{"damage":10,"enemies":"Slime Boss","floor":16,"turns":6},{"damage":6,"enemies":"Shell Parasite","floor":18,"turns":4},{"damage":5,"enemies":"Chosen","floor":20,"turns":4},{"damage":51,"enemies":"Shelled Parasite and Fungi","floor":21,"turns":6},{"damage":47,"enemies":"Gremlin Leader","floor":23,"turns":7},{"damage":27,"enemies":"Snake Plant","floor":27,"turns":6},{"damage":0,"enemies":"Cultist and Chosen","floor":31,"turns":5},{"damage":34,"enemies":"Automaton","floor":33,"turns":6}],"seed_played":"2296037525196553229","potions_obtained":[{"floor":5,"key":"RobotSpaceExplorer:RecyclePotion"},{"floor":8,"key":"Venom Potion"},{"floor":11,"key":"RobotSpaceExplorer:RecyclePotion"},{"floor":16,"key":"SteroidPotion"},{"floor":19,"key":"Dexterity Potion"},{"floor":23,"key":"Swift Potion"}],"is_trial":false,"path_per_floor":["M","M","?","?","M","E","R","E","T","$","M","$","R","?","R","B",null,"M","?","M","M","$","E","?","R","T","M","?","$","?","M","R","B"],"character_chosen":"RobotSpaceExplorer","items_purchased":["RobotSpaceExplorer:ShockKick","RobotSpaceExplorer:PowerCollector","jedi:fakemustache","RobotSpaceExplorer:Discharger","halation:Pancakes","RobotSpaceExplorer:SlimeMissile"],"campfire_rested":2,"item_purchase_floors":[10,10,10,12,22,29],"current_hp_per_floor":[64,64,64,46,41,2,24,16,16,31,15,20,20,20,20,10,75,69,69,64,13,60,13,13,35,35,8,1,1,1,1,1,0,0],"gold":61,"neow_bonus":"ONE_RANDOM_RARE_CARD","is_daily":false,"chose_seed":false,"campfire_upgraded":6,"win_rate":0.0,"timestamp":1608307227,"path_taken":["M","M","?","?","?","E","R","E","T","$","?","?","R","?","R","BOSS","M","?","?","M","$","E","?","R","T","?","?","$","?","M","R","BOSS"],"items_purchased_type":["Card","Card","Relic","Card","Relic","Card"],"build_version":"2020-12-13","purchased_purges":1,"victory":false,"max_hp_per_floor":[75,75,75,75,75,75,75,75,75,75,75,75,75,75,75,75,75,75,75,75,75,75,75,75,75,75,75,1,1,1,1,1,1,1],"card_choices":[{"not_picked":["RobotSpaceExplorer:Pulsar","RobotSpaceExplorer:SurgingShield"],"picked":"RobotSpaceExplorer:StunGrenade","floor":1},{"not_picked":["RobotSpaceExplorer:MiniBoosters","RobotSpaceExplorer:SurgingStrike"],"picked":"RobotSpaceExplorer:IronShell","floor":2},{"not_picked":["ReplayTheSpireMod:Black Plague","ReplayTheSpireMod:Haul"],"picked":"Replay:Fractal Strike","floor":4},{"not_picked":["RobotSpaceExplorer:FreezingShield","RobotSpaceExplorer:Counterblock"],"picked":"RobotSpaceExplorer:ImprovisedAttack","floor":5},{"not_picked":["RobotSpaceExplorer:ShockKick","RobotSpaceExplorer:Smokescreen"],"picked":"RobotSpaceExplorer:Autoloader","floor":6},{"not_picked":["RobotSpaceExplorer:ShovelStrike","RobotSpaceExplorer:SlimeMissile"],"picked":"RobotSpaceExplorer:Discharger","floor":8},{"not_picked":["RobotSpaceExplorer:Pulsar","RobotSpaceExplorer:ScrapToss"],"picked":"RobotSpaceExplorer:LuckyStrike","floor":11},{"not_picked":["RobotSpaceExplorer:Asteroid","RobotSpaceExplorer:Autoloader"],"picked":"RobotSpaceExplorer:Blaster","floor":16},{"not_picked":["RobotSpaceExplorer:SurgingStrike","RobotSpaceExplorer:DualCore"],"picked":"RobotSpaceExplorer:Discharger","floor":18},{"not_picked":["RobotSpaceExplorer:Pulsar","RobotSpaceExplorer:MetalStrike"],"picked":"RobotSpaceExplorer:MakeshiftVolley+1","floor":20},{"not_picked":["RobotSpaceExplorer:MetalStrike","RobotSpaceExplorer:SurgingStrike"],"picked":"RobotSpaceExplorer:ExhaustFan+1","floor":21},{"not_picked":["RobotSpaceExplorer:GlueShot+1","RobotSpaceExplorer:ToxicBomb"],"picked":"RobotSpaceExplorer:GearShield","floor":23},{"not_picked":["RobotSpaceExplorer:GlueShot+1","RobotSpaceExplorer:StunGrenade"],"picked":"RobotSpaceExplorer:PowerCollector+1","floor":27},{"not_picked":["RobotSpaceExplorer:GlueSpray+1","RobotSpaceExplorer:MiniDrones","RobotSpaceExplorer:ScrapMissile"],"picked":"SKIP","floor":31}],"player_experience":205864,"relics_obtained":[{"floor":6,"key":"conspire:DecoderRing"},{"floor":8,"key":"halation:PenCase"},{"floor":9,"key":"Smiling Mask"},{"floor":23,"key":"Replay:Bottled Flurry"}],"event_choices":[{"damage_healed":0,"gold_gain":175,"player_choice":"AGREE","damage_taken":0,"max_hp_gain":0,"max_hp_loss":0,"event_name":"Liars Game","floor":3,"gold_loss":0,"cards_obtained":["Doubt"]},{"damage_healed":0,"gold_gain":0,"player_choice":"Upgraded","damage_taken":0,"max_hp_gain":0,"max_hp_loss":0,"event_name":"Upgrade Shrine","floor":14,"gold_loss":0,"cards_upgraded":["RobotSpaceExplorer:Autoloader"]},{"damage_healed":0,"gold_gain":0,"player_choice":"Got Potions","damage_taken":0,"max_hp_gain":0,"max_hp_loss":0,"event_name":"Lab","floor":19,"gold_loss":0},{"damage_healed":0,"gold_gain":0,"player_choice":"Trade","damage_taken":0,"relics_obtained":["GremlinMask"],"max_hp_gain":0,"max_hp_loss":0,"event_name":"FaceTrader","floor":24,"gold_loss":0}],"is_beta":false,"boss_relics":[{"not_picked":["hubris:TerracottaHorce","Replay:Cursed D8"],"picked":"RobotSpaceExplorer:SearchSpecs"}],"items_purged_floors":[10],"is_endless":false,"potions_floor_spawned":[5,8,11,16,18,23,31],"killed_by":"Automaton","ascension_level":0}}