{"host":"ocy7z4248lncoz2b","time":1608279309,"event":{"mods":["BaseMod","Beaked The Cultist","Better Match","Better Sensory Stone","Better Third Choice","BetterRewards","Clockwork Mod","Colored Powertips","Conspire","Downfall","Friendly Minions","Highlight Path","Hubris","Infinite Spire","Marisa????????","Mimic Mod","Minty Spire (QoL Compilation)","READ ME - Guardian Mod","Replay The Spire","Shop Mod","Spicy Shops","Spikes Relics","StSLib","SuperFastMode","The Blue Laboratory","The Construct","The Jungle"],"gold_per_floor":[99,116,116,136,21,21,21,21,39,74,74,34,19,19,39,39,39],"floor_reached":16,"playtime":467,"items_purged":[],"score":100,"play_id":"4260aea5-2ee1-4e86-af6c-3a6c4af1d1f7","local_time":"20201218171509","is_ascension_mode":false,"campfire_choices":[{"data":"FinalSpark","floor":1,"key":"SMITH"},{"data":"ManaConvection","floor":8,"key":"SMITH"}],"circlet_count":0,"master_deck":["Strike_MRS","Strike_MRS","Strike_MRS","Strike_MRS","Defend_MRS","Defend_MRS","Defend_MRS","Defend_MRS","MasterSpark","UpSweep","FinalSpark+1","ManaConvection+1","RefractionSpark","WitchLeyline","IllusionStar","WitchLeyline","GalacticHalo","UltimateShortwave","WitchOfGreed"],"relics":["hexamod:SpiritBrand","infinitespire:Cubic Diamond","hubris:Icosahedron","infinitespire:Bottled Soul","hubris:TinFlute","hubris:Towel"],"acts_visited":["Exordium"],"potions_floor_usage":[9,16],"damage_taken":[{"damage":3,"enemies":"Small Slimes","floor":2,"turns":3},{"damage":0,"enemies":"2 Louse","floor":4,"turns":2},{"damage":0,"enemies":"downfall:FleeingMerchant","floor":5,"turns":4},{"damage":4,"enemies":"Jaw Worm","floor":9,"turns":1},{"damage":24,"enemies":"Gremlin Nob","floor":10,"turns":3},{"damage":11,"enemies":"Blue Slaver","floor":12,"turns":3},{"damage":5,"enemies":"downfall:FleeingMerchant","floor":13,"turns":4},{"damage":10,"enemies":"2 Fungi Beasts","floor":15,"turns":4},{"damage":40,"enemies":"downfall:Watcher","floor":16,"turns":6}],"seed_played":"5984973892650721605","potions_obtained":[{"floor":2,"key":"Toxic Potion"},{"floor":15,"key":"Energy Potion"}],"is_trial":false,"path_per_floor":["R","M","?","M","$","?","T","R","M","E","?","M","$","?","M","B"],"character_chosen":"MARISA","items_purchased":["IllusionStar"],"campfire_rested":0,"item_purchase_floors":[5],"current_hp_per_floor":[75,72,72,72,72,72,72,72,68,44,44,33,28,50,40,0,0],"gold":39,"neow_bonus":"ONE_RANDOM_RARE_CARD","is_daily":false,"chose_seed":false,"campfire_upgraded":2,"win_rate":0.0,"timestamp":1608279309,"path_taken":["R","M","?","M","$","?","T","R","M","E","?","M","?","?","M","BOSS"],"items_purchased_type":["Card"],"build_version":"2020-12-13","purchased_purges":0,"victory":false,"max_hp_per_floor":[75,75,75,75,75,75,75,75,75,75,75,75,75,75,75,75,75],"card_choices":[{"not_picked":["6A","LuminesStrike"],"picked":"ManaConvection","floor":2},{"not_picked":["GravityBeat","DC"],"picked":"RefractionSpark","floor":4},{"not_picked":["Occultation","6A"],"picked":"WitchLeyline","floor":5},{"not_picked":["EventHorizon","NonDirectionalLaser"],"picked":"WitchLeyline","floor":9},{"not_picked":["DragonMeteor","DeepEcoloBomb"],"picked":"GalacticHalo","floor":10},{"not_picked":["6A","DC"],"picked":"UltimateShortwave","floor":12},{"not_picked":["6A","OneTimeOff","ShootingEcho"],"picked":"SKIP","floor":13},{"not_picked":["DragonMeteor","MysteriousBeam"],"picked":"WitchOfGreed","floor":15}],"player_experience":261615,"relics_obtained":[{"floor":7,"key":"infinitespire:Bottled Soul"},{"floor":10,"key":"hubris:TinFlute"}],"event_choices":[],"is_beta":false,"boss_relics":[],"items_purged_floors":[],"is_endless":false,"potions_floor_spawned":[2,15],"killed_by":"downfall:Watcher","ascension_level":0}}