{"host":"grblgsn3zizbz04e","time":1608302369,"event":{"mods":["BaseMod","BetterRewards","Colored Map","Colored Powertips","Googly Eyes","Minty Spire (QoL Compilation)","Rare Cards Sparkle","Relic Stats","Shop Mod","StSLib"],"gold_per_floor":[129,185,219,219,283,384,384,443,466,518,518,518,279,293,293,389,389,426,28,28,43,78,78,93,93,116,116,143,25,25,25,25,130,130,143,143,93,161,179,212,212,212,212,212,24,34,34,63,63,63,63],"floor_reached":50,"playtime":2709,"items_purged":["Strike_B","Capacitor+1","Strike_B+1","Strike_B+1"],"score":980,"play_id":"98540ad4-addd-48e0-a271-bb13a15b1fa3","local_time":"20201218143929","is_ascension_mode":true,"campfire_choices":[{"floor":7.0,"key":"REST"},{"floor":12.0,"key":"REST"},{"data":"Echo Form","floor":15.0,"key":"SMITH"},{"floor":23.0,"key":"REST"},{"floor":25.0,"key":"REST"},{"floor":30.0,"key":"REST"},{"data":"Zap","floor":32.0,"key":"SMITH"},{"floor":41.0,"key":"RECALL"},{"floor":44.0,"key":"REST"},{"data":"Dualcast","floor":47.0,"key":"SMITH"},{"floor":49.0,"key":"REST"}],"circlet_count":0,"master_deck":["Defend_B+1","Defend_B+1","Defend_B+1","Defend_B+1","Zap+1","Dualcast+1","HandOfGreed+1","Doom and Gloom+1","Hologram+1","Coolheaded+1","Skim+1","Echo Form+1","Redo+1","Undo+1","Multi-Cast+1","Conserve Battery+1","Buffer+1","White Noise+1","Loop+1","Force Field+1","Amplify+1","Static Discharge+1","Loop+1","Biased Cognition+1","Creative AI+1"],"relics":["Cracked Core","Calipers","Toxic Egg 2","Whetstone","Pen Nib","Smiling Mask","Frozen Egg 2","Inserter","Mercury Hourglass","Omamori","Vajra","White Beast Statue","Nuclear Battery","Meat on the Bone","Ornamental Fan"],"acts_visited":["Exordium","TheCity","TheBeyond"],"potions_floor_usage":[50,50,50],"damage_taken":[{"damage":0.0,"enemies":"Jaw Worm","floor":1.0,"turns":3.0},{"damage":0.0,"enemies":"2 Louse","floor":2.0,"turns":6.0},{"damage":0.0,"enemies":"Cultist","floor":3.0,"turns":3.0},{"damage":10.0,"enemies":"Exordium Wildlife","floor":5.0,"turns":4.0},{"damage":16.0,"enemies":"3 Sentries","floor":6.0,"turns":8.0},{"damage":34.0,"enemies":"Gremlin Nob","floor":8.0,"turns":5.0},{"damage":0.0,"enemies":"Blue Slaver","floor":14.0,"turns":2.0},{"damage":12.0,"enemies":"The Guardian","floor":16.0,"turns":12.0},{"damage":25.0,"enemies":"Shell Parasite","floor":18.0,"turns":5.0},{"damage":12.0,"enemies":"3 Byrds","floor":21.0,"turns":5.0},{"damage":23.0,"enemies":"Centurion and Healer","floor":22.0,"turns":8.0},{"damage":6.0,"enemies":"Chosen and Byrds","floor":24.0,"turns":5.0},{"damage":18.0,"enemies":"Book of Stabbing","floor":28.0,"turns":4.0},{"damage":14.0,"enemies":"Collector","floor":33.0,"turns":17.0},{"damage":0.0,"enemies":"Orb Walker","floor":35.0,"turns":6.0},{"damage":0.0,"enemies":"3 Shapes","floor":38.0,"turns":4.0},{"damage":8.0,"enemies":"3 Darklings","floor":39.0,"turns":5.0},{"damage":0.0,"enemies":"Giant Head","floor":40.0,"turns":8.0},{"damage":12.0,"enemies":"Spire Growth","floor":46.0,"turns":5.0},{"damage":11.0,"enemies":"Nemesis","floor":48.0,"turns":5.0},{"damage":90,"enemies":"Donu and Deca","floor":50,"turns":6}],"seed_played":"-8532053897280460597","potions_obtained":[{"floor":8.0,"key":"EssenceOfSteel"},{"floor":14.0,"key":"SkillPotion"},{"floor":21.0,"key":"BlessingOfTheForge"},{"floor":28.0,"key":"SneckoOil"},{"floor":38.0,"key":"Strength Potion"},{"floor":39.0,"key":"EssenceOfDarkness"}],"is_trial":false,"path_per_floor":["M","M","M","?","M","E","R","E","T","?","T","R","$","M","R","B",null,"M","$","?","M","M","R","M","R","T","?","E","$","R","?","R","B",null,"M","?","$","M","M","E","R","?","T","R","$","M","R","E","R","B"],"character_chosen":"DEFECT","items_purchased":["HandOfGreed","Toxic Egg 2","Doom and Gloom","Capacitor+1","Redo+1","CultistPotion","Mercury Hourglass","Buffer+1","Force Field+1","Biased Cognition+1"],"campfire_rested":7,"item_purchase_floors":[0,0,0,13,13,13,19,19,29,45],"current_hp_per_floor":[60,60,60,60,50,34,56,22,22,22,22,44,44,44,44,32,64,39,39,39,27,4,26,20,42,42,42,24,24,46,46,46,32,64,64,64,64,64,56,56,56,56,56,75,75,63,63,52,74,0,0],"gold":63,"neow_bonus":"","is_daily":false,"chose_seed":false,"campfire_upgraded":3,"win_rate":0.0,"timestamp":1608302369,"path_taken":["M","M","M","?","M","E","R","E","T","?","?","R","$","M","R","BOSS","BOSS","M","?","?","M","M","R","M","R","T","?","E","$","R","?","R","BOSS","M","?","$","?","M","E","R","?","T","R","$","?","R","E","R","BOSS"],"items_purchased_type":["Card","Relic","Card","Card","Card","Potion","Relic","Card","Card","Card"],"build_version":"2020-12-13","purchased_purges":4,"victory":false,"max_hp_per_floor":[75,75,75,75,75,75,75,75,75,75,75,75,75,75,75,75,75,75,75,75,75,75,75,75,75,75,75,75,75,75,75,75,75,75,75,75,75,75,75,75,75,75,75,75,75,75,75,75,75,75,75],"relic_stats":{"Inserter":[39],"counters":[109,612],"Ornamental Fan":[0],"Pen Nib":[5],"Whetstone":["Strike_B","Cold Snap","Strike_B","Cold Snap","Strike_B","Doom and Gloom"],"Smiling Mask":250,"obtain_stats":[{"Ice Cream":19,"Calipers":25,"Gremlin Horn":52,"CeramicFish":24,"Vajra":31,"Ginger":46,"Whetstone":47,"Sling":31,"FrozenCore":0,"Blood Vial":30,"Centennial Puzzle":42,"Prayer Wheel":21,"MealTicket":40,"Fusion Hammer":34,"Toxic Egg 2":0,"MerchantsRug":53,"Blue Candle":54,"Oddly Smooth Stone":27,"Eternal Feather":9,"Pen Nib":46,"Letter Opener":14,"War Paint":44,"Akabeko":42,"Bottled Flame":26,"Bird Faced Urn":23,"Bronze Scales":26,"MutagenicStrength":22,"Pandora\u0027s Box":17,"Molten Egg 2":42,"Black Star":17,"StrikeDummy":40,"Unceasing Top":8,"Meat on the Bone":40,"Darkstone Periapt":27,"Regal Pillow":0,"Singing Bowl":26,"SacredBark":17,"Bag of Preparation":53,"Juzu Bracelet":44,"Ancient Tea Set":38,"Cursed Key":34,"Smiling Mask":9,"ClockworkSouvenir":0,"Frozen Eye":48,"SsserpentHead":13,"Emotion Chip":42,"Matryoshka":8,"Shovel":37,"Mummified Hand":9,"WingedGreaves":30,"Red Mask":20,"Cracked Core":0,"InkBottle":53,"Potion Belt":44,"Lee\u0027s Waffle":47,"Inserter":17,"Thread and Needle":0,"Omamori":26,"Orichalcum":40,"Frozen Egg 2":11,"MawBank":26,"White Beast Statue":9,"Mercury Hourglass":19,"Nuclear Battery":34,"Anchor":8,"DataDisk":48,"Busted Crown":34,"Ornamental Fan":48,"Turnip":39,"Bag of Marbles":6,"Art of War":54,"Membership Card":53,"FossilizedHelix":29,"Toy Ornithopter":54},{"Ice Cream":8,"Calipers":70,"Gremlin Horn":25,"CeramicFish":39,"Vajra":45,"Ginger":54,"Whetstone":55,"Sling":45,"FrozenCore":27,"Blood Vial":15,"Centennial Puzzle":51,"Prayer Wheel":38,"MealTicket":50,"Fusion Hammer":74,"Toxic Egg 2":88,"MerchantsRug":86,"Blue Candle":26,"Oddly Smooth Stone":41,"Eternal Feather":31,"Pen Nib":23,"Letter Opener":66,"War Paint":22,"Akabeko":81,"Bottled Flame":70,"Bird Faced Urn":11,"Bronze Scales":40,"MutagenicStrength":68,"Pandora\u0027s Box":7,"Molten Egg 2":51,"Black Star":35,"StrikeDummy":21,"Unceasing Top":63,"Meat on the Bone":106,"Darkstone Periapt":41,"Regal Pillow":0,"Singing Bowl":13,"SacredBark":67,"Bag of Preparation":25,"Juzu Bracelet":52,"Ancient Tea Set":20,"Cursed Key":46,"Smiling Mask":94,"ClockworkSouvenir":27,"Frozen Eye":55,"SsserpentHead":65,"Emotion Chip":22,"Matryoshka":3,"Shovel":20,"Mummified Hand":3,"WingedGreaves":45,"Red Mask":9,"Cracked Core":0,"InkBottle":86,"Potion Belt":52,"Lee\u0027s Waffle":23,"Inserter":96,"Thread and Needle":58,"Omamori":100,"Orichalcum":50,"Frozen Egg 2":94,"MawBank":13,"White Beast Statue":3,"Mercury Hourglass":97,"Nuclear Battery":102,"Anchor":31,"DataDisk":55,"Busted Crown":17,"Ornamental Fan":108,"Turnip":49,"Bag of Marbles":30,"Art of War":57,"Membership Card":86,"FossilizedHelix":44,"Toy Ornithopter":57},{"Ice Cream":28,"Calipers":406,"Gremlin Horn":94,"CeramicFish":192,"Vajra":230,"Ginger":306,"Whetstone":314,"Sling":230,"FrozenCore":103,"Blood Vial":52,"Centennial Puzzle":281,"Prayer Wheel":175,"MealTicket":271,"Fusion Hammer":427,"Toxic Egg 2":487,"MerchantsRug":481,"Blue Candle":97,"Oddly Smooth Stone":206,"Eternal Feather":125,"Pen Nib":84,"Letter Opener":382,"War Paint":81,"Akabeko":455,"Bottled Flame":406,"Bird Faced Urn":38,"Bronze Scales":199,"MutagenicStrength":397,"Pandora\u0027s Box":25,"Molten Egg 2":281,"Black Star":151,"StrikeDummy":79,"Unceasing Top":370,"Meat on the Bone":597,"Darkstone Periapt":206,"Regal Pillow":0,"Singing Bowl":45,"SacredBark":395,"Bag of Preparation":94,"Juzu Bracelet":288,"Ancient Tea Set":73,"Cursed Key":241,"Smiling Mask":516,"ClockworkSouvenir":103,"Frozen Eye":314,"SsserpentHead":377,"Emotion Chip":81,"Matryoshka":11,"Shovel":73,"Mummified Hand":11,"WingedGreaves":230,"Red Mask":31,"Cracked Core":0,"InkBottle":481,"Potion Belt":288,"Lee\u0027s Waffle":84,"Inserter":530,"Thread and Needle":343,"Omamori":553,"Orichalcum":271,"Frozen Egg 2":516,"MawBank":45,"White Beast Statue":11,"Mercury Hourglass":535,"Nuclear Battery":574,"Anchor":125,"DataDisk":314,"Busted Crown":63,"Ornamental Fan":606,"Turnip":263,"Bag of Marbles":118,"Art of War":331,"Membership Card":481,"FossilizedHelix":224,"Toy Ornithopter":331}],"Mercury Hourglass":[357],"Meat on the Bone":0},"card_choices":[{"not_picked":["Turbo+1","FTL"],"picked":"Hologram+1","floor":1.0},{"not_picked":["Gash","Cold Snap"],"picked":"Coolheaded+1","floor":2.0},{"not_picked":["Gash","Recycle+1"],"picked":"Skim+1","floor":3.0},{"not_picked":["Cold Snap","Turbo+1","Aggregate+1"],"picked":"SKIP","floor":5.0},{"not_picked":["Coolheaded+1","Chill+1"],"picked":"Echo Form","floor":6.0},{"not_picked":["Stack+1","Steam+1","Go for the Eyes"],"picked":"SKIP","floor":8.0},{"not_picked":["Barrage","Meteor Strike"],"picked":"Undo+1","floor":14.0},{"not_picked":["Core Surge","Thunder Strike"],"picked":"Multi-Cast+1","floor":16.0},{"not_picked":["White Noise+1","Ball Lightning"],"picked":"Conserve Battery+1","floor":18.0},{"not_picked":["Stack+1","Turbo+1"],"picked":"Loop+1","floor":21.0},{"not_picked":["Blizzard","Beam Cell","Steam Power+1"],"picked":"SKIP","floor":22.0},{"not_picked":["Turbo+1","Aggregate+1","Skim+1"],"picked":"SKIP","floor":24.0},{"not_picked":["Hello World+1","Barrage","Compile Driver"],"picked":"SKIP","floor":28.0},{"not_picked":["Meteor Strike","Seek+1"],"picked":"Amplify+1","floor":33.0},{"not_picked":["Barrage","Coolheaded+1","Chaos+1"],"picked":"SKIP","floor":35.0},{"not_picked":["Gash","Redo+1","Barrage+1"],"picked":"SKIP","floor":38.0},{"not_picked":["Conserve Battery+1","Rebound+1"],"picked":"Static Discharge+1","floor":39.0},{"not_picked":["Recycle+1","Aggregate+1","Reinforced Body+1"],"picked":"SKIP","floor":40.0},{"not_picked":["Glacier+1","Hologram+1","Doom and Gloom"],"picked":"SKIP","floor":46.0},{"not_picked":["Fusion+1","Rebound"],"picked":"Creative AI+1","floor":48.0}],"player_experience":728673,"relics_obtained":[{"floor":6.0,"key":"Whetstone"},{"floor":8.0,"key":"Pen Nib"},{"floor":9.0,"key":"Smiling Mask"},{"floor":11.0,"key":"Frozen Egg 2"},{"floor":26.0,"key":"Omamori"},{"floor":28.0,"key":"Vajra"},{"floor":40.0,"key":"Meat on the Bone"},{"floor":48.0,"key":"Ornamental Fan"}],"event_choices":[{"damage_healed":0.0,"max_hp_gain":0.0,"max_hp_loss":0.0,"gold_gain":0.0,"event_name":"Living Wall","player_choice":"Grow","floor":4.0,"gold_loss":0.0,"damage_taken":0.0,"cards_upgraded":["HandOfGreed"]},{"damage_healed":0.0,"max_hp_gain":0.0,"max_hp_loss":0.0,"gold_gain":52.0,"event_name":"Golden Wing","player_choice":"Gained Gold","floor":10.0,"gold_loss":0.0,"damage_taken":0.0},{"damage_healed":0.0,"max_hp_gain":0.0,"max_hp_loss":0.0,"gold_gain":0.0,"event_name":"The Library","player_choice":"Read","floor":20.0,"gold_loss":0.0,"damage_taken":0.0,"cards_obtained":["White Noise"]},{"damage_healed":0.0,"max_hp_gain":0.0,"max_hp_loss":0.0,"gold_gain":0.0,"event_name":"Back to Basics","player_choice":"Simplicity","floor":27.0,"gold_loss":0.0,"damage_taken":0.0,"cards_upgraded":["Strike_B","Strike_B","Defend_B","Defend_B","Defend_B","Defend_B"]},{"damage_healed":0.0,"max_hp_gain":0.0,"max_hp_loss":0.0,"gold_gain":0.0,"event_name":"Addict","player_choice":"Stole Relic","floor":31.0,"gold_loss":0.0,"damage_taken":0.0,"relics_obtained":["White Beast Statue"],"cards_obtained":["Shame"]},{"cards_removed":["Strike_B"],"damage_healed":0.0,"max_hp_gain":0.0,"max_hp_loss":0.0,"gold_gain":0.0,"event_name":"Bonfire Elementals","player_choice":"Offered Basic","floor":36.0,"gold_loss":0.0,"damage_taken":0.0},{"damage_healed":0.0,"max_hp_gain":0.0,"max_hp_loss":0.0,"gold_gain":0.0,"event_name":"Duplicator","player_choice":"Copied","floor":42.0,"gold_loss":0.0,"damage_taken":0.0,"cards_obtained":["Loop"]}],"is_beta":false,"boss_relics":[{"not_picked":["Philosopher\u0027s Stone","SlaversCollar"],"picked":"Inserter"},{"not_picked":["Tiny House","FrozenCore"],"picked":"Nuclear Battery"}],"items_purged_floors":[13,29,37,45],"is_endless":false,"potions_floor_spawned":[8,14,16,21,28,33,35,38,39,40,46,48],"killed_by":"Donu and Deca","ascension_level":7}}