{"host":"z9grmtg2w0nmz8n1","time":1608332475,"event":{"mods":["Aspiration","Bard","BaseMod","Beaked The Cultist","Better Altar","Better Match","Better Note","Better Sensory Stone","Better Skull","Better Third Choice","BetterRewards","CCEM","Colored Map","Conspire","Downfall","GifTheSpireLib","Googly Eyes","Halation","Hermit","Highlight Path","Hubris","Hunter ??","Jedi Mod","Jorbs\u0027s Wanderer Trilogy","Mad Scientist","Marisa????????","Minty Spire (QoL Compilation)","Permanent Neow","Replay The Spire","Spicy Shops","StSLib","Stuff the Spire","The Bug Knight"],"gold_per_floor":[109,4,21,36,50,85,85,95,144,144,170,182,216,43,43,43,43],"floor_reached":16,"playtime":1154,"items_purged":["hermit:Strike_Hermit"],"score":147,"play_id":"a97f9ba8-e9ca-45e2-8847-718caac86e80","local_time":"20201218210115","is_ascension_mode":false,"campfire_choices":[{"floor":15,"key":"RECALL"}],"circlet_count":0,"master_deck":["hermit:Defend_Hermit","hermit:Defend_Hermit","hermit:Defend_Hermit","hermit:Defend_Hermit","hermit:Snapshot","hermit:Covet","hermit:Ricochet","hermit:Dive","hermit:ItchyTrigger","hermit:TrackingShot","hubris:DuctTapeCard","hermit:TrackingShot","hermit:ItchyTrigger","hermit:Dive","hermit:TakeAim"],"relics":["hermit:Momento","NeowsBlessing","StuffTheSpire:HeavyRock","Gambling Chip","Du-Vu Doll","hubris:DuctTape","CCEMRelics:GrindingGear"],"acts_visited":["Exordium"],"potions_floor_usage":[11,11,16,16],"damage_taken":[{"damage":0,"enemies":"Jaw Worm","floor":1,"turns":1},{"damage":0,"enemies":"Cultist","floor":3,"turns":1},{"damage":0,"enemies":"2 Louse","floor":4,"turns":1},{"damage":13,"enemies":"Large Slime","floor":5,"turns":7},{"damage":11,"enemies":"Replay:BlueRogue","floor":6,"turns":6},{"damage":0,"enemies":"Looter","floor":8,"turns":2},{"damage":0,"enemies":"Gremlin Nob","floor":11,"turns":4},{"damage":2,"enemies":"Lots of Slimes","floor":12,"turns":4},{"damage":27,"enemies":"HollowMod:MossKnight","floor":13,"turns":11},{"damage":15,"enemies":"The Guardian","floor":16,"turns":12}],"seed_played":"4252035392174033468","potions_obtained":[{"floor":3,"key":"Block Potion"},{"floor":4,"key":"Adrenaline Potion"},{"floor":8,"key":"LifebloodPotion"},{"floor":12,"key":"FearPotion"},{"floor":13,"key":"Weak Potion"}],"is_trial":false,"path_per_floor":["M","?","M","M","M","E","?","M","T","T","E","M","E","$","R","B"],"character_chosen":"HERMIT","items_purchased":["hermit:TakeAim"],"campfire_rested":0,"item_purchase_floors":[14],"current_hp_per_floor":[75,75,75,75,62,51,44,44,44,44,44,42,15,15,15,0,0],"gold":43,"neow_bonus":"THREE_ENEMY_KILL","is_daily":false,"chose_seed":false,"campfire_upgraded":0,"win_rate":0.0,"timestamp":1608332475,"path_taken":["M","?","M","?","M","E","?","M","T","?","E","M","E","$","R","BOSS"],"items_purchased_type":["Card"],"build_version":"2020-12-13","purchased_purges":1,"victory":false,"max_hp_per_floor":[75,75,75,75,75,75,75,75,75,75,75,75,75,75,75,75,75],"card_choices":[{"not_picked":["hermit:Glare","hermit:Desperado"],"picked":"hermit:Ricochet","floor":1},{"not_picked":["hermit:HighCaliber","hermit:Feint"],"picked":"hermit:Dive","floor":3},{"not_picked":["hermit:HighCaliber","hermit:Gestalt","hermit:Cheat"],"picked":"SKIP","floor":4},{"not_picked":["hermit:WideOpen","hermit:Misfire"],"picked":"hermit:ItchyTrigger","floor":5},{"not_picked":["hermit:FromBeyond","hermit:ItchyTrigger"],"picked":"hermit:TrackingShot","floor":6},{"not_picked":["hermit:HoleUp","hermit:Horror","hermit:WideOpen"],"picked":"SKIP","floor":8},{"not_picked":["hermit:Spite","hermit:Purgatory"],"picked":"hermit:TrackingShot","floor":11},{"not_picked":["hermit:BodyArmor","hermit:NoHoldsBarred"],"picked":"hermit:ItchyTrigger","floor":12},{"not_picked":["hermit:CalledShot","hermit:Coalescence"],"picked":"hermit:Dive","floor":13}],"player_experience":593694,"relics_obtained":[{"floor":6,"key":"Gambling Chip"},{"floor":10,"key":"Du-Vu Doll"},{"floor":11,"key":"hubris:DuctTape"},{"floor":13,"key":"CCEMRelics:GrindingGear"}],"event_choices":[{"damage_healed":0,"gold_gain":0,"player_choice":"Paid Gold","damage_taken":0,"relics_obtained":["StuffTheSpire:HeavyRock"],"max_hp_gain":0,"max_hp_loss":0,"event_name":"WeMeetAgain","floor":2,"gold_loss":105},{"cards_removed":["hermit:Strike_Hermit"],"damage_healed":0,"gold_gain":0,"player_choice":"Card Removal","damage_taken":7,"max_hp_gain":0,"max_hp_loss":0,"event_name":"Golden Wing","floor":7,"gold_loss":0}],"is_beta":false,"boss_relics":[],"items_purged_floors":[14],"is_endless":false,"potions_floor_spawned":[3,4,8,12,13],"killed_by":"The Guardian","ascension_level":0}}