{"host":"373g0ui1bgeshz9m","time":1608304758,"event":{"mods":["Act Like it!","Aspiration","BaseMod","Beaked The Cultist","Better Third Choice","Colored Map","Conspire","Downfall","Halation","Hermit","Hubris","Infinite Spire","Jorbs\u0027s Wanderer Trilogy","Minty Spire (QoL Compilation)","Pale of the Ancients","Permanent Neow","Quick Restart","Replay The Spire","Shade Mod","Shop Mod","Spikes Relics","StSLib","The Animator","The Bladedancer","The Bug Knight","The Construct","The Cursed","The Factory","The Florist","The Judge","The Jungle","The Necromancer","The Sage","The Wild Card","Trackpad","vexMod"],"gold_per_floor":[99,113,113,128,303,228,228,263,263,291,311,411,146,163,181,181,181],"floor_reached":16,"playtime":891,"items_purged":[],"score":110,"play_id":"8891faf3-8265-4b79-8824-8483ab630e3c","local_time":"20201218101918","is_ascension_mode":false,"campfire_choices":[{"floor":1,"key":"DIG"},{"floor":3,"key":"RECALL"},{"data":"Doubt","floor":6,"key":"SMITH"}],"circlet_count":0,"master_deck":["Slimebound:Strike_Slimebound","Slimebound:Strike_Slimebound","Slimebound:Strike_Slimebound+1","Slimebound:Tackle","Slimebound:Defend_Slimebound","Slimebound:Defend_Slimebound","Slimebound:Defend_Slimebound","Slimebound:Defend_Slimebound","Slimebound:Split","Slimebound:CorrosiveSpit","Slimebound:GoopSpray+1","Slimebound:RollThrough","Slimebound:Schlurp","Slimebound:TongueLash","Slimebound:Grow","Slimebound:SamplingLick","Slimebound:AcidTongue","Sadistic Nature","Slimebound:WasteNot"],"relics":["Slimebound:AbsorbEndCombat","halation:PrussianBluePaint","downfall:HeartBlessingRed","aspiration:Lifesprig","Toy Ornithopter"],"acts_visited":["Exordium"],"potions_floor_usage":[8,10,16],"damage_taken":[{"damage":4,"enemies":"Small Slimes","floor":2,"turns":3},{"damage":9,"enemies":"Cultist","floor":4,"turns":4},{"damage":33,"enemies":"Gremlin Nob","floor":8,"turns":4},{"damage":25,"enemies":"Lagavulin","floor":10,"turns":6},{"damage":10,"enemies":"Jaw Worm","floor":11,"turns":3},{"damage":5,"enemies":"downfall:FleeingMerchant","floor":13,"turns":4},{"damage":16,"enemies":"Gremlin Gang","floor":14,"turns":5},{"damage":11,"enemies":"Blue Slaver","floor":15,"turns":2},{"damage":60,"enemies":"downfall:Defect","floor":16,"turns":6}],"seed_played":"-5796905057378315283","potions_obtained":[{"floor":4,"key":"Block Potion"},{"floor":8,"key":"Adrenaline Potion"},{"floor":10,"key":"EssenceOfSteel"},{"floor":11,"key":"Strength Potion"}],"is_trial":false,"path_per_floor":["R_BF","M","R","M","?","R","T","E","?","E","M","?","$","M","M","B"],"character_chosen":"SLIMEBOUND","items_purchased":["Sadistic Nature","Slimebound:WasteNot"],"campfire_rested":0,"item_purchase_floors":[13,13],"current_hp_per_floor":[60,60,60,60,60,60,60,43,43,42,44,44,47,55,52,13,13],"gold":181,"neow_bonus":"THREE_CARDS","is_daily":false,"chose_seed":false,"campfire_upgraded":1,"win_rate":0.0,"timestamp":1608304758,"path_taken":["R_BF","M","R","M","?","R","T","E","?","E","?","?","$","?","M","BOSS"],"items_purchased_type":["Card","Card"],"build_version":"2020-12-13","purchased_purges":0,"victory":false,"max_hp_per_floor":[60,60,60,60,60,60,60,60,60,60,60,60,60,60,60,60,60],"card_choices":[{"not_picked":["Slimebound:SplitLeeching","Slimebound:RollThrough"],"picked":"Slimebound:GoopSpray","floor":0},{"not_picked":["Slimebound:ProtectTheBoss","Slimebound:FinishingTackle"],"picked":"Slimebound:RollThrough","floor":2},{"not_picked":["Slimebound:SplitBruiser","Slimebound:PressTheAttack"],"picked":"Slimebound:Schlurp","floor":4},{"not_picked":["Slimebound:SplitAcid","Slimebound:ForwardTackle"],"picked":"Slimebound:TongueLash","floor":8},{"not_picked":["Slimebound:ForwardTackle","Slimebound:SpikyOuterGoop"],"picked":"Slimebound:Grow","floor":10},{"not_picked":["Slimebound:Schlurp","Slimebound:PressTheAttack"],"picked":"Slimebound:SamplingLick","floor":11},{"not_picked":["Slimebound:BestDefense","Slimebound:Dissolve"],"picked":"Slimebound:AcidTongue","floor":13},{"not_picked":["Slimebound:ProtectTheBoss","Slimebound:SamplingLick","Slimebound:ComboTackle"],"picked":"SKIP","floor":14},{"not_picked":["Slimebound:ComboTackle","Slimebound:PressTheAttack","Slimebound:SlimeSlap"],"picked":"SKIP","floor":15}],"player_experience":87948,"relics_obtained":[{"floor":1,"key":"halation:PrussianBluePaint"},{"floor":8,"key":"aspiration:Lifesprig"},{"floor":10,"key":"Toy Ornithopter"}],"event_choices":[{"damage_healed":0,"gold_gain":0,"player_choice":"Upgraded","damage_taken":0,"max_hp_gain":0,"max_hp_loss":0,"event_name":"Upgrade Shrine","floor":9,"gold_loss":0,"cards_upgraded":["Slimebound:GoopSpray"]}],"is_beta":false,"boss_relics":[],"items_purged_floors":[],"is_endless":false,"potions_floor_spawned":[4,8,10,11],"killed_by":"downfall:Defect","ascension_level":0}}