{"host":"6ve8qn5s1am4lo6s","time":1608333996,"event":{"mods":["AchievementEnabler","BaseMod","BetterRewards","Downfall","Friendly Minions","GifTheSpireLib","Minty Spire (QoL Compilation)","Permanent Neow","Relic Stats","StSLib"],"gold_per_floor":[99,118,118,43,143,143,167,199,212,62,88,101,11,25,35,140,140,140,90,90,190,190,205,253,267,279,279,295,295,305,291,309,409,409,409,409,426,426,437,450,473,473,502,502,515,136,66,66,86,86,86,86,86],"floor_reached":52,"playtime":7731,"items_purged":["Guardian:Defend_Guardian","Guardian:Defend_Guardian"],"score":682,"play_id":"2e61ddd1-21a2-4e06-bcde-42b828424e51","local_time":"20201218182636","is_ascension_mode":false,"campfire_choices":[{"floor":1,"key":"RECALL"},{"data":"Guardian:CurlUp","floor":4,"key":"SMITH"},{"floor":10,"key":"REST"},{"data":"Guardian:Orbwalk","floor":20,"key":"SMITH"},{"data":"Guardian:FastForward","floor":22,"key":"SMITH"},{"data":"Guardian:FastForward","floor":27,"key":"SMITH"},{"data":"Guardian:GemFinder","floor":35,"key":"SMITH"},{"data":"expansioncontent:Chronoboost","floor":38,"key":"SMITH"},{"data":"Guardian:Planning","floor":42,"key":"SMITH"},{"data":"Guardian:Planning","floor":44,"key":"SMITH"}],"circlet_count":0,"master_deck":["Guardian:Strike_Guardian","Guardian:CurlUp+1","Guardian:TwinSlam","Guardian:Harden","Guardian:Preprogram","Guardian:PrismaticBarrier+1","Guardian:PiercingHide","Guardian:FastForward+1","Guardian:Preprogram","Guardian:PiercingHide","Guardian:CrystalBeam+1","Guardian:Orbwalk+1","Guardian:FastForward+1","Guardian:Planning+1","Guardian:StasisStrike+1","Guardian:ShieldCharger","Guardian:Incinerate+1","Guardian:TimeCapacitor+1","Guardian:Planning+1","Guardian:GemFinder+1","expansioncontent:Chronoboost+1","Guardian:Incinerate+1","Guardian:AncientConstruct","Guardian:Reroute+1","Guardian:Incinerate+1","Guardian:CrystalBeam+1","Guardian:Gem_Red","Guardian:WalkerClaw+1","Guardian:TimeSifter","Guardian:Gem_Yellow","Guardian:BronzeOrb+1","Guardian:PolyBeam+1"],"relics":["Guardian:ModeShifter","Guardian:PickAxe","downfall:HeartBlessingRed","Molten Egg 2","downfall:HeartBlessingBlue","downfall:HeartBlessingGreen","Odd Mushroom","Philosopher\u0027s Stone","Gambling Chip","Sundial","Regal Pillow","Sozu","Ancient Tea Set","Nunchaku","Medical Kit"],"acts_visited":["Exordium","TheCity","TheBeyond","TheEnding"],"potions_floor_usage":[14],"damage_taken":[{"damage":0,"enemies":"Small Slimes","floor":2,"turns":4},{"damage":10,"enemies":"downfall:Heads","floor":5,"turns":6},{"damage":40,"enemies":"Gremlin Nob","floor":8,"turns":5},{"damage":3,"enemies":"2 Louse","floor":9,"turns":4},{"damage":2,"enemies":"The Mushroom Lair","floor":11,"turns":4},{"damage":0,"enemies":"Jaw Worm","floor":12,"turns":2},{"damage":0,"enemies":"downfall:FleeingMerchant","floor":13,"turns":4},{"damage":0,"enemies":"3 Louse","floor":14,"turns":2},{"damage":0,"enemies":"Exordium Thugs","floor":15,"turns":3},{"damage":3,"enemies":"downfall:Ironclad","floor":16,"turns":8},{"damage":0,"enemies":"downfall:FleeingMerchant","floor":19,"turns":4},{"damage":6,"enemies":"Colosseum Nobs","floor":21,"turns":4},{"damage":0,"enemies":"Shell Parasite","floor":23,"turns":3},{"damage":0,"enemies":"Chosen","floor":25,"turns":2},{"damage":1,"enemies":"3 Cultists","floor":26,"turns":4},{"damage":0,"enemies":"Sentry and Sphere","floor":28,"turns":4},{"damage":9,"enemies":"Centurion and Healer","floor":30,"turns":3},{"damage":0,"enemies":"downfall:FleeingMerchant","floor":31,"turns":4},{"damage":8,"enemies":"Snake Plant","floor":32,"turns":2},{"damage":7,"enemies":"downfall:Silent","floor":33,"turns":5},{"damage":1,"enemies":"Orb Walker","floor":37,"turns":3},{"damage":0,"enemies":"3 Shapes","floor":39,"turns":3},{"damage":23,"enemies":"Transient","floor":40,"turns":5},{"damage":18,"enemies":"Reptomancer","floor":43,"turns":5},{"damage":3,"enemies":"Maw","floor":45,"turns":5},{"damage":0,"enemies":"Jaw Worm Horde","floor":49,"turns":3},{"damage":19,"enemies":"downfall:Watcher","floor":50,"turns":6},{"damage":108,"enemies":"downfall:CharBossMerchant","floor":52,"turns":8}],"seed_played":"-8645487953462345992","potions_obtained":[{"floor":8,"key":"Energy Potion"},{"floor":11,"key":"FearPotion"},{"floor":12,"key":"LiquidMemories"},{"floor":14,"key":"Fruit Juice"},{"floor":16,"key":"Dexterity Potion"},{"floor":32,"key":"champ:CounterPotion"}],"is_trial":false,"path_per_floor":["R","M","?","R","?","R","T","E","M","R","?","M","$","M","M","B",null,"R","$","R","?","R","M","T","M","M","R","M","?","M","$","M","B",null,"R","?","M","R","M","M","T","R","E","R","M","$","$","?","M","B",null,"E"],"character_chosen":"GUARDIAN","items_purchased":["Guardian:Gem_Purple","Guardian:GemFinder","expansioncontent:Chronoboost","Guardian:TimeSifter","Guardian:Gem_Yellow","Medical Kit","Guardian:BronzeOrb+1"],"campfire_rested":1,"item_purchase_floors":[19,31,31,46,46,46,47],"current_hp_per_floor":[80,80,62,62,52,52,52,12,9,46,44,44,44,49,49,46,95,95,95,95,89,89,89,89,89,88,88,88,88,79,79,71,64,95,95,95,94,94,94,71,71,71,53,53,50,50,50,50,50,31,95,0,0],"gold":86,"neow_bonus":"TRANSFORM_CARD","is_daily":false,"chose_seed":false,"campfire_upgraded":8,"win_rate":0.0,"timestamp":1608333996,"path_taken":["R","M","?","R","?","R","T","E","M","R","?","M","$","M","M","BOSS","R","$","R","?","R","M","T","M","M","R","M","?","?","$","M","BOSS","R","?","M","R","M","M","T","R","E","R","?","$","$","?","M","BOSS","E"],"items_purchased_type":["Card","Card","Card","Card","Card","Relic","Card"],"build_version":"2020-12-13","purchased_purges":2,"victory":false,"max_hp_per_floor":[80,80,80,80,80,80,80,80,80,90,90,90,90,95,95,95,95,95,95,95,95,95,95,95,95,95,95,95,95,95,95,95,95,95,95,95,95,95,95,95,95,95,95,95,95,95,95,95,95,95,95,95,95],"relic_stats":{"Sozu":1,"Regal Pillow":0,"Nunchaku":[7],"counters":[28,115],"Sundial":[6],"Gambling Chip":[22],"Medical Kit":[0],"obtain_stats":[{"Regal Pillow":24,"downfall:HeartBlessingRed":4,"Guardian:ModeShifter":0,"downfall:HeartBlessingGreen":10,"Odd Mushroom":11,"Ancient Tea Set":41,"Medical Kit":46,"Guardian:PickAxe":3,"Sozu":34,"Nunchaku":43,"downfall:HeartBlessingBlue":10,"Sundial":21,"Gambling Chip":21,"Molten Egg 2":8,"Philosopher\u0027s Stone":17},{"Regal Pillow":13,"downfall:HeartBlessingRed":1,"Guardian:ModeShifter":0,"downfall:HeartBlessingGreen":4,"Odd Mushroom":5,"Ancient Tea Set":23,"Medical Kit":25,"Guardian:PickAxe":1,"Sozu":20,"Nunchaku":24,"downfall:HeartBlessingBlue":4,"Sundial":12,"Gambling Chip":12,"Molten Egg 2":3,"Philosopher\u0027s Stone":10},{"Regal Pillow":53,"downfall:HeartBlessingRed":4,"Guardian:ModeShifter":0,"downfall:HeartBlessingGreen":19,"Odd Mushroom":23,"Ancient Tea Set":88,"Medical Kit":98,"Guardian:PickAxe":4,"Sozu":77,"Nunchaku":93,"downfall:HeartBlessingBlue":19,"Sundial":50,"Gambling Chip":50,"Molten Egg 2":15,"Philosopher\u0027s Stone":42}]},"card_choices":[{"not_picked":["Guardian:Gem_Lightblue","Guardian:Planning"],"picked":"Guardian:Preprogram","floor":2},{"not_picked":["Guardian:DecasProtection","Guardian:Gem_Fragmented"],"picked":"Guardian:PrismaticBarrier","floor":5},{"not_picked":["Guardian:CrystalBeam+1","Guardian:BronzeOrb+1"],"picked":"Guardian:FastForward","floor":8},{"not_picked":["Guardian:Reroute+1","Guardian:Gem_Cyan"],"picked":"Guardian:Preprogram","floor":9},{"not_picked":["Guardian:MultiBeam+1","Guardian:DecasProtection"],"picked":"Guardian:Gem_Fragmented","floor":11},{"not_picked":["Guardian:ShieldCharger","Guardian:DecasProtection"],"picked":"Guardian:Gem_Cyan","floor":12},{"not_picked":["Guardian:Planning","Guardian:Repulse"],"picked":"Guardian:PiercingHide","floor":13},{"not_picked":["Guardian:PrimingBeam+1","Guardian:Incinerate+1"],"picked":"Guardian:CrystalBeam+1","floor":14},{"not_picked":["Guardian:Incinerate+1","Guardian:GuardianWhirl+1"],"picked":"Guardian:Orbwalk","floor":15},{"not_picked":["Guardian:HyperBeam_Guardian+1","Guardian:GemFire+1"],"picked":"Guardian:FastForward","floor":16},{"not_picked":["Guardian:ChargeCore+1","Guardian:PiercingHide"],"picked":"Guardian:Gem_Red","floor":19},{"not_picked":["Guardian:CrystalBeam+1","Guardian:Gem_Cyan"],"picked":"Guardian:Planning","floor":21},{"not_picked":["Guardian:BronzeOrb+1","Guardian:PrimingBeam+1"],"picked":"Guardian:StasisStrike+1","floor":23},{"not_picked":["Guardian:VentSteam","Guardian:MultiBeam+1"],"picked":"Guardian:Gem_Lightblue","floor":25},{"not_picked":["Guardian:Clone","Guardian:Gem_Lightblue"],"picked":"Guardian:ShieldCharger","floor":26},{"not_picked":["Guardian:TemporalShield+1","Guardian:ShieldCharger"],"picked":"Guardian:Incinerate+1","floor":28},{"not_picked":["Guardian:ChargeCore+1","Guardian:Planning"],"picked":"Guardian:TimeCapacitor+1","floor":30},{"not_picked":["Guardian:ChargeUp","Guardian:Suspension"],"picked":"Guardian:Planning","floor":31},{"not_picked":["Guardian:FloatingOrbs","Guardian:MultiBeam+1"],"picked":"Guardian:Incinerate+1","floor":32},{"not_picked":["Guardian:Gem_Red","Guardian:Gem_Cyan"],"picked":"Guardian:Gem_Lightblue","floor":33},{"not_picked":["Guardian:Gem_Orange","Guardian:StasisField"],"picked":"Guardian:AncientConstruct","floor":33},{"not_picked":["Guardian:Gem_Lightblue","Guardian:Gem_Green"],"picked":"Guardian:Gem_Cyan","floor":37},{"not_picked":["Guardian:Gem_Blue","Guardian:RollAttack+1"],"picked":"Guardian:Reroute+1","floor":37},{"not_picked":["Guardian:Gem_Green","Guardian:Gem_Cyan"],"picked":"Guardian:Gem_Red","floor":39},{"not_picked":["Guardian:Preprogram","Guardian:Gem_Lightblue"],"picked":"Guardian:Gem_Red","floor":39},{"not_picked":["Guardian:Gem_Lightblue","Guardian:Gem_Red"],"picked":"Guardian:Gem_Cyan","floor":40},{"not_picked":["Guardian:Suspension","Guardian:Planning"],"picked":"Guardian:Incinerate+1","floor":40},{"not_picked":["Guardian:Gem_Lightblue","Guardian:Gem_Red"],"picked":"Guardian:Gem_Cyan","floor":43},{"not_picked":["Guardian:Gem_Crimson","Guardian:ChargeCore+1"],"picked":"Guardian:CrystalBeam+1","floor":43},{"not_picked":["Guardian:Gem_Cyan","Guardian:Gem_Lightblue"],"picked":"Guardian:Gem_Red","floor":45},{"not_picked":["Guardian:ChargeCore+1","Guardian:Planning"],"picked":"Guardian:WalkerClaw+1","floor":45},{"not_picked":["Guardian:Gem_Blue","Guardian:EvasiveProtocol+1"],"picked":"Guardian:PolyBeam+1","floor":49}],"player_experience":294214,"relics_obtained":[{"floor":8,"key":"Molten Egg 2"},{"floor":11,"key":"Odd Mushroom"},{"floor":21,"key":"Gambling Chip"},{"floor":21,"key":"Sundial"},{"floor":24,"key":"Regal Pillow"},{"floor":41,"key":"Ancient Tea Set"},{"floor":43,"key":"Nunchaku"}],"event_choices":[{"damage_healed":0,"gold_gain":0,"player_choice":"Fought Mushrooms","damage_taken":0,"max_hp_gain":0,"max_hp_loss":0,"event_name":"Mushrooms","floor":11,"gold_loss":0},{"cards_removed":["Guardian:Strike_Guardian"],"damage_healed":0,"gold_gain":0,"player_choice":"Offered Basic","damage_taken":0,"max_hp_gain":0,"max_hp_loss":0,"event_name":"Bonfire Elementals","floor":29,"gold_loss":0},{"cards_removed":["Guardian:Defend_Guardian"],"damage_healed":0,"gold_gain":0,"player_choice":"Purged","damage_taken":0,"max_hp_gain":0,"max_hp_loss":0,"event_name":"Purifier","floor":36,"gold_loss":0}],"is_beta":false,"boss_relics":[{"not_picked":["Astrolabe","Runic Pyramid"],"picked":"Philosopher\u0027s Stone"},{"not_picked":["Guardian:ModeShifterPlus","Cursed Key"],"picked":"Sozu"}],"items_purged_floors":[13,31],"is_endless":false,"potions_floor_spawned":[8,11,12,14,15,16,21,23,30,32,33,39,45,49],"killed_by":"downfall:CharBossMerchant","ascension_level":0}}