{"host":"no0bdlpxzp7bzzks","time":1608252933,"event":{"mods":["BaseMod","Better Match","Block Reminder","Colored Map","Curses Come First","DeckTracker","Downfall","Duelist Mod","Filter the Spire","Highlight Path","Jedi Mod","Jorbs\u0027s Wanderer Trilogy","Key Reminder","Minty Spire (QoL Compilation)","Permanent Neow","Relic Sorter","Relic Stats","Replay The Spire","StSLib","The Construct"],"gold_per_floor":[109,109,121,139,314,314,314,314,314,330,341,385,402,437,437,437,437],"floor_reached":16,"playtime":2380,"items_purged":[],"score":112,"play_id":"49d03749-8ca9-42ee-9ad1-bdfb788c44cc","local_time":"20201217185533","is_ascension_mode":false,"campfire_choices":[{"data":"stsjorbsmod:FindFamiliar","floor":6,"key":"SMITH"},{"data":"stsjorbsmod:EyeOfTheStorm","floor":8,"key":"SMITH"},{"floor":15,"key":"REST"}],"circlet_count":0,"master_deck":["stsjorbsmod:ForbiddenGrimoire+1","stsjorbsmod:Strike_Wanderer","stsjorbsmod:Strike_Wanderer","stsjorbsmod:Strike_Wanderer","stsjorbsmod:Strike_Wanderer","stsjorbsmod:Defend_Wanderer","stsjorbsmod:Defend_Wanderer","stsjorbsmod:FreshAdventure","stsjorbsmod:EyeOfTheStorm+1","stsjorbsmod:FranticSearch","Iron Wave","stsjorbsmod:FracturedMind","stsjorbsmod:FindFamiliar+1","stsjorbsmod:BookOfTongues","stsjorbsmod:WanderingMind","stsjorbsmod:RefuseToForget","stsjorbsmod:Feast"],"relics":["stsjorbsmod:GrimoireRelic","Gambling Chip","Simple Rune","construct:BoolHorns","keyreminder:keyreminder"],"acts_visited":["Exordium"],"potions_floor_usage":[13,16],"damage_taken":[{"damage":7,"enemies":"Cultist","floor":1,"turns":4},{"damage":1,"enemies":"Jaw Worm","floor":3,"turns":7},{"damage":3,"enemies":"Small Slimes","floor":4,"turns":5},{"damage":0,"enemies":"Exordium Thugs","floor":10,"turns":4},{"damage":2,"enemies":"Blue Slaver","floor":11,"turns":5},{"damage":13,"enemies":"Lagavulin","floor":12,"turns":7},{"damage":38,"enemies":"Exordium Wildlife","floor":13,"turns":7},{"damage":21,"enemies":"Gremlin Nob","floor":14,"turns":5},{"damage":33,"enemies":"Fading Forest","floor":16,"turns":7}],"seed_played":"7829943139808649500","potions_obtained":[{"floor":1,"key":"sneckomod:MuddlingPotion"},{"floor":3,"key":"hexamod:EctoCoolerPotion"},{"floor":12,"key":"construct:ShiftPotion"},{"floor":14,"key":"SpeedPotion"}],"is_trial":false,"path_per_floor":["M","?","M","M","?","R","?","R","T","M","M","E","M","E","R","B"],"character_chosen":"WANDERER","items_purchased":[],"campfire_rested":1,"item_purchase_floors":[],"current_hp_per_floor":[65,65,69,68,68,68,68,68,68,70,70,65,27,8,29,0,0],"gold":437,"neow_bonus":"RANDOM_EVENT","is_daily":false,"chose_seed":false,"campfire_upgraded":2,"win_rate":0.0,"timestamp":1608252933,"path_taken":["M","?","M","?","?","R","?","R","T","?","M","E","M","E","R","BOSS"],"items_purchased_type":[],"build_version":"2020-12-13","purchased_purges":0,"victory":false,"max_hp_per_floor":[70,70,70,70,70,70,70,70,70,70,70,72,72,72,72,72,72],"relic_stats":{"counters":[9,51],"Gambling Chip":[20],"obtain_stats":[{"construct:BoolHorns":14,"keyreminder:keyreminder":14,"Gambling Chip":9,"stsjorbsmod:GrimoireRelic":0,"Simple Rune":12},{"construct:BoolHorns":8,"keyreminder:keyreminder":8,"Gambling Chip":3,"stsjorbsmod:GrimoireRelic":0,"Simple Rune":6},{"construct:BoolHorns":44,"keyreminder:keyreminder":44,"Gambling Chip":16,"stsjorbsmod:GrimoireRelic":0,"Simple Rune":32}]},"card_choices":[{"not_picked":["stsjorbsmod:Patron","stsjorbsmod:Firebolt"],"picked":"stsjorbsmod:FranticSearch","floor":1},{"not_picked":["stsjorbsmod:Prestidigitation","stsjorbsmod:FaerieFire"],"picked":"stsjorbsmod:FracturedMind","floor":3},{"not_picked":["stsjorbsmod:RayOfFrost","stsjorbsmod:FlameWard"],"picked":"stsjorbsmod:FindFamiliar","floor":4},{"not_picked":["stsjorbsmod:Hibernate","stsjorbsmod:Hurt"],"picked":"stsjorbsmod:BookOfTongues","floor":10},{"not_picked":["stsjorbsmod:Firebolt","stsjorbsmod:ArcaneWeapon"],"picked":"stsjorbsmod:WanderingMind","floor":11},{"not_picked":["stsjorbsmod:ChainLightning","stsjorbsmod:FindFamiliar"],"picked":"stsjorbsmod:RefuseToForget","floor":12},{"not_picked":["stsjorbsmod:DisguiseSelf","stsjorbsmod:TollTheDead","stsjorbsmod:RayOfFrost"],"picked":"SKIP","floor":13},{"not_picked":["stsjorbsmod:BookOfTongues","stsjorbsmod:DoubleCheck"],"picked":"stsjorbsmod:Feast","floor":14}],"player_experience":132314,"relics_obtained":[{"floor":9,"key":"Gambling Chip"},{"floor":12,"key":"Simple Rune"},{"floor":14,"key":"construct:BoolHorns"}],"event_choices":[{"cards_removed":["stsjorbsmod:Defend_Wanderer"],"damage_healed":0,"gold_gain":0,"player_choice":"Forget","damage_taken":0,"max_hp_gain":0,"max_hp_loss":0,"event_name":"Living Wall","floor":0,"gold_loss":0},{"cards_removed":["stsjorbsmod:Defend_Wanderer"],"damage_healed":0,"gold_gain":0,"player_choice":"Took Card","damage_taken":0,"max_hp_gain":0,"max_hp_loss":0,"event_name":"NoteForYourself","floor":2,"gold_loss":0,"cards_obtained":["Iron Wave"]},{"damage_healed":0,"gold_gain":175,"player_choice":"AGREE","damage_taken":0,"max_hp_gain":0,"max_hp_loss":0,"event_name":"Liars Game","floor":5,"gold_loss":0,"cards_obtained":["Doubt"]},{"cards_removed":["Doubt"],"damage_healed":0,"gold_gain":0,"player_choice":"Removed Curses","damage_taken":0,"max_hp_gain":0,"max_hp_loss":0,"event_name":"Fountain of Cleansing","floor":7,"gold_loss":0}],"is_beta":false,"boss_relics":[],"items_purged_floors":[],"is_endless":false,"potions_floor_spawned":[1,3,12,14],"killed_by":"Fading Forest","ascension_level":0}}