{"host":"xvyva5f9howyleoa","time":1608330876,"event":{"mods":["BaseMod","BetterRewards","Colored Map","GifTheSpireLib","Infinite Spire","Minty Spire (QoL Compilation)","Quick Restart","Say the Spire","Shop Mod","StSLib","SuperFastMode","The Cursed","The Servant 0.9.4","[IsaacMod]ÒÔÈö¼âËþ"],"gold_per_floor":[144,444,489,534,579,100,100,145,170,215,260,305,380,425,425,725,725,770,11,100,166,241,262,262],"floor_reached":23,"playtime":1774,"items_purged":["JustLucky","CutThroughFate"],"score":266,"play_id":"7511f1e0-e5a1-44a8-9c40-92681dfff5a3","local_time":"20201219063436","daily_mods":["Draft","Colorless Cards","Midas"],"is_ascension_mode":false,"campfire_choices":[{"floor":7.0,"key":"REST"},{"floor":15.0,"key":"REST"}],"circlet_count":0,"master_deck":["EpicFetus","Blind","Prostrate","InnerPeace","Prostrate","ClearTheMind","Prostrate","Weave","ForeignInfluence","Conclude","ClearTheMind","Prostrate","Wireheading","ReachHeaven","PathToVictory","Crescendo","Discovery","Meditate","EmptyBody","EmptyFist","PathToVictory","Devotion","Prostrate","Vault","DevaForm","Evaluate+1","PathToVictory","LikeWater","Mind Blast","Protect+1","Bandage Up"],"relics":["PureWater","HushsDoor","PillsDrop","Habit","HowToJump","BookOfRevelations","MagicMushroom","GuppysTail","CeramicFish","SalivaCoin","BFFS"],"acts_visited":["Exordium","TheCity"],"potions_floor_usage":[21,23],"damage_taken":[{"damage":0.0,"enemies":"Small Slimes","floor":1.0,"turns":3.0},{"damage":0.0,"enemies":"Cultist","floor":3.0,"turns":3.0},{"damage":5.0,"enemies":"2 Louse","floor":4.0,"turns":2.0},{"damage":10.0,"enemies":"Blue Slaver","floor":5.0,"turns":3.0},{"damage":11.0,"enemies":"Exordium Thugs","floor":8.0,"turns":4.0},{"damage":0.0,"enemies":"Large Slime","floor":10.0,"turns":4.0},{"damage":12.0,"enemies":"Blue Slaver","floor":11.0,"turns":3.0},{"damage":0.0,"enemies":"Gremlin Gang","floor":12.0,"turns":1.0},{"damage":6.0,"enemies":"Red Slaver","floor":14.0,"turns":2.0},{"damage":30.0,"enemies":"The Guardian","floor":16.0,"turns":4.0},{"damage":16,"enemies":"2 Thieves","floor":18,"turns":2},{"damage":10,"enemies":"3 Byrds","floor":20,"turns":4},{"damage":20,"enemies":"Snake Plant","floor":21,"turns":5},{"damage":11,"enemies":"Centurion and Healer","floor":22,"turns":6},{"damage":17,"enemies":"Nightmare","floor":23,"turns":6}],"seed_played":"4511563792049188764","potions_obtained":[{"floor":1.0,"key":"FearPotion"},{"floor":4.0,"key":"SpeedPotion"},{"floor":5.0,"key":"Swift Potion"},{"floor":22,"key":"AttackPotion"}],"is_trial":false,"path_per_floor":["M","?","M","M","M","$","R","M","T","M","M","M","?","M","R","B",null,"M","$","M","M","M","NM"],"character_chosen":"WATCHER","items_purchased":["EmptyBody","EmptyFist","Habit","HowToJump","DevaForm","GuppysTail","PathToVictory","CeramicFish","SalivaCoin","BFFS","LikeWater","ColorlessPotion","Mind Blast"],"campfire_rested":2,"item_purchase_floors":[6,6,6,6,17,17,19,19,19,19,19,19,19],"current_hp_per_floor":[72,72,72,67,57,57,67,56,56,56,44,44,33,27,47,20,63,47,47,38,19,9,0,0],"gold":262,"neow_bonus":"","is_daily":true,"chose_seed":false,"campfire_upgraded":0,"win_rate":0.0,"timestamp":1608330876,"path_taken":["M","?","M","M","?","$","R","M","T","M","M","M","?","M","R","BOSS","M","$","M","M","M","NM"],"items_purchased_type":["Card","Card","Relic","Relic","Card","Relic","Card","Relic","Relic","Relic","Card","Potion","Card"],"build_version":"2020-12-13","purchased_purges":2,"victory":false,"max_hp_per_floor":[72,72,72,72,67,67,67,67,67,67,67,67,67,67,67,70,63,63,63,63,63,63,60,60],"card_choices":[{"not_picked":[],"picked":"EpicFetus","floor":0.0},{"not_picked":["Mind Blast","ThirdEye"],"picked":"Blind","floor":0.0},{"not_picked":["FollowUp","ForeignInfluence"],"picked":"Prostrate","floor":0.0},{"not_picked":["BowlingBash","EmptyBody"],"picked":"InnerPeace","floor":0.0},{"not_picked":["Swivel","ThirdEye"],"picked":"Prostrate","floor":0.0},{"not_picked":["EmptyFist","ThirdEye"],"picked":"ClearTheMind","floor":0.0},{"not_picked":["CutThroughFate","SashWhip"],"picked":"Prostrate","floor":0.0},{"not_picked":["Consecrate","Conclude"],"picked":"JustLucky","floor":0.0},{"not_picked":["EmptyBody","Consecrate"],"picked":"Weave","floor":0.0},{"not_picked":["ReachHeaven","FearNoEvil"],"picked":"ForeignInfluence","floor":0.0},{"not_picked":["SashWhip","Blind"],"picked":"Conclude","floor":0.0},{"not_picked":["Forethought","EmptyFist"],"picked":"ClearTheMind","floor":0.0},{"not_picked":["FlyingSleeves","ThirdEye"],"picked":"CutThroughFate","floor":0.0},{"not_picked":["Swivel","Protect"],"picked":"Prostrate","floor":0.0},{"not_picked":["Consecrate","Halt"],"picked":"Wireheading","floor":0.0},{"not_picked":["Evaluate","Wireheading"],"picked":"ReachHeaven","floor":0.0},{"not_picked":["ClearTheMind","ThirdEye"],"picked":"PathToVictory","floor":1.0},{"not_picked":["FlurryOfBlows","Weave"],"picked":"Crescendo","floor":3.0},{"not_picked":["Impatience","CutThroughFate"],"picked":"Discovery","floor":4.0},{"not_picked":["ReachHeaven","Crescendo"],"picked":"Meditate","floor":5.0},{"not_picked":["Bomb","CutThroughFate"],"picked":"PathToVictory","floor":8.0},{"not_picked":["BowlingBash","FlurryOfBlows"],"picked":"Bomb","floor":10.0},{"not_picked":["SashWhip","Crescendo"],"picked":"Bomb","floor":11.0},{"not_picked":["WheelKick","Pray"],"picked":"Devotion","floor":12.0},{"not_picked":["CutThroughFate","Protect"],"picked":"Prostrate","floor":14.0},{"not_picked":["Panache","Violence"],"picked":"Vault","floor":16.0},{"not_picked":["WaveOfTheHand","FollowUp"],"picked":"Evaluate+1","floor":18},{"not_picked":["Adaptation","ClearTheMind"],"picked":"Protect+1","floor":20},{"not_picked":["FearNoEvil","CarveReality","PanicButton"],"picked":"SKIP","floor":21},{"not_picked":["Halt+1","ThirdEye"],"picked":"Bandage Up","floor":22}],"player_experience":2856,"relics_obtained":[{"floor":9.0,"key":"BookOfRevelations"}],"event_choices":[{"damage_healed":0.0,"max_hp_gain":0.0,"max_hp_loss":0.0,"gold_gain":75.0,"event_name":"World of Goop","player_choice":"Gather Gold","floor":13.0,"gold_loss":0.0,"damage_taken":11.0}],"is_beta":false,"boss_relics":[{"not_picked":["infinitespire:Cupcake","SlaversCollar"],"picked":"MagicMushroom"},{"not_picked":[]}],"items_purged_floors":[6,19],"is_endless":true,"potions_floor_spawned":[1,4,5,14,22],"killed_by":"Nightmare","ascension_level":0}}