{"host":"a7kkotolxcg5vljr","time":1608321590,"event":{"mods":["2.2 Compatiblity","AchievementEnabler","Act Like it!","BaseMod","Better Altar","Better Skull","Better Third Choice","Colored Map","Colored Powertips","Downfall","Hermit","Highlight Path","Marisa????????","Minty Spire (QoL Compilation)","Quick Restart","Rare Cards Sparkle","Replay The Spire","Spicy Shops","StSLib","The Cursed","The Disciple","The Servant 0.9.4"],"gold_per_floor":[16,16,28,28,40,40,69,69,118,118,293,46,46,57,57,153,153,169,19,19,19,19,50,69,96,121,121,171,171,171,171,171,271,271,288,386,41,41,61,61,106,106,106,138,199,0,0,26,26,26,26,26,1,48,48],"floor_reached":56,"playtime":3033,"items_purged":["Doubt","Writhe"],"score":1430,"play_id":"bc4e6661-99ab-4bd0-8bc3-831b5c24625f","local_time":"20201218145950","is_ascension_mode":false,"campfire_choices":[{"data":"Aggregate","floor":6,"key":"SMITH"},{"floor":10,"key":"RECALL"},{"floor":15,"key":"REST"},{"floor":32,"key":"REST"},{"data":"sneckomod:SerpentIdol","floor":40,"key":"SMITH"},{"data":"hermit:Reprieve","floor":42,"key":"SMITH"},{"data":"Genetic Algorithm","floor":47,"key":"SMITH"},{"data":"Stack","floor":49,"key":"SMITH"},{"data":"ReplayTheSpireMod:Faulty Equipment","floor":52,"key":"SMITH"}],"circlet_count":0,"master_deck":["Strike_B","Strike_B","Strike_B","Strike_B","Defend_B","Defend_B","Defend_B","Defend_B","Zap+1","Dualcast+1","ReplayTheSpireMod:Brewmster+1","Aggregate+1","Compile Driver","Chaos","Genetic Algorithm+1","Doubt","Rip and Tear","Ball Lightning","ReplayTheSpireMod:Brewmster+1","Compile Driver","Biased Cognition","Ball Lightning","Necronomicurse","Languid","Prepared+1","BottledTime+1","hermit:Reprieve+1","sneckomod:UnknownCommonAttack+1","Parasite","sneckomod:SerpentIdol+1","Stack+1","Guardian:Planning","expansioncontent:GoopSpray","Delirium","WitchOfGreed","Regret","Replay:SS_fish_1+1","JustLucky+1","Guardian:Aged","Static Discharge","Static Discharge"],"relics":["Cracked Core","Gremlin Horn","DollysMirror","expansioncontent:StudyCardRelic","PrismaticShard","Necronomicon","ReplayTheSpireMod:Ring of Addiction","SacredBark","Toy Ornithopter","Tiny Chest","Blue Doll","HornCleat","MealTicket","ReplayTheSpireMod:CursedCoin","Symbiotic Virus","Solar Panel","Bloody Idol","Blood Vial","Cursed Key","Membership Card","War Paint","Ancient Tea Set","Blue Candle","PreservedInsect","Replay:Rubber Ducky","Incense Burner","Red Mask","Blood Vial","Pet Ghost"],"acts_visited":["Exordium","TheCity","TheBeyond","TheEnding"],"potions_floor_usage":[1,1,3,3,5,5,7,7,7,7,7,7,7,8,16,16,16,16,16,16,16,16,16,16,16,23,23,23,23,23,24,24,25,25,25,25,33,33,33,33,33,33,33,33,33,33,33,35,39,41,41,41,41,44,44,44,44,44,44,44,44,44,44,44,44,44,45,45,50,50,50,50,50,50,50,50,50,50,50,55,55,55,55,55,55,55],"damage_taken":[{"damage":11,"enemies":"Jaw Worm","floor":1,"turns":5},{"damage":4,"enemies":"2 Louse","floor":3,"turns":3},{"damage":6,"enemies":"Small Slimes","floor":5,"turns":3},{"damage":16,"enemies":"3 Sentries","floor":7,"turns":8},{"damage":0,"enemies":"2 Fungi Beasts","floor":8,"turns":1},{"damage":4,"enemies":"Exordium Wildlife","floor":14,"turns":2},{"damage":25,"enemies":"The Guardian","floor":16,"turns":7},{"damage":5,"enemies":"Chosen","floor":18,"turns":3},{"damage":28,"enemies":"Book of Stabbing","floor":23,"turns":3},{"damage":10,"enemies":"Spheric Guardian","floor":24,"turns":3},{"damage":26,"enemies":"Gremlin Leader","floor":25,"turns":5},{"damage":18,"enemies":"Pondfish","floor":33,"turns":6},{"damage":0,"enemies":"Orb Walker","floor":35,"turns":2},{"damage":11,"enemies":"3 Darklings","floor":39,"turns":3},{"damage":1,"enemies":"Reptomancer","floor":41,"turns":6},{"damage":12,"enemies":"Transient","floor":44,"turns":5},{"damage":16,"enemies":"2 Orb Walkers","floor":45,"turns":4},{"damage":34,"enemies":"Replay:Hell Engine","floor":50,"turns":6},{"damage":45,"enemies":"Shield and Spear","floor":54,"turns":6},{"damage":57,"enemies":"The Heart","floor":55,"turns":7}],"seed_played":"-7931721753864836537","potions_obtained":[{"floor":1,"key":"FocusPotion"},{"floor":3,"key":"Regen Potion"},{"floor":7,"key":"Death Potion"},{"floor":21,"key":"sneckomod:MuddlingPotion"},{"floor":21,"key":"champ:CounterPotion"},{"floor":21,"key":"Fire Potion"},{"floor":33,"key":"AttackPotion"},{"floor":41,"key":"SkillPotion"},{"floor":44,"key":"AttackPotion"},{"floor":45,"key":"Weak Potion"},{"floor":45,"key":"LiquidBronze"},{"floor":54,"key":"FearPotion"}],"is_trial":false,"path_per_floor":["M","?","M","$","M","R","E","M","T","R","?","$","?","M","R","B",null,"M","$","?","?","?","E","M","E","T","?","$","T","T","?","R","B",null,"M","?","$","T","M","R","E","R","T","M","?","?","R","T","R","B",null,"R","$","E","B",null],"character_chosen":"DEFECT","items_purchased":["Rip and Tear","Ball Lightning","DollysMirror","PrismaticShard","ReplayTheSpireMod:CursedCoin","Membership Card","War Paint","Ancient Tea Set","expansioncontent:GoopSpray","Static Discharge"],"campfire_rested":2,"item_purchase_floors":[12,12,12,19,28,37,37,37,37,53],"current_hp_per_floor":[64,64,60,60,63,63,47,47,47,47,47,47,47,43,65,40,75,70,70,54,54,54,51,51,45,45,45,60,60,60,4,25,71,71,71,71,71,71,69,69,69,69,69,69,68,68,68,69,67,55,67,67,67,31,39],"gold":48,"neow_bonus":"RANDOM_COLORLESS_2","is_daily":false,"chose_seed":false,"campfire_upgraded":6,"win_rate":0.0,"timestamp":1608321590,"path_taken":["M","?","M","$","M","R","E","M","T","R","?","$","?","?","R","BOSS","M","$","?","?","?","E","?","E","T","?","?","?","?","?","R","BOSS","M","?","$","?","?","R","E","R","T","M","?","?","R","?","R","BOSS","R","$","E","BOSS"],"items_purchased_type":["Card","Card","Relic","Relic","Relic","Relic","Relic","Relic","Card","Card"],"build_version":"2020-12-13","purchased_purges":2,"victory":true,"max_hp_per_floor":[75,75,75,75,75,75,75,75,75,75,75,75,75,75,75,75,75,75,75,75,75,75,75,75,75,75,75,75,73,73,73,71,71,71,71,71,71,71,69,69,69,69,69,69,69,69,69,69,67,67,67,67,67,65,65],"card_choices":[{"not_picked":["expansioncontent:Corrupt","Transmutation"],"picked":"ReplayTheSpireMod:Brewmster","floor":0},{"not_picked":["Defragment","Redo"],"picked":"Aggregate","floor":1},{"not_picked":["Stack","Barrage"],"picked":"Compile Driver","floor":3},{"not_picked":["Gash","Go for the Eyes"],"picked":"Chaos","floor":5},{"not_picked":["BasicCrystalCard","Barrage"],"picked":"Genetic Algorithm","floor":7},{"not_picked":["Coolheaded","Redo"],"picked":"Compile Driver","floor":14},{"not_picked":["Seek","Meteor Strike"],"picked":"Biased Cognition","floor":16},{"not_picked":["Reprogram","Capacitor"],"picked":"Ball Lightning","floor":18},{"not_picked":["sneckomod:DiceCrush","Ricochet","hexamod:AdvancingGuard"],"picked":"SKIP","floor":23},{"not_picked":["expansioncontent:Torchfire","champ:EnGarde"],"picked":"Prepared+1","floor":24},{"not_picked":["Deadly Poison","ReplayTheSpireMod:The Works"],"picked":"BottledTime","floor":25},{"not_picked":["Devotion","hermit:OverwhelmingPower"],"picked":"hermit:Reprieve","floor":33},{"not_picked":["Fasting2","hexamod:SkipABeat+1"],"picked":"sneckomod:UnknownCommonAttack+1","floor":35},{"not_picked":["Beam Cell","DragonMeteor"],"picked":"sneckomod:SerpentIdol","floor":36},{"not_picked":["Dramatic Entrance+1","hexamod:BurningTouch"],"picked":"Stack","floor":36},{"not_picked":["Consecrate+1","Dodge and Roll+1"],"picked":"Guardian:Planning","floor":36},{"not_picked":["Wallop+1","hermit:CalledShot"],"picked":"WitchOfGreed","floor":39},{"not_picked":["Moonlight","sneckomod:IronFang","ReplayTheSpireMod:System Scan"],"picked":"SKIP","floor":41},{"not_picked":["sneckomod:SoulDraw","TheCursedMod:PrepareRite"],"picked":"Replay:SS_fish_1+1","floor":44},{"not_picked":["FlurryOfBlows","Replay:SS_fish_2"],"picked":"JustLucky+1","floor":45},{"not_picked":["TheCursedMod:SmokeScreen","Guardian:Gem_Yellow","GasGiant+1"],"picked":"SKIP","floor":54}],"player_experience":356944,"relics_obtained":[{"floor":7,"key":"Gremlin Horn"},{"floor":20,"key":"Necronomicon"},{"floor":21,"key":"ReplayTheSpireMod:Ring of Addiction"},{"floor":21,"key":"SacredBark"},{"floor":21,"key":"Toy Ornithopter"},{"floor":23,"key":"Blue Doll"},{"floor":25,"key":"HornCleat"},{"floor":26,"key":"MealTicket"},{"floor":29,"key":"Symbiotic Virus"},{"floor":30,"key":"Solar Panel"},{"floor":38,"key":"Blue Candle"},{"floor":41,"key":"PreservedInsect"},{"floor":43,"key":"Replay:Rubber Ducky"},{"floor":45,"key":"Incense Burner"},{"floor":48,"key":"Blood Vial"},{"floor":54,"key":"Pet Ghost"}],"event_choices":[{"damage_healed":0,"gold_gain":0,"player_choice":"Grow","damage_taken":0,"max_hp_gain":0,"max_hp_loss":0,"event_name":"Living Wall","floor":2,"gold_loss":0,"cards_upgraded":["ReplayTheSpireMod:Brewmster"]},{"damage_healed":0,"gold_gain":175,"player_choice":"AGREE","damage_taken":118,"max_hp_gain":0,"max_hp_loss":0,"event_name":"betterThird:BetterSerpent","floor":11,"gold_loss":0},{"damage_healed":0,"gold_gain":0,"player_choice":"Forge","damage_taken":0,"max_hp_gain":0,"max_hp_loss":0,"event_name":"Accursed Blacksmith","floor":13,"gold_loss":0,"cards_upgraded":["Zap"]},{"damage_healed":0,"gold_gain":0,"player_choice":"Obtained Book","damage_taken":16,"max_hp_gain":0,"max_hp_loss":0,"event_name":"Cursed Tome","floor":20,"gold_loss":0},{"damage_healed":0,"gold_gain":0,"player_choice":"Opened","damage_taken":0,"relics_obtained":["Tiny Chest"],"max_hp_gain":0,"max_hp_loss":0,"event_name":"The Mausoleum","floor":22,"gold_loss":0,"cards_obtained":["Writhe"]},{"damage_healed":0,"gold_gain":0,"player_choice":"Ignored","damage_taken":0,"max_hp_gain":0,"max_hp_loss":0,"event_name":"Ghosts","floor":27,"gold_loss":0},{"damage_healed":0,"gold_gain":0,"player_choice":" Idol Vial ","damage_taken":56,"relics_obtained":["Bloody Idol","Blood Vial"],"max_hp_gain":60,"max_hp_loss":4,"event_name":"betterAltar:BetterAltar","floor":31,"potions_obtained":[],"relics_lost":[],"gold_loss":0},{"damage_healed":0,"gold_gain":0,"player_choice":"Fight","damage_taken":0,"max_hp_gain":0,"max_hp_loss":0,"event_name":"Mysterious Sphere","floor":45,"gold_loss":0},{"damage_healed":0,"gold_gain":0,"player_choice":"Paid","damage_taken":0,"relics_obtained":["Red Mask"],"max_hp_gain":0,"max_hp_loss":0,"event_name":"Tomb of Lord Red Mask","floor":46,"gold_loss":199}],"is_beta":false,"boss_relics":[{"not_picked":["Abe\u0027s Treasure","ChewingGum"],"picked":"expansioncontent:StudyCardRelic"},{"not_picked":["Pandora\u0027s Box","ReplayTheSpireMod:DimensionalGlitch"],"picked":"Cursed Key"}],"items_purged_floors":[12,28],"is_endless":false,"potions_floor_spawned":[1,3,7,8,33,41,45,54],"ascension_level":0}}