{"host":"2461dio7vetlq1z3","time":1608329693,"event":{"mods":["2.2 Compatiblity","AchievementEnabler","BaseMod","Better Third Choice","Hermit","Minty Spire (QoL Compilation)","Relic Stats","Spicy Shops","StSLib","The Animator","Waifu the Spire"],"gold_per_floor":[117,117,127,140,140,172,172,192,219,244,18,9,9,33,33,116,116,138,53,68,68,68,68],"floor_reached":22,"playtime":747,"items_purged":["Strike_R"],"score":388,"play_id":"27c13794-43b7-448f-8658-f6d236a24e83","local_time":"20201218231453","is_ascension_mode":true,"campfire_choices":[{"floor":7,"key":"REST"},{"floor":15,"key":"REST"}],"circlet_count":0,"master_deck":["AscendersBane","Strike_R+1","Strike_R","Strike_R","Defend_R","Defend_R","Defend_R+1","Defend_R","Bash","Combust","Spot Weakness","Thunderclap","Sword Boomerang","Blood for Blood","Double Tap","Shrug It Off","Enlightenment","Heavy Blade","Barricade","Body Slam"],"relics":["Fusion Hammer","Ornamental Fan","Eternal Feather","Toy Ornithopter","Centennial Puzzle","CeramicFish","Sozu","Regal Pillow"],"acts_visited":["Exordium","TheCity"],"potions_floor_usage":[8,10,14,16],"damage_taken":[{"damage":1,"enemies":"Cultist","floor":1,"turns":3},{"damage":6,"enemies":"Jaw Worm","floor":3,"turns":3},{"damage":16,"enemies":"Small Slimes","floor":4,"turns":3},{"damage":34,"enemies":"3 Sentries","floor":6,"turns":5},{"damage":1,"enemies":"2 Fungi Beasts","floor":8,"turns":3},{"damage":23,"enemies":"Gremlin Nob","floor":10,"turns":4},{"damage":6,"enemies":"Looter","floor":14,"turns":3},{"damage":24,"enemies":"Slime Boss","floor":16,"turns":7},{"damage":8,"enemies":"3 Byrds","floor":18,"turns":4},{"damage":21,"enemies":"Shell Parasite","floor":20,"turns":3},{"damage":17,"enemies":"Snecko","floor":22,"turns":3}],"seed_played":"4550175969415751732","potions_obtained":[{"floor":1,"key":"FearPotion"},{"floor":6,"key":"BloodPotion"},{"floor":8,"key":"EssenceOfSteel"},{"floor":10,"key":"ColorlessPotion"},{"floor":14,"key":"Fire Potion"}],"is_trial":false,"path_per_floor":["M","T","M","M","?","E","R","M","T","E","$","?","?","M","R","B",null,"M","?","M","?","M"],"character_chosen":"IRONCLAD","items_purchased":["Shrug It Off","CeramicFish"],"campfire_rested":2,"item_purchase_floors":[11,11],"current_hp_per_floor":[67,67,61,45,45,11,39,53,53,35,35,41,17,16,49,30,68,60,60,39,16,0,0],"gold":68,"neow_bonus":"BOSS_RELIC","is_daily":false,"chose_seed":false,"campfire_upgraded":0,"win_rate":0.0,"timestamp":1608329693,"path_taken":["M","?","M","M","?","E","R","?","T","E","$","?","?","M","R","BOSS","M","?","M","?","M"],"items_purchased_type":["Card","Relic"],"build_version":"2020-12-13","purchased_purges":1,"victory":false,"max_hp_per_floor":[75,75,75,75,75,75,75,75,75,75,75,81,81,81,81,81,81,81,81,81,86,86,86],"relic_stats":{"Sozu":1,"Centennial Puzzle":[15],"Regal Pillow":0,"counters":[11,41],"Ornamental Fan":[40],"CeramicFish":36,"Eternal Feather":15,"obtain_stats":[{"Sozu":17,"Centennial Puzzle":10,"Regal Pillow":19,"Ornamental Fan":2,"CeramicFish":11,"Eternal Feather":6,"Fusion Hammer":0,"Burning Blood":0,"Toy Ornithopter":9},{"Sozu":8,"Centennial Puzzle":6,"Regal Pillow":9,"Ornamental Fan":1,"CeramicFish":6,"Eternal Feather":4,"Fusion Hammer":0,"Burning Blood":0,"Toy Ornithopter":5},{"Sozu":31,"Centennial Puzzle":21,"Regal Pillow":35,"Ornamental Fan":3,"CeramicFish":21,"Eternal Feather":14,"Fusion Hammer":0,"Burning Blood":0,"Toy Ornithopter":17}],"Toy Ornithopter":15},"card_choices":[{"not_picked":["Dual Wield","Cleave"],"picked":"Combust","floor":1},{"not_picked":["Uppercut","Clothesline"],"picked":"Spot Weakness","floor":3},{"not_picked":["Warcry","Headbutt"],"picked":"Thunderclap","floor":4},{"not_picked":["Thunderclap","Berserk"],"picked":"Sword Boomerang","floor":6},{"not_picked":["Inflame","Reckless Charge"],"picked":"Blood for Blood","floor":8},{"not_picked":["Clash","Intimidate"],"picked":"Double Tap","floor":10},{"not_picked":["Armaments","Body Slam"],"picked":"Heavy Blade","floor":14},{"not_picked":["Corruption","Demon Form"],"picked":"Barricade","floor":16},{"not_picked":["Clothesline","Flex"],"picked":"Body Slam","floor":18},{"not_picked":["Pommel Strike","Warcry","Havoc"],"picked":"SKIP","floor":20}],"player_experience":823036,"relics_obtained":[{"floor":2,"key":"Ornamental Fan"},{"floor":6,"key":"Eternal Feather"},{"floor":9,"key":"Toy Ornithopter"},{"floor":10,"key":"Centennial Puzzle"}],"event_choices":[{"cards_removed":["Strike_R"],"damage_healed":0,"gold_gain":0,"player_choice":"Card Removal","damage_taken":0,"max_hp_gain":0,"max_hp_loss":0,"event_name":"Wheel of Change","floor":5,"gold_loss":0},{"damage_healed":0,"gold_gain":0,"player_choice":"RENOUNCE","damage_taken":18,"max_hp_gain":0,"max_hp_loss":0,"event_name":"betterThird:BetterSerpent","floor":12,"gold_loss":18,"cards_obtained":["Enlightenment"]},{"damage_healed":41,"gold_gain":0,"player_choice":"Upgrade","damage_taken":24,"max_hp_gain":0,"max_hp_loss":81,"event_name":"betterThird:BetterShining","floor":13,"gold_loss":0,"cards_upgraded":["Strike_R","Defend_R"]},{"damage_healed":0,"gold_gain":0,"player_choice":"Obtained Relic","damage_taken":0,"relics_obtained":["Regal Pillow"],"max_hp_gain":0,"max_hp_loss":0,"event_name":"Addict","floor":19,"gold_loss":85},{"damage_healed":0,"gold_gain":0,"player_choice":"Shed Blood","damage_taken":28,"max_hp_gain":5,"max_hp_loss":0,"event_name":"Forgotten Altar","floor":21,"gold_loss":0}],"is_beta":false,"boss_relics":[{"not_picked":["Calling Bell","Cursed Key"],"picked":"Sozu"}],"items_purged_floors":[11],"is_endless":false,"potions_floor_spawned":[1,6,8,10,14,18],"killed_by":"Snecko","ascension_level":20}}