{"host":"36mulxq349byzoa2","time":1608306003,"event":{"mods":["AchievementEnabler","BaseMod","Better Match","Block Reminder","Colored Map","Colored Powertips","Minty Spire (QoL Compilation)","Rare Cards Sparkle","StSLib","SuperFastMode"],"gold_per_floor":[116,41,41,59,59,86,11,21,21,21,38,113,148,65,65,65,65],"floor_reached":16,"playtime":355,"items_purged":["Defend_R"],"score":133,"play_id":"9ff4cb08-ce03-471a-8d1c-0e8cb25a2d9d","local_time":"20201218104003","is_ascension_mode":false,"campfire_choices":[{"data":"Flash of Steel","floor":15.0,"key":"SMITH"}],"circlet_count":0,"master_deck":["Strike_R","Strike_R","Strike_R","Strike_R","Strike_R","Defend_R","Defend_R","Defend_R","Bash","Flash of Steel+1"],"relics":["Burning Blood","NeowsBlessing","Sundial","Self Forming Clay","Strawberry"],"acts_visited":["Exordium"],"potions_floor_usage":[16,16],"damage_taken":[{"damage":0.0,"enemies":"2 Louse","floor":1.0,"turns":1.0},{"damage":0.0,"enemies":"Cultist","floor":4.0,"turns":1.0},{"damage":0.0,"enemies":"Gremlin Nob","floor":6.0,"turns":1.0},{"damage":11.0,"enemies":"Jaw Worm","floor":8.0,"turns":3.0},{"damage":1.0,"enemies":"Exordium Thugs","floor":11.0,"turns":3.0},{"damage":35.0,"enemies":"3 Sentries","floor":13.0,"turns":12.0},{"damage":52,"enemies":"Hexaghost","floor":16,"turns":11}],"seed_played":"-9017713967454688291","potions_obtained":[{"floor":1.0,"key":"SneckoOil"},{"floor":6.0,"key":"SteroidPotion"},{"floor":11.0,"key":"ElixirPotion"}],"is_trial":false,"path_per_floor":["M","?","$","M","?","E","$","M","T","$","M","?","E","$","R","B"],"character_chosen":"IRONCLAD","items_purchased":["Flash of Steel"],"campfire_rested":0,"item_purchase_floors":[14],"current_hp_per_floor":[80,80,80,80,80,80,80,75,75,75,80,69,47,47,47,0,0],"gold":65,"neow_bonus":"THREE_ENEMY_KILL","is_daily":false,"chose_seed":false,"campfire_upgraded":1,"win_rate":0.0,"timestamp":1608306003,"path_taken":["M","?","$","M","?","E","$","M","T","?","?","?","E","$","R","BOSS"],"items_purchased_type":["Card"],"build_version":"2020-12-13","purchased_purges":1,"victory":false,"max_hp_per_floor":[80,80,80,80,80,80,80,80,80,80,80,80,87,87,87,87,87],"card_choices":[{"not_picked":["Battle Trance","Spot Weakness","Heavy Blade"],"picked":"SKIP","floor":1.0},{"not_picked":["Clothesline","Perfected Strike","Blood for Blood"],"picked":"SKIP","floor":4.0},{"not_picked":["Cleave","Infernal Blade","Shrug It Off"],"picked":"SKIP","floor":6.0},{"not_picked":["Shockwave","Disarm","Headbutt"],"picked":"SKIP","floor":8.0},{"not_picked":["Wild Strike","Rage","Reckless Charge"],"picked":"SKIP","floor":11.0},{"not_picked":["Berserk","Warcry","Cleave"],"picked":"SKIP","floor":13.0}],"player_experience":983287,"relics_obtained":[{"floor":6.0,"key":"Sundial"},{"floor":9.0,"key":"Self Forming Clay"},{"floor":13.0,"key":"Strawberry"}],"event_choices":[{"damage_healed":0.0,"max_hp_gain":0.0,"max_hp_loss":0.0,"gold_gain":0.0,"event_name":"betterMatch:BetterMatch","player_choice":"3","floor":2.0,"gold_loss":0.0,"damage_taken":0.0,"cards_obtained":[]},{"damage_healed":0.0,"max_hp_gain":0.0,"max_hp_loss":0.0,"gold_gain":0.0,"event_name":"Golden Idol","player_choice":"Ignored","floor":5.0,"gold_loss":0.0,"damage_taken":0.0},{"damage_healed":0.0,"max_hp_gain":0.0,"max_hp_loss":0.0,"gold_gain":75.0,"event_name":"World of Goop","player_choice":"Gather Gold","floor":12.0,"gold_loss":0.0,"damage_taken":11.0}],"is_beta":false,"boss_relics":[],"items_purged_floors":[7],"is_endless":false,"potions_floor_spawned":[1,6,11],"killed_by":"Hexaghost","ascension_level":0}}