{"host":"wg33yb1rgt3nbe17","time":1608259865,"event":{"mods":["AchievementEnabler","BaseMod","Colored Map","Minty Spire (QoL Compilation)","Permanent Neow","Relic Stats","StSLib"],"gold_per_floor":[119,119,143,143,153,153,188,188,188,188,200,211,31,50,50,146,146,161,173,173,173,173],"floor_reached":21,"playtime":687,"items_purged":[],"score":265,"play_id":"8f0577c4-b319-4035-89a6-002a1c93b693","local_time":"20201217215105","is_ascension_mode":true,"campfire_choices":[{"data":"Deadly Poison","floor":6,"key":"SMITH"},{"data":"Catalyst","floor":8,"key":"SMITH"},{"data":"Burst","floor":10,"key":"SMITH"},{"floor":15,"key":"REST"}],"circlet_count":0,"master_deck":["Survivor","Neutralize+1","Infinite Blades","All Out Attack","Catalyst+1","Expertise","Deadly Poison+1","Burst+1","Bouncing Flask","Burst+1","Backflip","Leg Sweep","Night Terror","Predator","Night Terror","Choke","Sucker Punch","Expertise","Footwork","Calculated Gamble","Leg Sweep+1","Escape Plan+1"],"relics":["Ring of the Snake","Strawberry","Ancient Tea Set","DollysMirror","Pandora\u0027s Box","Paper Crane"],"acts_visited":["Exordium","TheCity"],"potions_floor_usage":[7,16,16],"damage_taken":[{"damage":7,"enemies":"2 Louse","floor":1,"turns":2},{"damage":0,"enemies":"Jaw Worm","floor":5,"turns":5},{"damage":13,"enemies":"Gremlin Nob","floor":7,"turns":3},{"damage":0,"enemies":"Small Slimes","floor":11,"turns":2},{"damage":0,"enemies":"Blue Slaver","floor":12,"turns":1},{"damage":11,"enemies":"Red Slaver","floor":14,"turns":3},{"damage":11,"enemies":"Hexaghost","floor":16,"turns":4},{"damage":19,"enemies":"2 Thieves","floor":18,"turns":3},{"damage":22,"enemies":"3 Byrds","floor":19,"turns":6},{"damage":23,"enemies":"3 Cultists","floor":21,"turns":3}],"seed_played":"-6894332237465709295","potions_obtained":[{"floor":1,"key":"Poison Potion"},{"floor":5,"key":"SkillPotion"},{"floor":11,"key":"SkillPotion"},{"floor":16,"key":"FearPotion"}],"is_trial":false,"path_per_floor":["M","?","T","?","M","R","E","R","T","R","M","M","$","M","R","B",null,"M","M","?","M"],"character_chosen":"THE_SILENT","items_purchased":["DollysMirror","Backflip"],"campfire_rested":1,"item_purchase_floors":[13,13],"current_hp_per_floor":[56,56,63,49,49,49,36,36,36,36,36,36,36,25,46,35,61,42,20,20,0,0],"gold":173,"neow_bonus":"TRANSFORM_TWO_CARDS","is_daily":false,"chose_seed":false,"campfire_upgraded":3,"win_rate":0.0,"timestamp":1608259865,"path_taken":["M","?","?","?","M","R","E","R","T","R","?","M","?","M","R","BOSS","M","M","?","M"],"items_purchased_type":["Relic","Card"],"build_version":"2020-12-13","purchased_purges":0,"victory":false,"max_hp_per_floor":[63,63,70,70,70,70,70,70,70,70,70,70,70,70,70,70,70,70,70,70,70,70],"relic_stats":{"counters":[10,32],"Pandora\u0027s Box":["Predator","Night Terror","Choke","Sucker Punch","Expertise","Footwork","Calculated Gamble"],"obtain_stats":[{"DollysMirror":13,"Strawberry":3,"Pandora\u0027s Box":17,"Paper Crane":20,"Ancient Tea Set":7,"Ring of the Snake":0},{"DollysMirror":5,"Strawberry":1,"Pandora\u0027s Box":7,"Paper Crane":9,"Ancient Tea Set":3,"Ring of the Snake":0},{"DollysMirror":13,"Strawberry":2,"Pandora\u0027s Box":20,"Paper Crane":29,"Ancient Tea Set":10,"Ring of the Snake":0}],"Ring of the Snake":[20]},"card_choices":[{"not_picked":["Backstab","Bane"],"picked":"Catalyst","floor":1},{"not_picked":["Acrobatics","Escape Plan"],"picked":"Deadly Poison","floor":5},{"not_picked":["Poisoned Stab","Concentrate"],"picked":"Burst","floor":7},{"not_picked":["Blade Dance","Deadly Poison"],"picked":"Bouncing Flask","floor":11},{"not_picked":["Dagger Spray","Cloak And Dagger","Blade Dance"],"picked":"SKIP","floor":12},{"not_picked":["Deflect","Flechettes"],"picked":"Leg Sweep","floor":14},{"not_picked":["After Image","Die Die Die"],"picked":"Night Terror","floor":16},{"not_picked":["Outmaneuver","Eviscerate"],"picked":"Leg Sweep+1","floor":18},{"not_picked":["Poisoned Stab","Bouncing Flask"],"picked":"Escape Plan+1","floor":19}],"player_experience":513896,"relics_obtained":[{"floor":3,"key":"Strawberry"},{"floor":7,"key":"Ancient Tea Set"}],"event_choices":[{"damage_healed":0,"gold_gain":0,"cards_transformed":["Defend_G"],"player_choice":"Change","damage_taken":0,"max_hp_gain":0,"max_hp_loss":0,"event_name":"Living Wall","floor":2,"gold_loss":0,"cards_obtained":["Expertise"]},{"damage_healed":0,"gold_gain":0,"player_choice":"Entered Light","damage_taken":14,"max_hp_gain":0,"max_hp_loss":0,"event_name":"Shining Light","floor":4,"gold_loss":0,"cards_upgraded":["Neutralize","Defend_G"]},{"damage_healed":0,"gold_gain":0,"player_choice":"Opened","damage_taken":0,"relics_obtained":["Paper Crane"],"max_hp_gain":0,"max_hp_loss":0,"event_name":"The Mausoleum","floor":20,"gold_loss":0}],"is_beta":false,"boss_relics":[{"not_picked":["Cursed Key","Ring of the Serpent"],"picked":"Pandora\u0027s Box"}],"items_purged_floors":[],"is_endless":false,"potions_floor_spawned":[1,5,11,16],"killed_by":"3 Cultists","ascension_level":6}}