{"host":"Ian","time":1608306972,"event":{"mods":["BaseMod","Bestiary","Block Reminder","Colored Map","Highlight Path","Key Reminder","Minty Spire (QoL Compilation)","Relic Stats"],"gold_per_floor":[15,15,28,41,58,58,86,104,104,115,143,155,184,202,202,273,273,284,284,302,302,302,335,335,363,363,363,377,394,408,437,437,508,508,518,361,361,40,40,40,75,75,75,75,75,88,88,88],"floor_reached":47,"playtime":1955,"items_purged":[],"score":1095,"play_id":"8f81844f-c45e-41c2-9ea3-a7818f806ff1","local_time":"20201218155612","is_ascension_mode":true,"campfire_choices":[{"data":"Immolate","floor":6.0,"key":"SMITH"},{"data":"True Grit","floor":15.0,"key":"SMITH"},{"data":"Bash","floor":24.0,"key":"SMITH"},{"data":"Inflame","floor":27.0,"key":"SMITH"},{"data":"Corruption","floor":32.0,"key":"SMITH"},{"data":"Demon Form","floor":40.0,"key":"SMITH"},{"data":"Feel No Pain","floor":42.0,"key":"SMITH"}],"circlet_count":0,"master_deck":["AscendersBane","Defend_R+1","Defend_R+1","Defend_R+1","Defend_R+1","Bash+1","Immolate+1","Twin Strike","Shrug It Off","Disarm","Inflame+1","Pommel Strike","True Grit+1","Fire Breathing","Spot Weakness","Double Tap","Shockwave+1","Bite","Bite","Bite","Bite","Bite","Offering","Feel No Pain+1","Hemokinesis","Corruption+1","Demon Form+1","Shrug It Off","Chrysalis","Madness","Madness","Havoc+1","Thunderclap+1"],"relics":["Burning Blood","Paper Frog","Ginger","InkBottle","Magic Flower","Mark of Pain","Self Forming Clay","Bird Faced Urn","keyreminder:keyreminder","Sundial","Sozu","OrangePellets","Gambling Chip","Dream Catcher"],"acts_visited":["Exordium","TheCity","TheBeyond"],"potions_floor_usage":[],"damage_taken":[{"damage":1.0,"enemies":"Cultist","floor":1.0,"turns":3.0},{"damage":0.0,"enemies":"2 Louse","floor":3.0,"turns":1.0},{"damage":0.0,"enemies":"Small Slimes","floor":4.0,"turns":2.0},{"damage":7.0,"enemies":"Looter","floor":5.0,"turns":4.0},{"damage":28.0,"enemies":"Gremlin Nob","floor":7.0,"turns":4.0},{"damage":6.0,"enemies":"Large Slime","floor":8.0,"turns":5.0},{"damage":12.0,"enemies":"Blue Slaver","floor":10.0,"turns":4.0},{"damage":16.0,"enemies":"Lagavulin","floor":11.0,"turns":5.0},{"damage":5.0,"enemies":"Looter","floor":12.0,"turns":4.0},{"damage":15.0,"enemies":"3 Sentries","floor":13.0,"turns":3.0},{"damage":5.0,"enemies":"Lots of Slimes","floor":14.0,"turns":2.0},{"damage":40.0,"enemies":"Hexaghost","floor":16.0,"turns":12.0},{"damage":4.0,"enemies":"Chosen","floor":18.0,"turns":4.0},{"damage":1.0,"enemies":"3 Byrds","floor":20.0,"turns":3.0},{"damage":17.0,"enemies":"Gremlin Leader","floor":23.0,"turns":6.0},{"damage":20.0,"enemies":"Book of Stabbing","floor":25.0,"turns":5.0},{"damage":21.0,"enemies":"Sentry and Sphere","floor":28.0,"turns":5.0},{"damage":6.0,"enemies":"3 Cultists","floor":29.0,"turns":2.0},{"damage":16.0,"enemies":"Snecko","floor":30.0,"turns":4.0},{"damage":14.0,"enemies":"Slavers","floor":31.0,"turns":2.0},{"damage":24.0,"enemies":"Collector","floor":33.0,"turns":5.0},{"damage":10.0,"enemies":"3 Darklings","floor":35.0,"turns":3.0},{"damage":62.0,"enemies":"Nemesis","floor":41.0,"turns":9.0},{"damage":17.0,"enemies":"3 Shapes","floor":46.0,"turns":4.0},{"damage":76,"enemies":"Reptomancer","floor":47,"turns":2}],"seed_played":"1799049424620733254","potions_obtained":[{"floor":1.0,"key":"BlessingOfTheForge"},{"floor":8.0,"key":"Regen Potion"},{"floor":11.0,"key":"PowerPotion"},{"floor":12.0,"key":"LiquidMemories"},{"floor":14.0,"key":"BloodPotion"},{"floor":20.0,"key":"Block Potion"},{"floor":30.0,"key":"Strength Potion"}],"is_trial":false,"path_per_floor":["M","?","M","M","M","R","E","M","T","M","E","M","E","M","R","B",null,"M","?","M","?","?","E","R","E","T","R","M","M","M","E","R","B",null,"M","$","?","$","?","R","E","R","T","T","?","M","E"],"character_chosen":"IRONCLAD","items_purchased":["OrangePellets","Gambling Chip"],"campfire_rested":0,"item_purchase_floors":[36,38],"current_hp_per_floor":[73,73,75,75,74,74,52,52,52,46,36,37,28,32,32,25,63,68,68,75,52,52,52,52,52,52,52,52,52,52,52,52,52,52,51,51,41,41,32,32,18,18,18,18,18,39,0,0],"gold":88,"neow_bonus":"THREE_RARE_CARDS","is_daily":false,"chose_seed":false,"campfire_upgraded":7,"win_rate":0.0,"timestamp":1608306972,"path_taken":["M","?","M","M","M","R","E","M","T","M","E","M","E","M","R","BOSS","M","?","?","?","?","E","R","E","T","R","M","M","M","E","R","BOSS","M","$","?","$","?","R","E","R","T","?","?","M","E"],"items_purchased_type":["Relic","Relic"],"build_version":"2020-12-17","purchased_purges":0,"victory":false,"max_hp_per_floor":[75,75,75,75,75,75,75,75,75,75,75,75,75,75,75,75,75,75,75,75,52,52,52,52,52,52,52,52,52,52,52,52,52,52,52,52,52,52,52,52,52,52,52,52,52,52,52,52],"relic_stats":{"counters":[25,103],"Self Forming Clay":[84],"Magic Flower":[88],"Ginger":[15],"Burning Blood":152,"Sozu":1,"OrangePellets":[0],"Dream Catcher":0,"Sundial":[0],"Bird Faced Urn":[57],"Gambling Chip":[10],"obtain_stats":[{"Self Forming Clay":23,"Magic Flower":13,"Ginger":9,"Burning Blood":0,"keyreminder:keyreminder":26,"Sozu":34,"OrangePellets":36,"Dream Catcher":41,"Sundial":31,"Bird Faced Urn":25,"Gambling Chip":38,"Mark of Pain":17,"InkBottle":11,"Paper Frog":7},{"Self Forming Clay":15,"Magic Flower":10,"Ginger":6,"Burning Blood":0,"keyreminder:keyreminder":16,"Sozu":21,"OrangePellets":22,"Dream Catcher":23,"Sundial":20,"Bird Faced Urn":16,"Gambling Chip":22,"Mark of Pain":12,"InkBottle":8,"Paper Frog":5},{"Self Forming Clay":62,"Magic Flower":35,"Ginger":19,"Burning Blood":0,"keyreminder:keyreminder":67,"Sozu":85,"OrangePellets":88,"Dream Catcher":97,"Sundial":80,"Bird Faced Urn":67,"Gambling Chip":88,"Mark of Pain":49,"InkBottle":28,"Paper Frog":14}],"InkBottle":[24]},"card_choices":[{"not_picked":["Berserk","Juggernaut"],"picked":"Immolate","floor":0.0},{"not_picked":["Searing Blow","Shrug It Off"],"picked":"Twin Strike","floor":1.0},{"not_picked":["Heavy Blade","Sword Boomerang"],"picked":"Shrug It Off","floor":3.0},{"not_picked":["Clothesline","Burning Pact"],"picked":"Disarm","floor":4.0},{"not_picked":["Rupture","Shockwave"],"picked":"Inflame","floor":5.0},{"not_picked":["Searing Blow","Perfected Strike","Havoc"],"picked":"SKIP","floor":7.0},{"not_picked":["Wild Strike","Clothesline"],"picked":"Pommel Strike","floor":8.0},{"not_picked":["Body Slam","Dropkick"],"picked":"True Grit","floor":10.0},{"not_picked":["Dark Embrace","Wild Strike","Havoc"],"picked":"SKIP","floor":11.0},{"not_picked":["Twin Strike","Headbutt"],"picked":"Fire Breathing","floor":12.0},{"not_picked":["Twin Strike","Clothesline"],"picked":"Spot Weakness","floor":13.0},{"not_picked":["True Grit","Searing Blow","Twin Strike"],"picked":"SKIP","floor":14.0},{"not_picked":["Corruption","Barricade"],"picked":"Double Tap","floor":16.0},{"not_picked":["True Grit","Body Slam","Wild Strike"],"picked":"SKIP","floor":18.0},{"not_picked":["Rampage","Wild Strike"],"picked":"Shockwave+1","floor":20.0},{"not_picked":["Anger","Sever Soul","Sentinel"],"picked":"SKIP","floor":23.0},{"not_picked":["True Grit","Sword Boomerang"],"picked":"Offering","floor":25.0},{"not_picked":["Flex","Pommel Strike"],"picked":"Feel No Pain","floor":28.0},{"not_picked":["Cleave","Clothesline+1","Whirlwind"],"picked":"SKIP","floor":29.0},{"not_picked":["Cleave","Rampage+1"],"picked":"Hemokinesis","floor":30.0},{"not_picked":["Headbutt","Havoc"],"picked":"Corruption","floor":31.0},{"not_picked":["Offering","Fiend Fire"],"picked":"Demon Form","floor":33.0},{"not_picked":["Second Wind","Thunderclap"],"picked":"Shrug It Off","floor":35.0},{"not_picked":["Panache","Purity"],"picked":"Chrysalis","floor":37.0},{"not_picked":["Blood for Blood+1","Twin Strike"],"picked":"Havoc+1","floor":41.0},{"not_picked":["Headbutt","Perfected Strike+1"],"picked":"Thunderclap+1","floor":46.0}],"player_experience":2547356,"relics_obtained":[{"floor":7.0,"key":"Paper Frog"},{"floor":9.0,"key":"Ginger"},{"floor":11.0,"key":"InkBottle"},{"floor":13.0,"key":"Magic Flower"},{"floor":23.0,"key":"Self Forming Clay"},{"floor":25.0,"key":"Bird Faced Urn"},{"floor":31.0,"key":"Sundial"},{"floor":41.0,"key":"Dream Catcher"}],"event_choices":[{"cards_removed":["Strike_R"],"damage_healed":0.0,"max_hp_gain":0.0,"max_hp_loss":0.0,"gold_gain":0.0,"event_name":"Living Wall","player_choice":"Forget","floor":2.0,"gold_loss":0.0,"damage_taken":0.0},{"cards_removed":["Strike_R"],"damage_healed":0.0,"max_hp_gain":0.0,"max_hp_loss":0.0,"gold_gain":0.0,"event_name":"Purifier","player_choice":"Purged","floor":19.0,"gold_loss":0.0,"damage_taken":0.0},{"damage_healed":0.0,"max_hp_gain":0.0,"max_hp_loss":23.0,"gold_gain":0.0,"event_name":"Vampires","player_choice":"Became a vampire","floor":21.0,"gold_loss":0.0,"damage_taken":0.0,"cards_obtained":["Bite","Bite","Bite","Bite","Bite"]},{"damage_healed":0.0,"max_hp_gain":0.0,"max_hp_loss":0.0,"gold_gain":0.0,"event_name":"Back to Basics","player_choice":"Simplicity","floor":22.0,"gold_loss":0.0,"damage_taken":0.0,"cards_upgraded":["Defend_R","Defend_R","Defend_R","Defend_R"]},{"damage_healed":0.0,"max_hp_gain":0.0,"max_hp_loss":0.0,"gold_gain":0.0,"event_name":"SensoryStone","player_choice":"Memory 3","floor":37.0,"gold_loss":0.0,"damage_taken":10.0},{"damage_healed":0.0,"max_hp_gain":0.0,"max_hp_loss":0.0,"gold_gain":0.0,"event_name":"Winding Halls","player_choice":"Embrace Madness","floor":39.0,"gold_loss":0.0,"damage_taken":9.0,"cards_obtained":["Madness","Madness"]},{"damage_healed":0.0,"max_hp_gain":0.0,"max_hp_loss":0.0,"gold_gain":0.0,"event_name":"The Moai Head","player_choice":"Ignored","floor":45.0,"gold_loss":0.0,"damage_taken":0.0}],"is_beta":true,"boss_relics":[{"not_picked":["Astrolabe","Philosopher\u0027s Stone"],"picked":"Mark of Pain"},{"not_picked":["Busted Crown","Runic Pyramid"],"picked":"Sozu"}],"items_purged_floors":[],"is_endless":false,"potions_floor_spawned":[1,8,11,12,14,20,23,30,33,46],"killed_by":"Reptomancer","ascension_level":20}}