{"host":"ctlqibkg0sskiu65","time":1608296796,"event":{"mods":["2.2 Compatiblity","AchievementEnabler","Aspiration","BaseMod","BetterRewards","Colored Map","Colored Powertips","Conspire","Downfall","Fiend Mod","Infinite Spire","Minty Spire (QoL Compilation)","Quick Restart","Replay The Spire","Shop Mod","StSLib","The Bladedancer","The Cursed","The Hierophant","The Jungle","The Kombatant","The Servant 0.9.4","TheBandit"],"gold_per_floor":[18,29,29,41,60,60,73,73,100,118,137,152,77,105,105,209,209,222,222,240,256,256,290,290,290,290,290,310,310,324,338,338,436,436,446,446,466,481,481,481,531,531,531,203,223,6,24,41,41,41],"floor_reached":51,"playtime":3080,"items_purged":["Strike_G","Strike_G"],"score":938,"play_id":"2c75a336-07ad-483a-923a-156d446e807b","local_time":"20201218070636","is_ascension_mode":true,"campfire_choices":[{"data":"Blade Dance","floor":6.0,"key":"SMITH"},{"data":"Dagger Spray","floor":8.0,"key":"SMITH"},{"floor":24.0,"key":"REST"},{"floor":29.0,"key":"REST"},{"data":"infinitespire:Starlight","floor":29.0,"key":"SMITH"},{"floor":32.0,"key":"REST"},{"data":"ReplayTheSpireMod:Necrosis","floor":32.0,"key":"SMITH"},{"floor":40,"key":"REST"},{"data":"Envenom","floor":40,"key":"SMITH"},{"data":"Infinite Blades","floor":42,"key":"SMITH"},{"floor":49,"key":"REST"},{"data":"Accuracy","floor":49,"key":"SMITH"}],"circlet_count":0,"master_deck":["Strike_G","Strike_G","Strike_G","Defend_G","Defend_G","Defend_G","Defend_G","Defend_G","Survivor","Neutralize","Dagger Spray+1","Poisoned Stab","Blade Dance+1","conspire:PoisonWeapons","Dodge and Roll+1","Blade Dance","Envenom+1","Blade Dance+1","Deadly Poison","ReplayTheSpireMod:Shiv Toss","ReplayTheSpireMod:Necrosis+1","infinitespire:Starlight+1","Infinite Blades+1","Reflex","Deflect","Envenom+1","Blade Dance+1","Writhe","Hidden Blade+1","ReplayTheSpireMod:Shiv Toss+1","Blade Dance+1","Accuracy","Underhanded Strike","Accuracy+1","PiercingWail+1","Flying Knee+1"],"relics":["Ring of the Snake","infinitespire:Golems Mask","Art of War","Replay:Baseball","Honey Jar","Replay:Ringing Soul","Iron Hammer","infinitespire:Magic Flask","infinitespire:Cupcake","StoneCalendar","aspiration:FrozenJewel","Pen Nib","Lantern"],"acts_visited":["Exordium","TheCity","TheBeyond"],"potions_floor_usage":[47,50,50],"damage_taken":[{"damage":0.0,"enemies":"Cultist","floor":1.0,"turns":4.0},{"damage":0.0,"enemies":"2 Louse","floor":2.0,"turns":3.0},{"damage":0.0,"enemies":"conspire:RoseBush","floor":4.0,"turns":4.0},{"damage":0.0,"enemies":"Exordium Wildlife","floor":5.0,"turns":5.0},{"damage":2.0,"enemies":"2 Fungi Beasts","floor":7.0,"turns":2.0},{"damage":0.0,"enemies":"Large Slime","floor":10.0,"turns":4.0},{"damage":0.0,"enemies":"3 Louse","floor":11.0,"turns":2.0},{"damage":12.0,"enemies":"2 Fungi Beasts","floor":12.0,"turns":6.0},{"damage":10.0,"enemies":"3 Sentries","floor":14.0,"turns":3.0},{"damage":14.0,"enemies":"The Guardian","floor":16.0,"turns":8.0},{"damage":2.0,"enemies":"Chosen","floor":18.0,"turns":3.0},{"damage":11.0,"enemies":"2 Thieves","floor":20.0,"turns":2.0},{"damage":17.0,"enemies":"Centurion and Healer","floor":21.0,"turns":5.0},{"damage":29.0,"enemies":"conspire:Head Lice","floor":23.0,"turns":5.0},{"damage":1.0,"enemies":"Chosen and Byrds","floor":28.0,"turns":5.0},{"damage":18.0,"enemies":"Snecko","floor":30.0,"turns":3.0},{"damage":17.0,"enemies":"conspire:HollyBat","floor":31.0,"turns":5.0},{"damage":73.0,"enemies":"Automaton","floor":33.0,"turns":8.0},{"damage":59.0,"enemies":"3 Darklings","floor":35.0,"turns":8.0},{"damage":11.0,"enemies":"Orb Walker","floor":37.0,"turns":3.0},{"damage":16,"enemies":"3 Darklings","floor":38,"turns":3},{"damage":0,"enemies":"Mind Bloom Boss Battle","floor":41,"turns":4},{"damage":52,"enemies":"Sphere and 2 Shapes","floor":45,"turns":4},{"damage":0,"enemies":"Spire Growth","floor":47,"turns":3},{"damage":24,"enemies":"Writhing Mass","floor":48,"turns":3},{"damage":92,"enemies":"Awakened One","floor":50,"turns":6}],"seed_played":"-3652915349060607566","potions_obtained":[{"floor":1.0,"key":"Toxic Potion"},{"floor":2.0,"key":"GamblersBrew"},{"floor":3.0,"key":"Regen Potion"},{"floor":3.0,"key":"CunningPotion"},{"floor":10.0,"key":"Elixir"},{"floor":14.0,"key":"Elixir"},{"floor":18.0,"key":"CunningPotion"},{"floor":20.0,"key":"SpeedPotion"},{"floor":23.0,"key":"SpeedPotion"},{"floor":28.0,"key":"SkillPotion"},{"floor":38,"key":"Elixir"},{"floor":45,"key":"DuplicationPotion"},{"floor":47,"key":"FearPotion"},{"floor":48,"key":"FearPotion"}],"is_trial":false,"path_per_floor":["M","M","?","M","M","R","M","R","T","M","M","M","$","E","R_BF","B",null,"M","?","M","M","?","E","R","?","T","AVR","M","R","M","M","R","B",null,"M","?","M","M","?","R","?","R","T","$","M","$","M","M","R","B",null],"character_chosen":"THE_SILENT","items_purchased":["Pen Nib","Accuracy","Lantern","Accuracy"],"campfire_rested":5,"item_purchase_floors":[44,44,46,46],"current_hp_per_floor":[63,63,63,63,63,63,61,61,61,61,61,63,63,53,70,56,67,65,65,54,37,37,11,32,32,32,35,47,70,55,56,81,26,73,32,58,50,52,52,82,100,100,100,103,65,68,86,65,100,23],"gold":41,"neow_bonus":"ONE_RARE_RELIC","is_daily":false,"chose_seed":false,"campfire_upgraded":7,"win_rate":0.0,"timestamp":1608296796,"path_taken":["M","?","?","M","M","R","M","R","T","M","?","M","?","E","R_BF","BOSS","M","?","M","?","?","E","R","?","T","AVR","M","R","M","M","R","BOSS","M","?","M","M","?","R","?","R","T","$","M","?","M","M","R","BOSS"],"items_purchased_type":["Relic","Card","Relic","Card"],"build_version":"2020-12-13","purchased_purges":2,"victory":true,"max_hp_per_floor":[70,70,70,70,70,70,70,70,70,70,70,70,70,70,70,70,70,70,70,70,70,70,73,73,73,73,76,79,79,82,85,85,88,88,91,94,97,100,100,100,103,103,103,106,109,112,115,118,118,118],"card_choices":[{"not_picked":["Acrobatics","Caltrops"],"picked":"Dagger Spray","floor":1.0},{"not_picked":["Heel Hook","Reflex","Escape Plan"],"picked":"SKIP","floor":2.0},{"not_picked":["Prepared","Dodge and Roll"],"picked":"Poisoned Stab","floor":4.0},{"not_picked":["Setup","Tactician"],"picked":"Blade Dance","floor":5.0},{"not_picked":["Acrobatics","Setup","Flying Knee"],"picked":"SKIP","floor":7.0},{"not_picked":["PiercingWail","ReplayTheSpireMod:Necrosis"],"picked":"conspire:PoisonWeapons","floor":10.0},{"not_picked":["Calculated Gamble","Deflect"],"picked":"Dodge and Roll","floor":11.0},{"not_picked":["conspire:PoisonWeapons","Backflip"],"picked":"Blade Dance","floor":12.0},{"not_picked":["PiercingWail","Tools of the Trade","Fluid Movement"],"picked":"SKIP","floor":14.0},{"not_picked":["Venomology","Glass Knife"],"picked":"Envenom","floor":16.0},{"not_picked":["All Out Attack","Poisoned Stab","Concentrate+1"],"picked":"Blade Dance+1","floor":18.0},{"not_picked":["Terror","Quick Slash","Masterful Stab"],"picked":"Deadly Poison","floor":20.0},{"not_picked":["Cloak And Dagger","Quick Slash","Draining Mist+1"],"picked":"ReplayTheSpireMod:Shiv Toss","floor":21.0},{"not_picked":["Bane","Leg Sweep","Dagger Throw"],"picked":"ReplayTheSpireMod:Necrosis","floor":23.0},{"not_picked":["Riddle With Holes","Sucker Punch+1","ReplayTheSpireMod:Speed Training"],"picked":"Infinite Blades","floor":28.0},{"not_picked":["Flying Knee","Sucker Punch+1","ReplayTheSpireMod:Tripwire+1"],"picked":"Reflex","floor":30.0},{"not_picked":["Sucker Punch","Outmaneuver","Hidden Blade"],"picked":"Deflect","floor":31.0},{"not_picked":["Bullet Time","Doppelganger","Atom Bomb"],"picked":"Envenom","floor":33.0},{"not_picked":["Flechettes","Cloak And Dagger+1","Blur+1"],"picked":"Blade Dance+1","floor":35.0},{"not_picked":["Poisoned Stab","ReplayTheSpireMod:Tripwire+1","Skewer+1"],"picked":"Hidden Blade+1","floor":37.0},{"not_picked":["Quick Slash","Underhanded Strike","ReplayTheSpireMod:Tripwire"],"picked":"ReplayTheSpireMod:Shiv Toss+1","floor":38},{"not_picked":["ReplayTheSpireMod:Exploit Weakness","All Out Attack","Acrobatics+1"],"picked":"Blade Dance+1","floor":41},{"not_picked":["Crippling Poison","Predator","Riddle With Holes"],"picked":"Underhanded Strike","floor":45},{"not_picked":["Dagger Throw","Bane+1","Sucker Punch+1"],"picked":"PiercingWail+1","floor":47},{"not_picked":["Underhanded Strike","Dagger Throw","Masterful Stab"],"picked":"Flying Knee+1","floor":48}],"player_experience":156025,"relics_obtained":[{"floor":9.0,"key":"Art of War"},{"floor":14.0,"key":"Replay:Baseball"},{"floor":23.0,"key":"Replay:Ringing Soul"},{"floor":26.0,"key":"Iron Hammer"},{"floor":41,"key":"StoneCalendar"},{"floor":43,"key":"aspiration:FrozenJewel"}],"event_choices":[{"damage_healed":0.0,"max_hp_gain":0.0,"max_hp_loss":0.0,"gold_gain":0.0,"event_name":"Lab","player_choice":"Got Potions","floor":3.0,"gold_loss":0.0,"damage_taken":0.0},{"damage_healed":0.0,"max_hp_gain":0.0,"max_hp_loss":0.0,"gold_gain":0.0,"event_name":"Accursed Blacksmith","player_choice":"Forge","floor":19.0,"gold_loss":0.0,"damage_taken":0.0,"cards_upgraded":["Envenom"]},{"damage_healed":0.0,"max_hp_gain":0.0,"max_hp_loss":0.0,"gold_gain":0.0,"event_name":"The Mausoleum","player_choice":"Ignored","floor":25.0,"gold_loss":0.0,"damage_taken":0.0},{"damage_healed":23.0,"max_hp_gain":0.0,"max_hp_loss":0.0,"gold_gain":0.0,"event_name":"Winding Halls","player_choice":"Writhe","floor":36.0,"gold_loss":0.0,"damage_taken":0.0,"cards_obtained":["Writhe"]},{"damage_healed":0,"gold_gain":0,"player_choice":"Memory 1","damage_taken":0,"max_hp_gain":0,"max_hp_loss":0,"event_name":"SensoryStone","floor":39,"gold_loss":0},{"damage_healed":0,"gold_gain":0,"player_choice":"Fight","damage_taken":0,"max_hp_gain":0,"max_hp_loss":0,"event_name":"MindBloom","floor":41,"gold_loss":0}],"is_beta":false,"boss_relics":[{"not_picked":["aspiration:SecretTechniqueScroll","ReplayTheSpireMod:DimensionalGlitch"],"picked":"Honey Jar"},{"not_picked":["Replay:Ancient Bell","Fusion Hammer"],"picked":"infinitespire:Cupcake"}],"items_purged_floors":[13,44],"is_endless":false,"potions_floor_spawned":[1,2,10,14,18,20,23,28,37,38,45,47,48],"ascension_level":6}}