{"host":"90zmhqhem9nbzoc6","time":1608269921,"event":{"mods":["AchievementEnabler","Aspiration","BaseMod","Better Note","Better Third Choice","BetterRewards","Colored Map","Colored Powertips","Conspire","Downfall","Energized Spire","Friendly Minions","GifTheSpireLib","Hermit","Hubris","Infinite Spire","Minty Spire (QoL Compilation)","Quick Restart","Replay The Spire","Spikes Relics","StSLib","Stuff the Spire","The Blue Laboratory","The Jungle"],"gold_per_floor":[114,124,124,135,150,150,169,194,194,194,42,42,65,82,82,82,82],"floor_reached":16,"playtime":490,"items_purged":[],"score":102,"play_id":"ef63e2d6-5068-43b1-b182-2aefc11b266a","local_time":"20201217213841","is_ascension_mode":false,"campfire_choices":[{"floor":6,"key":"REST"},{"floor":10,"key":"REST"},{"floor":15,"key":"REST"}],"circlet_count":0,"master_deck":["hermit:Strike_Hermit","hermit:Strike_Hermit","hermit:Strike_Hermit","hermit:Strike_Hermit","hermit:Defend_Hermit","hermit:Defend_Hermit","hermit:Defend_Hermit","hermit:Defend_Hermit","hermit:Snapshot","hermit:Covet","hermit:BigShot+1","PlatinumSkin+1","hermit:SprayPray+1","hermit:Quickdraw","hermit:Misfire","hermit:PistolWhip","hermit:SprayPray","hermit:CursedWeapon"],"relics":["hermit:Momento","Golden Egg","StuffTheSpire:Experiment12","ExplosiveVial","hubris:TenFootPole"],"acts_visited":["Exordium"],"potions_floor_usage":[],"damage_taken":[{"damage":2,"enemies":"2 Louse","floor":1,"turns":4},{"damage":1,"enemies":"Jaw Worm","floor":2,"turns":3},{"damage":1,"enemies":"Cultist","floor":4,"turns":3},{"damage":13,"enemies":"Exordium Wildlife","floor":5,"turns":5},{"damage":9,"enemies":"Blue Slaver","floor":7,"turns":4},{"damage":44,"enemies":"Replay:BlueRogue","floor":8,"turns":8},{"damage":9,"enemies":"Lots of Slimes","floor":14,"turns":5},{"damage":90,"enemies":"Fading Forest","floor":16,"turns":7}],"seed_played":"8068567871914882098","potions_obtained":[{"floor":2,"key":"blueLaboratory:BottledHope"}],"is_trial":false,"path_per_floor":["M","M","?","M","M","R","M","E","T","R","$","?","T","M","R","B"],"character_chosen":"HERMIT","items_purchased":["Golden Egg","hermit:BigShot","PlatinumSkin","ExplosiveVial"],"campfire_rested":3,"item_purchase_floors":[0,0,0,11],"current_hp_per_floor":[73,72,72,71,58,75,66,22,22,44,44,69,69,60,75,0,0],"gold":82,"neow_bonus":"","is_daily":false,"chose_seed":false,"campfire_upgraded":0,"win_rate":0.0,"timestamp":1608269921,"path_taken":["M","M","?","M","M","R","M","E","T","R","$","?","?","?","R","BOSS"],"items_purchased_type":["Relic","Card","Card","Relic"],"build_version":"2020-12-13","purchased_purges":0,"victory":false,"max_hp_per_floor":[75,75,75,75,75,75,75,75,75,75,75,75,75,75,75,75,75],"card_choices":[{"not_picked":["hermit:DeadMansHand","hermit:Malice"],"picked":"hermit:SprayPray","floor":1},{"not_picked":["hermit:ItchyTrigger","hermit:NoHoldsBarred"],"picked":"hermit:Quickdraw","floor":2},{"not_picked":["hermit:Desperado","hermit:Grudge"],"picked":"hermit:Misfire","floor":4},{"not_picked":["hermit:TakeAim","hermit:CalledShot"],"picked":"hermit:PistolWhip","floor":5},{"not_picked":["hermit:Snipe","hermit:HeroicBravado"],"picked":"hermit:SprayPray","floor":7},{"not_picked":["hermit:EyeOfTheStorm","hermit:DeadMansHand","hermit:Glare"],"picked":"SKIP","floor":8},{"not_picked":["hermit:LowProfile","hermit:Quickdraw"],"picked":"hermit:CursedWeapon","floor":14}],"player_experience":215426,"relics_obtained":[{"floor":8,"key":"StuffTheSpire:Experiment12"},{"floor":13,"key":"hubris:TenFootPole"}],"event_choices":[{"damage_healed":25,"gold_gain":0,"player_choice":"Banana","damage_taken":0,"max_hp_gain":0,"max_hp_loss":0,"event_name":"Big Fish","floor":12,"gold_loss":0}],"is_beta":false,"boss_relics":[],"items_purged_floors":[],"is_endless":false,"potions_floor_spawned":[2],"killed_by":"Fading Forest","ascension_level":0}}