{"host":"wshh0nphwn6jv7vj","time":1608324537,"event":{"mods":["BaseMod","Bestiary","Minty Spire (QoL Compilation)"],"gold_per_floor":[110,110,110,110,90,117,117,148,217,217,232,232,246,260,260,334,334,345,363,376,392,392,425,425,425,425,458,471,63,92,110,110,182,182,198,212,212,230,250,282,282,295,295,295,308,308,308,110,110,110,110,110,19,51,51,51],"floor_reached":55,"playtime":5126,"items_purged":["Defend_B","Parasite"],"score":1392,"play_id":"370ead8a-9ea1-4810-a98a-1b478abadd97","local_time":"20201218154857","is_ascension_mode":true,"campfire_choices":[{"data":"Zap","floor":7.0,"key":"SMITH"},{"data":"Hologram","floor":10.0,"key":"SMITH"},{"data":"Cold Snap","floor":12.0,"key":"SMITH"},{"data":"Defragment","floor":15.0,"key":"SMITH"},{"floor":24,"key":"REST"},{"floor":32,"key":"REST"},{"floor":44,"key":"REST"},{"floor":49,"key":"RECALL"},{"data":"Defend_B","floor":52,"key":"PURGE"}],"circlet_count":0,"master_deck":["AscendersBane","Defend_B","Defend_B","Zap+1","Dualcast","Cold Snap+1","Hologram+1","Gash","Go for the Eyes","Defragment+1","Core Surge","Reinforced Body+1","Defragment","Rebound","Lockon","Tempest","Tempest","Sweeping Beam","Conserve Battery+1","Glacier","Redo","Chill","Buffer","Gash+1","Hologram","BootSequence","Barrage","Madness","Madness","Fission","Defragment","Chill","Conserve Battery+1","Hologram","BootSequence","Defragment","Cold Snap"],"relics":["Cracked Core","NeowsBlessing","The Courier","Torii","HornCleat","Letter Opener","Inserter","Du-Vu Doll","Bag of Preparation","Darkstone Periapt","Unceasing Top","Emotion Chip","SlaversCollar","Peace Pipe","Orrery","Anchor"],"acts_visited":["TheBeyond","TheEnding"],"potions_floor_usage":[23,23,27,30,30,33,38,40,40],"damage_taken":[{"damage":0.0,"enemies":"Small Slimes","floor":1.0,"turns":1.0},{"damage":0.0,"enemies":"3 Sentries","floor":6.0,"turns":1.0},{"damage":0.0,"enemies":"Lagavulin","floor":8.0,"turns":2.0},{"damage":10.0,"enemies":"Jaw Worm","floor":11.0,"turns":2.0},{"damage":1.0,"enemies":"2 Louse","floor":13.0,"turns":2.0},{"damage":0.0,"enemies":"Gremlin Gang","floor":14.0,"turns":3.0},{"damage":5.0,"enemies":"Hexaghost","floor":16.0,"turns":11.0},{"damage":12.0,"enemies":"2 Thieves","floor":18.0,"turns":4.0},{"damage":1.0,"enemies":"Shell Parasite","floor":19.0,"turns":6.0},{"damage":7.0,"enemies":"Chosen and Byrds","floor":20.0,"turns":6.0},{"damage":18.0,"enemies":"Sentry and Sphere","floor":21.0,"turns":6.0},{"damage":17,"enemies":"Book of Stabbing","floor":23,"turns":8},{"damage":25,"enemies":"Slavers","floor":27,"turns":9},{"damage":9,"enemies":"Centurion and Healer","floor":28,"turns":7},{"damage":7,"enemies":"Book of Stabbing","floor":30,"turns":6},{"damage":0,"enemies":"Snake Plant","floor":31,"turns":4},{"damage":31,"enemies":"Automaton","floor":33,"turns":14},{"damage":1,"enemies":"Orb Walker","floor":35,"turns":4},{"damage":0,"enemies":"3 Darklings","floor":36,"turns":9},{"damage":0,"enemies":"Maw","floor":38,"turns":8},{"damage":6,"enemies":"Spire Growth","floor":39,"turns":6},{"damage":17,"enemies":"Reptomancer","floor":40,"turns":7},{"damage":19,"enemies":"Writhing Mass","floor":42,"turns":8},{"damage":35,"enemies":"Transient","floor":45,"turns":5},{"damage":31,"enemies":"Awakened One","floor":50,"turns":15},{"damage":37,"enemies":"Shield and Spear","floor":54,"turns":11},{"damage":28,"enemies":"The Heart","floor":55,"turns":2}],"seed_played":"7435407766033065015","potions_obtained":[{"floor":1.0,"key":"Regen Potion"},{"floor":5.0,"key":"Block Potion"},{"floor":20.0,"key":"DuplicationPotion"},{"floor":23,"key":"Regen Potion"},{"floor":28,"key":"SpeedPotion"},{"floor":31,"key":"SkillPotion"},{"floor":35,"key":"DuplicationPotion"},{"floor":36,"key":"EssenceOfSteel"},{"floor":38,"key":"Explosive Potion"}],"is_trial":false,"path_per_floor":["M","?","?","?","?","E","R","E","T","R","M","R","M","M","R","B",null,"M","M","M","M","?","E","R","?","T","E","M","$","E","M","R","B",null,"M","M","?","M","M","E","?","M","T","R","M","?","?","$","R","B",null,"R","$","E","B"],"character_chosen":"DEFECT","items_purchased":["Unceasing Top","LiquidBronze","PowerPotion","Orrery","BootSequence","Defragment"],"campfire_rested":3,"item_purchase_floors":[29,29,29,48,53,53],"current_hp_per_floor":[64,57,71,66,66,66,66,66,66,66,56,56,55,55,55,50,66,54,53,46,28,28,26,47,47,47,37,28,28,21,21,42,11,56,55,55,55,55,49,32,32,19,19,42,7,63,52,52,52,21,50,50,50,13,0,0],"gold":51,"neow_bonus":"THREE_ENEMY_KILL","is_daily":false,"chose_seed":false,"campfire_upgraded":4,"win_rate":0.0,"timestamp":1608324537,"path_taken":["M","?","?","?","?","E","R","E","T","R","?","R","M","M","R","BOSS","M","M","?","M","?","E","R","?","T","E","M","$","E","M","R","BOSS","M","M","?","M","M","E","?","?","T","R","M","?","?","?","R","BOSS","R","$","E","BOSS"],"items_purchased_type":["Relic","Potion","Potion","Relic","Card","Card"],"build_version":"2020-12-13","purchased_purges":2,"victory":false,"max_hp_per_floor":[71,71,71,71,71,71,71,71,71,71,71,71,71,71,71,71,71,71,71,71,71,71,71,71,71,71,71,71,71,71,71,71,71,71,71,71,71,71,71,71,71,77,77,77,77,63,63,60,60,60,60,60,60,60,60,60],"card_choices":[{"not_picked":["Recycle","Stack","Darkness"],"picked":"SKIP","floor":1.0},{"not_picked":["Compile Driver","Core Surge"],"picked":"Cold Snap","floor":6.0},{"not_picked":["FTL","Fusion"],"picked":"Hologram","floor":8.0},{"not_picked":["Go for the Eyes","Coolheaded"],"picked":"Gash","floor":11.0},{"not_picked":["Ball Lightning","Fusion"],"picked":"Go for the Eyes","floor":13.0},{"not_picked":["Loop","Compile Driver"],"picked":"Defragment","floor":14.0},{"not_picked":["Buffer","Meteor Strike"],"picked":"Core Surge","floor":16.0},{"not_picked":["Sunder","Gash+1"],"picked":"Reinforced Body+1","floor":18.0},{"not_picked":["Barrage","Auto Shields+1"],"picked":"Defragment","floor":19.0},{"not_picked":["Reprogram","Stack"],"picked":"Rebound","floor":20.0},{"not_picked":["Conserve Battery","Beam Cell"],"picked":"Lockon","floor":21},{"not_picked":["Turbo","Rebound"],"picked":"Sweeping Beam","floor":23},{"not_picked":["Force Field","Fission"],"picked":"Conserve Battery+1","floor":27},{"not_picked":["Loop","White Noise"],"picked":"Glacier","floor":28},{"not_picked":["Sunder","Beam Cell"],"picked":"Redo","floor":30},{"not_picked":["Steam","Gash"],"picked":"Chill","floor":31},{"not_picked":["Multi-Cast","Thunder Strike"],"picked":"Buffer","floor":33},{"not_picked":["Redo","Stack"],"picked":"Gash+1","floor":35},{"not_picked":["Ball Lightning+1","Coolheaded"],"picked":"Hologram","floor":36},{"not_picked":["Steam","Ball Lightning","Cold Snap"],"picked":"SKIP","floor":38},{"not_picked":["Rebound","Stack","Go for the Eyes"],"picked":"SKIP","floor":39},{"not_picked":["Steam","Tempest"],"picked":"BootSequence","floor":40},{"not_picked":["Turbo","Ball Lightning","All For One"],"picked":"SKIP","floor":42},{"not_picked":["Streamline+1","Hello World+1"],"picked":"Barrage","floor":45},{"not_picked":["Beam Cell+1","Steam"],"picked":"Fission","floor":48},{"not_picked":["Gash","Compile Driver"],"picked":"Defragment","floor":48},{"not_picked":["Compile Driver","Coolheaded"],"picked":"Chill","floor":48},{"not_picked":["Hologram","Steam Power"],"picked":"Conserve Battery+1","floor":48},{"not_picked":["Genetic Algorithm+1","Capacitor"],"picked":"Hologram","floor":48},{"not_picked":["Go for the Eyes+1","Beam Cell"],"picked":"Cold Snap","floor":54}],"player_experience":1445715,"relics_obtained":[{"floor":6.0,"key":"Torii"},{"floor":8.0,"key":"HornCleat"},{"floor":9.0,"key":"Letter Opener"},{"floor":23,"key":"Du-Vu Doll"},{"floor":26,"key":"Bag of Preparation"},{"floor":27,"key":"Darkstone Periapt"},{"floor":30,"key":"Emotion Chip"},{"floor":40,"key":"Peace Pipe"},{"floor":54,"key":"Anchor"}],"event_choices":[{"cards_removed":["Strike_B"],"damage_healed":0.0,"max_hp_gain":0.0,"max_hp_loss":0.0,"gold_gain":0.0,"event_name":"Golden Wing","player_choice":"Card Removal","floor":2.0,"gold_loss":0.0,"damage_taken":7.0},{"damage_healed":23.0,"max_hp_gain":0.0,"max_hp_loss":0.0,"gold_gain":0.0,"event_name":"Big Fish","player_choice":"Banana","floor":3.0,"gold_loss":0.0,"damage_taken":0.0},{"damage_healed":0.0,"max_hp_gain":0.0,"max_hp_loss":0.0,"gold_gain":0.0,"event_name":"Scrap Ooze","player_choice":"Success","floor":4.0,"gold_loss":0.0,"damage_taken":5.0,"relics_obtained":["The Courier"]},{"damage_healed":0.0,"max_hp_gain":0.0,"max_hp_loss":0.0,"gold_gain":0.0,"event_name":"The Woman in Blue","player_choice":"Bought 1 Potion","floor":5.0,"gold_loss":0.0,"damage_taken":0.0},{"damage_healed":0,"gold_gain":0,"cards_transformed":["Strike_B","Strike_B"],"player_choice":"Became Test Subject","damage_taken":0,"max_hp_gain":0,"max_hp_loss":0,"event_name":"Drug Dealer","floor":22,"gold_loss":0,"cards_obtained":["Tempest","Tempest"]},{"cards_removed":["Strike_B"],"damage_healed":0,"gold_gain":0,"player_choice":"Elegance","damage_taken":0,"max_hp_gain":0,"max_hp_loss":0,"event_name":"Back to Basics","floor":25,"gold_loss":0},{"damage_healed":0,"gold_gain":0,"player_choice":"Ignored","damage_taken":0,"max_hp_gain":0,"max_hp_loss":0,"event_name":"Tomb of Lord Red Mask","floor":37,"gold_loss":0},{"damage_healed":0,"gold_gain":0,"player_choice":"Ignored","damage_taken":0,"max_hp_gain":0,"max_hp_loss":0,"event_name":"Mysterious Sphere","floor":41,"gold_loss":0},{"damage_healed":63,"gold_gain":0,"player_choice":"Heal","damage_taken":0,"max_hp_gain":0,"max_hp_loss":14,"event_name":"The Moai Head","floor":46,"gold_loss":0},{"damage_healed":0,"gold_gain":0,"player_choice":"Embrace Madness","damage_taken":11,"max_hp_gain":0,"max_hp_loss":0,"event_name":"Winding Halls","floor":47,"gold_loss":0,"cards_obtained":["Madness","Madness"]}],"is_beta":false,"boss_relics":[{"not_picked":["Tiny House","Fusion Hammer"],"picked":"Inserter"},{"not_picked":["Snecko Eye","Runic Pyramid"],"picked":"SlaversCollar"}],"items_purged_floors":[29,48],"is_endless":false,"potions_floor_spawned":[1,6,13,20,23,28,31,35,36,38],"killed_by":"The Heart","ascension_level":15}}