{"host":"5gc11emcm5chfr5t","time":1608319811,"event":{"mods":["2.2 Compatiblity","AchievementEnabler","BaseMod","Bestiary","Better Note","Colored Map","Colored Powertips","Downfall","Googly Eyes","Minty Spire (QoL Compilation)","Rare Cards Sparkle","StSLib"],"gold_per_floor":[99,114,39,39,39,64,64,64,79,4,4,23,41,26,45,122,122,122,122,122,139,150,160,207,240,440,472,170,170,170,170,182,261,261,186,186,214,214,214,214,289,314,70,96,129,144,144,156,172,172,172,199,16,16,36],"floor_reached":56,"playtime":4777,"items_purged":[],"score":2373,"play_id":"e62625dd-f08f-41fe-a915-352287ae1d4c","local_time":"20201218143011","is_ascension_mode":true,"campfire_choices":[{"floor":1.0,"key":"RECALL"},{"data":"sneckomod:UnknownStrength","floor":3.0,"key":"SMITH"},{"data":"sneckomod:ImprovisedGuard","floor":8.0,"key":"SMITH"},{"data":"sneckomod:SnekBite","floor":10.0,"key":"SMITH"},{"data":"sneckomod:MorePower","floor":18.0,"key":"SMITH"},{"data":"sneckomod:SoulExchange","floor":35,"key":"SMITH"},{"data":"sneckomod:UnknownRareAttack","floor":38,"key":"SMITH"},{"floor":54,"key":"REST"}],"circlet_count":0,"master_deck":["AscendersBane","sneckomod:Defend","sneckomod:Defend","sneckomod:TailWhip+1","sneckomod:SnekBite+1","sneckomod:Unknown+1","sneckomod:Unknown+1","sneckomod:UnknownStrength+1","sneckomod:ImprovisedGuard+1","sneckomod:Nope","sneckomod:UnknownClassPURPLE","sneckomod:WideSting","sneckomod:UnknownWeak","sneckomod:UnknownDexterity","sneckomod:SoulRoll","sneckomod:MorePower+1","sneckomod:UnknownUncommonAttack+1","sneckomod:UnknownClassGUARDIAN","sneckomod:UnknownRareSkill+1","sneckomod:Rotation","sneckomod:UnknownRareSkill+1","sneckomod:SnakeSap+1","sneckomod:UnknownEthereal+1","sneckomod:UnknownRareAttack+1","hexamod:Haunted","sneckomod:UnknownVulnerable","sneckomod:UnknownStrength+1","sneckomod:SnekBeam","RitualDagger+1","Bite","Bite","Bite","Bite","Bite","sneckomod:SoulExchange+1","expansioncontent:Collect","expansioncontent:PrepareCrush","expansioncontent:Collect","sneckomod:SnekBeam+1","sneckomod:SoulExchange","sneckomod:QuickMove+1","sneckomod:Nope","Parasite","sneckomod:SoulExchange","sneckomod:QuickBite"],"relics":["Black Star","downfall:HeartBlessingRed","Tiny Chest","Vajra","downfall:HeartBlessingBlue","SlaversCollar","CaptainsWheel","Happy Flower","Unceasing Top","Dead Branch","Sundial","Orichalcum","Chemical X","FossilizedHelix","Regal Pillow","InkBottle","Snecko Eye","downfall:HeartBlessingGreen","Boot","PreservedInsect","Frozen Egg 2","Mummified Hand","Dream Catcher","sneckomod:ConfusingCodex","Mercury Hourglass","Whetstone","Gremlin Horn","sneckomod:LoadedDie","Bag of Preparation","Membership Card"],"acts_visited":["Exordium","TheCity","TheBeyond","TheEnding"],"potions_floor_usage":[33,33,50,50,55],"damage_taken":[{"damage":0.0,"enemies":"Cultist","floor":2.0,"turns":4.0},{"damage":8.0,"enemies":"3 Sentries","floor":6.0,"turns":13.0},{"damage":0.0,"enemies":"2 Louse","floor":9.0,"turns":3.0},{"damage":0.0,"enemies":"Small Slimes","floor":12.0,"turns":2.0},{"damage":6.0,"enemies":"Exordium Thugs","floor":13.0,"turns":3.0},{"damage":0.0,"enemies":"downfall:FleeingMerchant","floor":14.0,"turns":5.0},{"damage":12.0,"enemies":"Large Slime","floor":15.0,"turns":5.0},{"damage":41.0,"enemies":"downfall:Watcher","floor":16.0,"turns":8.0},{"damage":12.0,"enemies":"3 Byrds","floor":21.0,"turns":5.0},{"damage":3.0,"enemies":"Shell Parasite","floor":22.0,"turns":5.0},{"damage":14.0,"enemies":"Centurion and Healer","floor":23.0,"turns":5.0},{"damage":46.0,"enemies":"Gremlin Leader","floor":25.0,"turns":5.0},{"damage":0.0,"enemies":"Slavers","floor":27.0,"turns":2.0},{"damage":4.0,"enemies":"downfall:FleeingMerchant","floor":28.0,"turns":4.0},{"damage":0.0,"enemies":"Cultist and Chosen","floor":32.0,"turns":5.0},{"damage":7,"enemies":"downfall:Ironclad","floor":33,"turns":6},{"damage":0,"enemies":"Nemesis","floor":37,"turns":3},{"damage":0,"enemies":"Giant Head","floor":42,"turns":3},{"damage":0,"enemies":"Reptomancer","floor":44,"turns":2},{"damage":0,"enemies":"Orb Walker","floor":45,"turns":2},{"damage":0,"enemies":"3 Shapes","floor":46,"turns":1},{"damage":0,"enemies":"Writhing Mass","floor":48,"turns":3},{"damage":0,"enemies":"3 Darklings","floor":49,"turns":1},{"damage":0,"enemies":"downfall:Defect","floor":50,"turns":3},{"damage":0,"enemies":"downfall:CharBossMerchant","floor":52,"turns":2},{"damage":2,"enemies":"downfall:NeowBoss","floor":55,"turns":11}],"seed_played":"2070523710170019446","potions_obtained":[{"floor":9.0,"key":"Weak Potion"},{"floor":12.0,"key":"AttackPotion"},{"floor":15.0,"key":"Regen Potion"},{"floor":16.0,"key":"sneckomod:MuddlingPotion"},{"floor":22.0,"key":"AttackPotion"},{"floor":29.0,"key":"CultistPotion"},{"floor":32.0,"key":"Energy Potion"},{"floor":33,"key":"sneckomod:CheatPotion"},{"floor":37,"key":"FearPotion"},{"floor":48,"key":"champ:CounterPotion"}],"is_trial":false,"path_per_floor":["R","M","R","?","?","E","T","R","M","R","?","M","M","$","M","B",null,"R","?","T","M","M","M","T","E","?","E","$","?","?","T","M","B",null,"R","?","E","R","?","$","T","E","$","E","M","M","T","M","M","B",null,"E","$","R","B",null],"character_chosen":"THE_SNECKO","items_purchased":["Chemical X","FossilizedHelix","Regal Pillow","sneckomod:SnekBeam","sneckomod:ConfusingCodex","Membership Card","Dexterity Potion"],"campfire_rested":1,"item_purchase_floors":[28,28,28,28,43,53,53],"current_hp_per_floor":[81,81,81,81,81,73,73,73,73,83,83,83,77,77,65,39,85,85,85,85,73,70,56,56,10,10,10,16,16,16,16,31,30,59,59,49,49,49,79,79,79,79,79,79,79,83,83,83,83,83,83,83,83,83,83],"gold":36,"neow_bonus":"BOSS_RELIC","is_daily":false,"chose_seed":false,"campfire_upgraded":6,"win_rate":0.0,"timestamp":1608319811,"path_taken":["R","?","R","?","?","E","T","R","M","R","?","M","?","$","M","BOSS","R","?","?","M","M","M","T","E","?","E","$","?","?","?","M","BOSS","R","?","E","R","?","$","T","E","$","E","M","?","?","M","M","BOSS","E","$","R","BOSS"],"items_purchased_type":["Relic","Relic","Relic","Card","Relic","Relic","Potion"],"build_version":"2020-12-13","purchased_purges":0,"victory":true,"max_hp_per_floor":[90,90,90,90,90,90,90,90,90,100,100,100,100,100,100,100,100,100,100,100,100,100,100,100,100,100,100,100,100,69,69,69,69,69,69,69,69,69,79,79,79,79,79,79,79,83,83,83,83,83,83,83,83,83,83],"card_choices":[{"not_picked":["sneckomod:UnknownStrike","sneckomod:UnknownVulnerable"],"picked":"sneckomod:UnknownStrength","floor":2.0},{"not_picked":["sneckomod:UnknownUncommonPower","sneckomod:UnknownUncommonSkill"],"picked":"sneckomod:ImprovisedGuard","floor":6.0},{"not_picked":["sneckomod:UnknownClassBLUE","sneckomod:UnknownClassGUARDIAN"],"picked":"sneckomod:Nope","floor":9.0},{"not_picked":["sneckomod:UnknownEthereal","sneckomod:SnekBeam"],"picked":"sneckomod:WideSting","floor":12.0},{"not_picked":["sneckomod:SoulRoll","sneckomod:RainOfDice"],"picked":"sneckomod:UnknownWeak","floor":13.0},{"not_picked":["sneckomod:UnknownClassPURPLE","sneckomod:Cheat"],"picked":"sneckomod:UnknownDexterity","floor":14.0},{"not_picked":["sneckomod:UnknownBlock","sneckomod:Unknown1Cost"],"picked":"sneckomod:SoulRoll","floor":15.0},{"not_picked":["sneckomod:DangerNoodle","sneckomod:SerpentMind"],"picked":"sneckomod:MorePower","floor":16.0},{"not_picked":["sneckomod:UnknownClassGUARDIAN+1","sneckomod:UnknownCommonAttack+1"],"picked":"sneckomod:UnknownUncommonAttack+1","floor":21.0},{"not_picked":["sneckomod:RainOfDice","sneckomod:UnknownWeak"],"picked":"sneckomod:UnknownClassGUARDIAN","floor":21.0},{"not_picked":["sneckomod:UnknownClassRED+1","sneckomod:UnknownClassTHE_CHAMP_GRAY+1"],"picked":"sneckomod:UnknownRareSkill+1","floor":22.0},{"not_picked":["sneckomod:UnknownStrike","sneckomod:UnknownCommonSkill"],"picked":"sneckomod:Rotation","floor":22.0},{"not_picked":["sneckomod:UnknownVulnerable+1","sneckomod:UnknownDexterity+1"],"picked":"sneckomod:UnknownRareSkill+1","floor":23.0},{"not_picked":["sneckomod:UnknownClassGUARDIAN","sneckomod:DiceBlock"],"picked":"sneckomod:SnakeSap","floor":23.0},{"not_picked":["sneckomod:UnknownClassGUARDIAN+1","sneckomod:UnknownExhaust+1"],"picked":"sneckomod:UnknownEthereal+1","floor":25.0},{"not_picked":["sneckomod:UnknownClassBLUE","sneckomod:UnknownClassRED"],"picked":"sneckomod:UnknownRareAttack","floor":25.0},{"not_picked":["sneckomod:UnknownClassBLUE","sneckomod:UnknownClassRED"],"picked":"sneckomod:UnknownVulnerable","floor":27.0},{"not_picked":["sneckomod:UnknownX+1","sneckomod:UnknownClassPURPLE+1"],"picked":"sneckomod:UnknownStrength+1","floor":28.0},{"not_picked":["sneckomod:WideSting","sneckomod:UnknownBlock+1"],"picked":"sneckomod:SerpentMind","floor":28.0},{"not_picked":["sneckomod:RainOfDice","sneckomod:IronFang","sneckomod:QuickBite+1"],"picked":"SKIP","floor":32.0},{"not_picked":["sneckomod:Cheat","sneckomod:DangerNoodle"],"picked":"sneckomod:SoulExchange","floor":33},{"not_picked":["expansioncontent:Hexaburn","expansioncontent:ManipulateTime"],"picked":"expansioncontent:Collect","floor":36},{"not_picked":["expansioncontent:DecasProtection","expansioncontent:BronzeBeam"],"picked":"expansioncontent:PrepareCrush","floor":36},{"not_picked":["expansioncontent:GoopSpray","expansioncontent:Chronoboost"],"picked":"expansioncontent:Collect","floor":36},{"not_picked":["sneckomod:SoulDraw","sneckomod:UnlimitedRolls"],"picked":"sneckomod:SnekBeam+1","floor":37},{"not_picked":["sneckomod:DiceCrush","sneckomod:UnknownX"],"picked":"sneckomod:SoulExchange","floor":42},{"not_picked":["sneckomod:UnknownClassGREEN","sneckomod:Unknown1Cost","sneckomod:DiceBlock"],"picked":"SKIP","floor":44},{"not_picked":["sneckomod:DiceBoulder","sneckomod:Nope"],"picked":"sneckomod:QuickMove+1","floor":45},{"not_picked":["sneckomod:UnknownCommonAttack","sneckomod:DiceCrush"],"picked":"sneckomod:Nope","floor":46},{"not_picked":["sneckomod:UnknownBlock","sneckomod:QuickMove+1","sneckomod:UnknownClassPURPLE+1"],"picked":"SKIP","floor":48},{"not_picked":["sneckomod:UnknownCommonAttack","sneckomod:UnknownClassSLIMEBOUND","sneckomod:IronFang"],"picked":"SKIP","floor":49},{"not_picked":["sneckomod:DiceBlock","sneckomod:UnknownClassPURPLE"],"picked":"sneckomod:SoulExchange","floor":52},{"not_picked":["sneckomod:UnknownWeak","sneckomod:MasterEye+1"],"picked":"sneckomod:QuickBite","floor":54}],"player_experience":425650,"relics_obtained":[{"floor":6.0,"key":"Tiny Chest"},{"floor":6.0,"key":"Vajra"},{"floor":20.0,"key":"CaptainsWheel"},{"floor":24.0,"key":"Happy Flower"},{"floor":25.0,"key":"Unceasing Top"},{"floor":25.0,"key":"Dead Branch"},{"floor":27.0,"key":"Sundial"},{"floor":27.0,"key":"Orichalcum"},{"floor":31.0,"key":"InkBottle"},{"floor":37,"key":"Boot"},{"floor":37,"key":"PreservedInsect"},{"floor":41,"key":"Frozen Egg 2"},{"floor":42,"key":"Mummified Hand"},{"floor":42,"key":"Dream Catcher"},{"floor":44,"key":"Mercury Hourglass"},{"floor":44,"key":"Whetstone"},{"floor":47,"key":"Gremlin Horn"},{"floor":52,"key":"sneckomod:LoadedDie"},{"floor":52,"key":"Bag of Preparation"}],"event_choices":[{"cards_removed":["Regret"],"damage_healed":0.0,"max_hp_gain":0.0,"max_hp_loss":0.0,"gold_gain":0.0,"event_name":"Living Wall","player_choice":"Forget","floor":5.0,"gold_loss":0.0,"damage_taken":0.0},{"damage_healed":0.0,"max_hp_gain":0.0,"max_hp_loss":0.0,"gold_gain":0.0,"cards_transformed":["sneckomod:Defend"],"event_name":"Transmorgrifier","player_choice":"Transformed","floor":11.0,"gold_loss":0.0,"damage_taken":0.0,"cards_obtained":["sneckomod:UnknownClassPURPLE"]},{"damage_healed":0.0,"max_hp_gain":0.0,"max_hp_loss":31.0,"gold_gain":0.0,"event_name":"Vampires","player_choice":"Became a vampire","floor":30.0,"gold_loss":0.0,"damage_taken":0.0,"cards_obtained":["Bite","Bite","Bite","Bite","Bite"]},{"cards_removed":["sneckomod:SerpentMind"],"damage_healed":20,"gold_gain":0,"player_choice":"Offered Rare","damage_taken":0,"max_hp_gain":10,"max_hp_loss":0,"event_name":"Bonfire Elementals","floor":39,"gold_loss":0}],"is_beta":false,"boss_relics":[{"not_picked":["Ectoplasm","Astrolabe"],"picked":"SlaversCollar"},{"not_picked":["Coffee Dripper","Busted Crown"],"picked":"Snecko Eye"}],"items_purged_floors":[],"is_endless":false,"potions_floor_spawned":[9,12,15,16,22,32,33,37,42,44,48],"ascension_level":13}}