{"host":"6bsan6hkua32tfq7","time":1608254891,"event":{"mods":["BaseMod","Better Third Choice","Colored Map","Highlight Path","Minty Spire (QoL Compilation)","StSLib"],"gold_per_floor":[110,125,138,96,96,96,125,125,149,149,74,90,120,130,130,201,201,220,220,236,246,246,246,258,258,311,321,321,321,332,345,345,421,421,439,451,451,462,243,243,243],"floor_reached":40,"playtime":1644,"items_purged":["Defend_G","Decay"],"score":850,"play_id":"19f87a70-e7d9-4346-bed8-39decc27a860","local_time":"20201218022811","is_ascension_mode":true,"campfire_choices":[{"data":"Skewer","floor":6,"key":"SMITH"},{"data":"Terror","floor":8,"key":"SMITH"},{"data":"Neutralize","floor":10,"key":"SMITH"},{"data":"Deadly Poison","floor":15,"key":"SMITH"},{"floor":23,"key":"REST"},{"floor":25,"key":"REST"},{"floor":29,"key":"REST"},{"floor":32,"key":"REST"}],"circlet_count":0,"master_deck":["AscendersBane","Strike_G","Strike_G","Strike_G","Strike_G","Defend_G","Defend_G","Defend_G","Survivor","Neutralize+1","Choke","Reflex","Skewer+1","Terror+1","Dagger Throw","Glass Knife","Deadly Poison+1","Burst","Neutralize+1","Eviscerate+1","PiercingWail","Dash+1","Deadly Poison","Deflect+1","Corpse Explosion","After Image","Concentrate","Bouncing Flask","Noxious Fumes"],"relics":["Ring of the Snake","NeowsBlessing","betterThird:SlimedRelic","Centennial Puzzle","Oddly Smooth Stone","Art of War","Runic Pyramid","Happy Flower","MealTicket","Philosopher\u0027s Stone"],"acts_visited":["Exordium","TheCity","TheBeyond"],"potions_floor_usage":[7,12,13,24,33,40,40],"damage_taken":[{"damage":0,"enemies":"Cultist","floor":1,"turns":1},{"damage":0,"enemies":"2 Louse","floor":2,"turns":1},{"damage":0,"enemies":"Small Slimes","floor":3,"turns":1},{"damage":22,"enemies":"3 Sentries","floor":7,"turns":9},{"damage":0,"enemies":"Exordium Wildlife","floor":12,"turns":2},{"damage":0,"enemies":"Gremlin Nob","floor":13,"turns":3},{"damage":0,"enemies":"Looter","floor":14,"turns":2},{"damage":6,"enemies":"Hexaghost","floor":16,"turns":8},{"damage":27,"enemies":"Shell Parasite","floor":18,"turns":5},{"damage":16,"enemies":"2 Thieves","floor":20,"turns":3},{"damage":7,"enemies":"Sentry and Sphere","floor":21,"turns":4},{"damage":0,"enemies":"Snake Plant","floor":24,"turns":4},{"damage":15,"enemies":"Chosen and Byrds","floor":27,"turns":7},{"damage":12,"enemies":"3 Cultists","floor":30,"turns":6},{"damage":0,"enemies":"Centurion and Healer","floor":31,"turns":8},{"damage":38,"enemies":"Champ","floor":33,"turns":13},{"damage":0,"enemies":"Orb Walker","floor":35,"turns":3},{"damage":20,"enemies":"3 Darklings","floor":36,"turns":4},{"damage":27,"enemies":"Transient","floor":38,"turns":6},{"damage":28,"enemies":"Giant Head","floor":40,"turns":6}],"seed_played":"-6254821544014835519","potions_obtained":[{"floor":1,"key":"CunningPotion"},{"floor":3,"key":"Energy Potion"},{"floor":7,"key":"SpeedPotion"},{"floor":12,"key":"Strength Potion"},{"floor":16,"key":"SteroidPotion"},{"floor":20,"key":"Block Potion"},{"floor":24,"key":"BlessingOfTheForge"},{"floor":35,"key":"BlessingOfTheForge"}],"is_trial":false,"path_per_floor":["M","M","M","?","?","R","E","R","T","R","$","M","E","M","R","B",null,"M","?","M","M","T","R","M","R","T","M","?","R","M","M","R","B",null,"M","M","?","M","$","E"],"character_chosen":"THE_SILENT","items_purchased":["Bouncing Flask","Noxious Fumes"],"campfire_rested":4,"item_purchase_floors":[39,39],"current_hp_per_floor":[59,59,59,48,48,48,26,26,26,26,26,26,26,26,26,20,55,28,28,12,5,5,24,24,43,43,28,28,47,35,35,54,16,54,54,34,34,7,22,0,0],"gold":243,"neow_bonus":"THREE_ENEMY_KILL","is_daily":false,"chose_seed":false,"campfire_upgraded":4,"win_rate":0.0,"timestamp":1608254891,"path_taken":["M","?","M","?","?","R","E","R","T","R","?","M","E","M","R","BOSS","M","?","?","M","?","R","M","R","T","M","?","R","M","?","R","BOSS","M","M","?","M","?","E"],"items_purchased_type":["Card","Card"],"build_version":"2020-12-13","purchased_purges":2,"victory":false,"max_hp_per_floor":[66,66,66,66,66,66,66,66,66,66,66,66,66,66,66,66,66,66,66,66,66,66,66,66,66,66,66,66,66,66,66,66,66,66,66,66,66,66,66,66,66],"card_choices":[{"not_picked":["Dodge and Roll","Concentrate"],"picked":"Choke","floor":1},{"not_picked":["Blade Dance","Crippling Poison"],"picked":"Reflex","floor":2},{"not_picked":["Concentrate","Quick Slash"],"picked":"Skewer","floor":3},{"not_picked":["Dagger Spray","Infinite Blades"],"picked":"Terror","floor":7},{"not_picked":["Masterful Stab","Bane"],"picked":"Dagger Throw","floor":12},{"not_picked":["Deadly Poison","Skewer"],"picked":"Glass Knife","floor":13},{"not_picked":["Flying Knee","Masterful Stab"],"picked":"Deadly Poison","floor":14},{"not_picked":["A Thousand Cuts","Unload"],"picked":"Burst","floor":16},{"not_picked":["Dagger Spray","Caltrops","Slice"],"picked":"SKIP","floor":18},{"not_picked":["Flechettes","Acrobatics+1"],"picked":"Eviscerate+1","floor":20},{"not_picked":["Distraction","Grand Finale"],"picked":"PiercingWail","floor":21},{"not_picked":["Acrobatics","Sucker Punch"],"picked":"Dash+1","floor":24},{"not_picked":["Bane","Quick Slash","Deadly Poison"],"picked":"SKIP","floor":27},{"not_picked":["Bane","Quick Slash"],"picked":"Deadly Poison","floor":27},{"not_picked":["Blur","Blade Dance"],"picked":"Deflect+1","floor":30},{"not_picked":["Cloak And Dagger","Acrobatics"],"picked":"Corpse Explosion","floor":31},{"not_picked":["Tools of the Trade","Bullet Time"],"picked":"After Image","floor":33},{"not_picked":["Dagger Spray+1","All Out Attack+1","Blade Dance"],"picked":"SKIP","floor":35},{"not_picked":["Deadly Poison","Flying Knee"],"picked":"Concentrate","floor":36},{"not_picked":["Bane+1","Flechettes","Dodge and Roll"],"picked":"SKIP","floor":38},{"not_picked":["Bane+1","Flechettes","Dodge and Roll"],"picked":"SKIP","floor":38}],"player_experience":5199632,"relics_obtained":[{"floor":7,"key":"Centennial Puzzle"},{"floor":9,"key":"Oddly Smooth Stone"},{"floor":13,"key":"Art of War"},{"floor":22,"key":"Happy Flower"},{"floor":26,"key":"MealTicket"}],"event_choices":[{"damage_healed":0,"gold_gain":0,"player_choice":"Slimed","damage_taken":11,"max_hp_gain":0,"max_hp_loss":0,"event_name":"betterThird:BetterGoop","floor":4,"gold_loss":42},{"cards_removed":["Defend_G"],"damage_healed":0,"gold_gain":0,"player_choice":"Forget","damage_taken":0,"max_hp_gain":0,"max_hp_loss":0,"event_name":"Living Wall","floor":5,"gold_loss":0},{"damage_healed":0,"gold_gain":0,"player_choice":"Copied","damage_taken":0,"max_hp_gain":0,"max_hp_loss":0,"event_name":"Duplicator","floor":19,"gold_loss":0,"cards_obtained":["Neutralize"]},{"cards_removed":["Strike_G"],"damage_healed":0,"gold_gain":0,"player_choice":"Purged","damage_taken":0,"max_hp_gain":0,"max_hp_loss":0,"event_name":"Purifier","floor":28,"gold_loss":0},{"damage_healed":0,"gold_gain":0,"player_choice":"Cursed","damage_taken":0,"max_hp_gain":0,"max_hp_loss":0,"event_name":"Wheel of Change","floor":37,"gold_loss":0,"cards_obtained":["Decay"]}],"is_beta":false,"boss_relics":[{"not_picked":["Runic Dome","Coffee Dripper"],"picked":"Runic Pyramid"},{"not_picked":["SlaversCollar","Astrolabe"],"picked":"Philosopher\u0027s Stone"}],"items_purged_floors":[11,39],"is_endless":false,"potions_floor_spawned":[1,3,7,12,16,20,24,31,35,38],"killed_by":"Giant Head","ascension_level":20}}