{"host":"2cg6xoexl1he7zus","time":1608293749,"event":{"mods":["AchievementEnabler","BaseMod","Colored Map","Minty Spire (QoL Compilation)","Quick Restart","StSLib","SuperFastMode","everything is the same but u backflip on backflip"],"gold_per_floor":[110,35,46,46,46,80,80,255,282,282,60,72,91,21,21,126,126,140,140,65,65,65,92,92,125,125,125,125,125,74,94,94,194,194,204,220,27,38,38,38,38,38,38,65,165,179,31,46,46,46],"floor_reached":51,"playtime":1306,"items_purged":["Doubt","Strike_B"],"score":1064,"play_id":"b23d7ddf-f71b-460c-aa5f-db27c68263ae","local_time":"20201218211549","is_ascension_mode":true,"campfire_choices":[{"data":"Dualcast","floor":7.0,"key":"SMITH"},{"data":"Zap","floor":10.0,"key":"SMITH"},{"data":"Genetic Algorithm","floor":15.0,"key":"SMITH"},{"floor":24.0,"key":"REST"},{"data":"Thunder Strike","floor":27.0,"key":"SMITH"},{"data":"Tempest","floor":29.0,"key":"SMITH"},{"floor":32.0,"key":"REST"},{"floor":40.0,"key":"REST"},{"data":"Fission","floor":42.0,"key":"SMITH"},{"floor":49.0,"key":"REST"}],"circlet_count":0,"master_deck":["Strike_B","Strike_B+1","Defend_B","Defend_B","Defend_B+1","Defend_B","Zap+1","Dualcast+1","Ball Lightning","Tempest+1","Ball Lightning","Genetic Algorithm+1","Cold Snap","Thunder Strike+1","Core Surge","Capacitor","Hologram","Fission+1","Skim+1","Echo Form","Turbo","Scrape+1"],"relics":["Cracked Core","NeowsBlessing","InkBottle","Regal Pillow","Anchor","SacredBark","Nilry\u0027s Codex","Mercury Hourglass","Thread and Needle","Nloth\u0027s Gift","Nuclear Battery","Pear","Oddly Smooth Stone"],"acts_visited":["Exordium","TheCity","TheBeyond"],"potions_floor_usage":[50,50],"damage_taken":[{"damage":0.0,"enemies":"Cultist","floor":1.0,"turns":1.0},{"damage":0.0,"enemies":"2 Louse","floor":3.0,"turns":1.0},{"damage":0.0,"enemies":"3 Sentries","floor":6.0,"turns":1.0},{"damage":0.0,"enemies":"Small Slimes","floor":12.0,"turns":2.0},{"damage":0.0,"enemies":"Looter","floor":13.0,"turns":2.0},{"damage":22.0,"enemies":"Hexaghost","floor":16.0,"turns":8.0},{"damage":13.0,"enemies":"2 Thieves","floor":18.0,"turns":4.0},{"damage":22.0,"enemies":"Slavers","floor":23.0,"turns":4.0},{"damage":10.0,"enemies":"Gremlin Leader","floor":25.0,"turns":6.0},{"damage":7.0,"enemies":"Shell Parasite","floor":31.0,"turns":7.0},{"damage":73.0,"enemies":"Champ","floor":33.0,"turns":13.0},{"damage":0.0,"enemies":"3 Shapes","floor":35.0,"turns":3.0},{"damage":10.0,"enemies":"3 Darklings","floor":36.0,"turns":4.0},{"damage":13.0,"enemies":"Sphere and 2 Shapes","floor":38.0,"turns":4.0},{"damage":34.0,"enemies":"Reptomancer","floor":44.0,"turns":5.0},{"damage":16.0,"enemies":"Transient","floor":46.0,"turns":5.0},{"damage":8.0,"enemies":"Maw","floor":48.0,"turns":5.0},{"damage":27,"enemies":"Time Eater","floor":50,"turns":6}],"seed_played":"-3353024578199920617","potions_obtained":[{"floor":3.0,"key":"Weak Potion"},{"floor":13.0,"key":"Fruit Juice"},{"floor":16.0,"key":"PowerPotion"},{"floor":18.0,"key":"ColorlessPotion"},{"floor":23.0,"key":"Dexterity Potion"},{"floor":31.0,"key":"DuplicationPotion"},{"floor":35.0,"key":"Dexterity Potion"},{"floor":36.0,"key":"SteroidPotion"},{"floor":46.0,"key":"LiquidBronze"}],"is_trial":false,"path_per_floor":["M","$","M","$","?","E","R","?","T","R","$","M","M","$","R","B",null,"M","$","?","?","?","E","R","E","T","R","?","R","$","M","R","B",null,"M","M","$","M","$","R","$","R","T","E","?","M","$","M","R","B",null],"character_chosen":"DEFECT","items_purchased":["Tempest","Anchor","Thunder Strike","Hologram","Echo Form","Block Potion","PowerPotion"],"campfire_rested":4,"item_purchase_floors":[2,11,14,30,37,37,47],"current_hp_per_floor":[68,68,68,68,53,53,53,53,53,53,53,53,58,58,58,36,69,56,56,56,40,40,18,57,47,47,47,47,47,47,40,79,6,62,62,52,52,39,39,78,78,78,88,54,54,38,38,30,72,45],"gold":46,"neow_bonus":"THREE_ENEMY_KILL","is_daily":false,"chose_seed":false,"campfire_upgraded":6,"win_rate":0.0,"timestamp":1608293749,"path_taken":["M","?","M","$","?","E","R","?","T","R","$","M","M","$","R","BOSS","M","$","?","?","?","E","R","E","T","R","?","R","$","M","R","BOSS","M","?","?","M","$","R","$","R","T","E","?","M","$","M","R","BOSS"],"items_purchased_type":["Card","Relic","Card","Card","Card","Potion","Potion"],"build_version":"2020-12-13","purchased_purges":2,"victory":true,"max_hp_per_floor":[75,75,75,75,75,75,75,75,75,75,75,75,80,80,80,80,80,80,80,80,80,80,80,80,80,80,80,80,80,80,80,80,80,80,80,80,80,80,80,80,80,80,90,90,90,90,90,90,90,90],"card_choices":[{"not_picked":["Heatsinks","Auto Shields"],"picked":"Ball Lightning","floor":1.0},{"not_picked":["Darkness","Coolheaded"],"picked":"Ball Lightning","floor":3.0},{"not_picked":["Biased Cognition","Self Repair"],"picked":"Genetic Algorithm","floor":6.0},{"not_picked":["Sweeping Beam","Steam"],"picked":"Cold Snap","floor":12.0},{"not_picked":["Lockon","Streamline","Rip and Tear"],"picked":"SKIP","floor":13.0},{"not_picked":["Multi-Cast","Thunder Strike"],"picked":"Core Surge","floor":16.0},{"not_picked":["Stack","Steam","Fusion"],"picked":"SKIP","floor":18.0},{"not_picked":["Stack","Ball Lightning","Steam"],"picked":"SKIP","floor":23.0},{"not_picked":["Go for the Eyes+1","Core Surge","Beam Cell+1"],"picked":"SKIP","floor":25.0},{"not_picked":["Sweeping Beam","Cold Snap","Go for the Eyes"],"picked":"SKIP","floor":31.0},{"not_picked":["Thunder Strike","Core Surge"],"picked":"Fission","floor":33.0},{"not_picked":["Compile Driver+1","Redo","Force Field"],"picked":"SKIP","floor":35.0},{"not_picked":["Lockon","Streamline"],"picked":"Skim+1","floor":36.0},{"not_picked":["Redo","Barrage"],"picked":"Turbo","floor":38.0},{"not_picked":["Undo+1","Conserve Battery","Go for the Eyes+1"],"picked":"SKIP","floor":44.0},{"not_picked":["Auto Shields+1","Static Discharge"],"picked":"Scrape+1","floor":46.0},{"not_picked":["Beam Cell","Compile Driver","Sunder+1"],"picked":"SKIP","floor":48.0}],"player_experience":250382,"relics_obtained":[{"floor":6.0,"key":"InkBottle"},{"floor":9.0,"key":"Regal Pillow"},{"floor":21.0,"key":"Nilry\u0027s Codex"},{"floor":23.0,"key":"Mercury Hourglass"},{"floor":25.0,"key":"Thread and Needle"},{"floor":26.0,"key":"Orichalcum"},{"floor":43.0,"key":"Pear"},{"floor":44.0,"key":"Oddly Smooth Stone"}],"event_choices":[{"damage_healed":0.0,"max_hp_gain":0.0,"max_hp_loss":0.0,"gold_gain":0.0,"event_name":"Shining Light","player_choice":"Entered Light","floor":5.0,"gold_loss":0.0,"damage_taken":15.0,"cards_upgraded":["Defend_B","Strike_B"]},{"damage_healed":0.0,"max_hp_gain":0.0,"max_hp_loss":0.0,"gold_gain":175.0,"event_name":"Liars Game","player_choice":"AGREE","floor":8.0,"gold_loss":0.0,"damage_taken":0.0,"cards_obtained":["Doubt"]},{"cards_removed":["Strike_B"],"damage_healed":0.0,"max_hp_gain":0.0,"max_hp_loss":0.0,"gold_gain":0.0,"event_name":"Beggar","player_choice":"Gave Gold","floor":20.0,"gold_loss":75.0,"damage_taken":0.0},{"damage_healed":0.0,"max_hp_gain":0.0,"max_hp_loss":0.0,"gold_gain":0.0,"event_name":"Cursed Tome","player_choice":"Obtained Book","floor":21.0,"gold_loss":0.0,"damage_taken":16.0},{"damage_healed":0.0,"max_hp_gain":0.0,"max_hp_loss":0.0,"gold_gain":0.0,"event_name":"The Library","player_choice":"Read","floor":22.0,"gold_loss":0.0,"damage_taken":0.0,"cards_obtained":["Capacitor"]},{"damage_healed":0.0,"max_hp_gain":0.0,"max_hp_loss":0.0,"gold_gain":0.0,"event_name":"N\u0027loth","player_choice":"Traded Relic","floor":28.0,"relics_lost":["Orichalcum"],"gold_loss":0.0,"damage_taken":0.0,"relics_obtained":["Nloth\u0027s Gift"]},{"damage_healed":0.0,"max_hp_gain":0.0,"max_hp_loss":0.0,"gold_gain":100.0,"event_name":"Golden Shrine","player_choice":"Pray","floor":45.0,"gold_loss":0.0,"damage_taken":0.0}],"is_beta":false,"boss_relics":[{"not_picked":["Busted Crown","SlaversCollar"],"picked":"SacredBark"},{"not_picked":["Velvet Choker","Coffee Dripper"],"picked":"Nuclear Battery"}],"items_purged_floors":[11,47],"is_endless":false,"potions_floor_spawned":[3,13,16,18,23,31,35,36,46],"ascension_level":9}}