{"host":"9v3x998ddbx8o276","time":1608269176,"event":{"mods":["AchievementEnabler","BaseMod","Colored Map","Highlight Path","Minty Spire (QoL Compilation)","Quick Restart","Rare Cards Sparkle"],"gold_per_floor":[110,128,403,419,434,434,8,8,62,96,16,16,49,69,69,142,142,62,76,126,126,51,51,51],"floor_reached":23,"playtime":841,"items_purged":["Regret"],"score":394,"play_id":"c3502010-ca37-44d0-a1ef-9bda8c3dfa8a","local_time":"20201218155616","is_ascension_mode":true,"campfire_choices":[{"floor":6,"key":"REST"},{"data":"Biased Cognition","floor":8,"key":"SMITH"},{"floor":12,"key":"REST"},{"floor":15,"key":"REST"}],"circlet_count":0,"master_deck":["AscendersBane","Strike_B","Strike_B","Strike_B","Strike_B","Defend_B","Defend_B","Defend_B","Defend_B","Zap","Dualcast","Gash","Turbo","Ball Lightning","Ball Lightning","Amplify","Biased Cognition+1","Self Repair","Glacier","Sweeping Beam","Ball Lightning","Core Surge","CurseOfTheBell","Chill+1","Compile Driver","Storm","Genetic Algorithm"],"relics":["Cracked Core","NeowsBlessing","PreservedInsect","Orichalcum","MealTicket","Kunai","Calling Bell","Lantern","Question Card","Prayer Wheel"],"acts_visited":["Exordium","TheCity"],"potions_floor_usage":[5,18,18],"damage_taken":[{"damage":0,"enemies":"Cultist","floor":1,"turns":1},{"damage":0,"enemies":"2 Louse","floor":2,"turns":1},{"damage":0,"enemies":"Small Slimes","floor":4,"turns":1},{"damage":17,"enemies":"Exordium Wildlife","floor":5,"turns":3},{"damage":24,"enemies":"Gremlin Nob","floor":10,"turns":4},{"damage":31,"enemies":"Lagavulin","floor":13,"turns":5},{"damage":9,"enemies":"2 Fungi Beasts","floor":14,"turns":3},{"damage":51,"enemies":"Slime Boss","floor":16,"turns":13},{"damage":24,"enemies":"2 Thieves","floor":18,"turns":4},{"damage":6,"enemies":"Chosen","floor":19,"turns":5},{"damage":47,"enemies":"Book of Stabbing","floor":23,"turns":5}],"seed_played":"-6918343084741865801","potions_obtained":[{"floor":1,"key":"Explosive Potion"},{"floor":5,"key":"Regen Potion"},{"floor":14,"key":"Block Potion"}],"is_trial":false,"path_per_floor":["M","M","?","M","M","R","$","R","T","E","$","R","E","M","R","B",null,"M","M","?","?","$","E"],"character_chosen":"DEFECT","items_purchased":["PreservedInsect","Amplify","Biased Cognition","Glacier"],"campfire_rested":3,"item_purchase_floors":[7,7,7,11],"current_hp_per_floor":[64,64,64,64,47,68,68,68,68,44,59,71,47,45,66,22,59,56,50,50,50,65,18,18],"gold":51,"neow_bonus":"THREE_ENEMY_KILL","is_daily":false,"chose_seed":false,"campfire_upgraded":1,"win_rate":0.0,"timestamp":1608269176,"path_taken":["M","?","?","?","M","R","$","R","T","E","$","R","E","M","R","BOSS","M","M","?","?","$","E"],"items_purchased_type":["Relic","Card","Card","Card"],"build_version":"2020-12-13","purchased_purges":1,"victory":false,"max_hp_per_floor":[71,71,71,71,71,71,71,71,71,71,71,71,71,71,71,71,71,71,71,71,71,71,71,71],"card_choices":[{"not_picked":["Blizzard","Hologram"],"picked":"Gash","floor":1},{"not_picked":["Reprogram","Consume"],"picked":"Turbo","floor":2},{"not_picked":["Conserve Battery","Genetic Algorithm"],"picked":"Ball Lightning","floor":4},{"not_picked":["Recycle","Leap"],"picked":"Ball Lightning","floor":5},{"not_picked":["Fission","Auto Shields"],"picked":"Self Repair","floor":10},{"not_picked":["Cold Snap","Redo"],"picked":"Sweeping Beam","floor":13},{"not_picked":["Go for the Eyes","Turbo"],"picked":"Ball Lightning","floor":14},{"not_picked":["All For One","Machine Learning"],"picked":"Core Surge","floor":16},{"not_picked":["Storm","Scrape","Cold Snap"],"picked":"Chill+1","floor":18},{"not_picked":["Conserve Battery","Turbo+1","Ball Lightning"],"picked":"Compile Driver","floor":18},{"not_picked":["Hologram","Blizzard","Tempest"],"picked":"Storm","floor":19},{"not_picked":["Turbo","Ball Lightning","Reprogram","Rebound"],"picked":"SKIP","floor":19}],"player_experience":2033543,"relics_obtained":[{"floor":9,"key":"Orichalcum"},{"floor":10,"key":"MealTicket"},{"floor":13,"key":"Kunai"},{"floor":17,"key":"Lantern"},{"floor":17,"key":"Question Card"},{"floor":17,"key":"Prayer Wheel"}],"event_choices":[{"damage_healed":0,"gold_gain":275,"player_choice":"Desecrate","damage_taken":0,"max_hp_gain":0,"max_hp_loss":0,"event_name":"Golden Shrine","floor":3,"gold_loss":0,"cards_obtained":["Regret"]},{"damage_healed":0,"gold_gain":50,"player_choice":"Stole From Cult","damage_taken":0,"max_hp_gain":0,"max_hp_loss":0,"event_name":"Nest","floor":20,"gold_loss":0},{"damage_healed":0,"gold_gain":0,"player_choice":"Read","damage_taken":0,"max_hp_gain":0,"max_hp_loss":0,"event_name":"The Library","floor":21,"gold_loss":0,"cards_obtained":["Genetic Algorithm"]}],"is_beta":false,"boss_relics":[{"not_picked":["Velvet Choker","Coffee Dripper"],"picked":"Calling Bell"}],"items_purged_floors":[22],"is_endless":false,"potions_floor_spawned":[1,5,14],"killed_by":"Book of Stabbing","ascension_level":20}}