{"host":"e87rn453naquue3h","time":1608270104,"event":{"mods":["AchievementEnabler","BaseMod","Minty Spire (QoL Compilation)","StSLib"],"gold_per_floor":[111,211,223,242,35,35,64,64,64,64,85,98,138,163,163,259,259,288,313,313,363,373,373,388,420,493,493,502,306,306,317,317,404,431,450,464,488,517,27,27,60,71,71,71,109,137,163,163,163,163,163],"floor_reached":52,"playtime":14123,"items_purged":["Decay","Defend_P"],"score":1998,"play_id":"8ff04e50-2f4f-44cb-aaca-2da97dbaf1b8","local_time":"20201218004144","is_ascension_mode":true,"campfire_choices":[{"data":"Fasting2","floor":6,"key":"SMITH"},{"data":"WindmillStrike","floor":10,"key":"SMITH"},{"data":"WheelKick","floor":15,"key":"SMITH"},{"floor":23,"key":"REST"},{"floor":27,"key":"REST"},{"data":"LikeWater","floor":30,"key":"SMITH"},{"data":"Eruption","floor":32,"key":"SMITH"},{"data":"Devotion","floor":40,"key":"SMITH"},{"data":"Magnetism","floor":44,"key":"SMITH"},{"floor":49,"key":"REST"}],"circlet_count":0,"master_deck":["AscendersBane","Strike_P","Strike_P","Strike_P","Defend_P","Eruption+1","Vigilance","BowlingBash","Halt","Conclude","Fasting2+1","WindmillStrike+1","ThirdEye+1","WheelKick+1","Sanctity+1","ClearTheMind+1","SpiritShield+1","CurseOfTheBell","Protect+1","Swivel+1","Alpha+1","CutThroughFate+1","DeusExMachina+1","Sanctity+1","LikeWater+1","Devotion+1","Prostrate+1","CutThroughFate+1","SashWhip+1","Evaluate+1","BattleHymn","EmptyMind+1","Magnetism+1","WheelKick","Devotion"],"relics":["Philosopher\u0027s Stone","OrangePellets","Mummified Hand","Bloody Idol","Toxic Egg 2","Ice Cream","Calling Bell","CeramicFish","Kunai","Bird Faced Urn","Mercury Hourglass","Bottled Tornado","Orrery","Astrolabe","Membership Card","Singing Bowl","Ornamental Fan","Ginger","Boot","Turnip"],"acts_visited":["Exordium","TheCity","TheBeyond"],"potions_floor_usage":[7,16,22,25,25,33,38,41,46,47,50,51],"damage_taken":[{"damage":0,"enemies":"Jaw Worm","floor":1,"turns":2},{"damage":0,"enemies":"Cultist","floor":3,"turns":3},{"damage":0,"enemies":"2 Louse","floor":4,"turns":3},{"damage":6,"enemies":"Gremlin Nob","floor":7,"turns":3},{"damage":7,"enemies":"Blue Slaver","floor":11,"turns":4},{"damage":0,"enemies":"3 Louse","floor":12,"turns":1},{"damage":3,"enemies":"3 Sentries","floor":13,"turns":3},{"damage":4,"enemies":"Gremlin Gang","floor":14,"turns":3},{"damage":32,"enemies":"Hexaghost","floor":16,"turns":5},{"damage":22,"enemies":"Shell Parasite","floor":18,"turns":4},{"damage":22,"enemies":"2 Thieves","floor":19,"turns":4},{"damage":4,"enemies":"Cultist and Chosen","floor":22,"turns":5},{"damage":14,"enemies":"Centurion and Healer","floor":24,"turns":5},{"damage":3,"enemies":"Slavers","floor":25,"turns":6},{"damage":3,"enemies":"Chosen and Byrds","floor":31,"turns":4},{"damage":11,"enemies":"Champ","floor":33,"turns":8},{"damage":15,"enemies":"3 Darklings","floor":35,"turns":4},{"damage":13,"enemies":"Orb Walker","floor":36,"turns":5},{"damage":0,"enemies":"Spire Growth","floor":37,"turns":5},{"damage":0,"enemies":"Maw","floor":38,"turns":4},{"damage":30,"enemies":"Reptomancer","floor":41,"turns":5},{"damage":13,"enemies":"4 Shapes","floor":42,"turns":6},{"damage":17,"enemies":"Nemesis","floor":45,"turns":7},{"damage":0,"enemies":"Sphere and 2 Shapes","floor":46,"turns":5},{"damage":46,"enemies":"Reptomancer","floor":47,"turns":5},{"damage":29,"enemies":"Awakened One","floor":50,"turns":7},{"damage":0,"enemies":"Donu and Deca","floor":51,"turns":6}],"seed_played":"-8514450546508625065","potions_obtained":[{"floor":4,"key":"Block Potion"},{"floor":13,"key":"AttackPotion"},{"floor":14,"key":"Ancient Potion"},{"floor":16,"key":"ColorlessPotion"},{"floor":18,"key":"Swift Potion"},{"floor":24,"key":"DistilledChaos"},{"floor":31,"key":"Strength Potion"},{"floor":33,"key":"Regen Potion"},{"floor":35,"key":"BlessingOfTheForge"},{"floor":36,"key":"AttackPotion"},{"floor":41,"key":"LiquidMemories"},{"floor":46,"key":"EssenceOfSteel"},{"floor":47,"key":"Fire Potion"}],"is_trial":false,"path_per_floor":["M","?","M","M","$","R","E","?","T","R","M","M","E","M","R","B",null,"M","M","?","?","M","R","M","E","T","R","?","$","R","M","R","B",null,"M","M","M","M","$","R","E","M","T","R","E","M","E","?","R","B","B",null],"character_chosen":"WATCHER","items_purchased":["OrangePellets","Fasting2","Orrery","Membership Card","Singing Bowl","Fruit Juice","Magnetism"],"campfire_rested":3,"item_purchase_floors":[5,5,29,39,39,39,39],"current_hp_per_floor":[61,61,61,61,61,61,55,55,55,55,48,48,45,41,41,9,49,29,9,9,14,17,35,28,32,37,55,60,62,62,62,62,62,62,59,56,62,62,62,62,58,62,62,62,66,71,40,40,61,46,60],"gold":163,"neow_bonus":"BOSS_RELIC","is_daily":false,"chose_seed":false,"campfire_upgraded":7,"win_rate":0.0,"timestamp":1608270104,"path_taken":["M","?","?","M","$","R","E","?","T","R","M","M","E","M","R","BOSS","M","M","?","?","M","R","M","E","T","R","?","$","R","M","R","BOSS","M","?","M","?","$","R","E","M","T","R","E","M","E","?","R","BOSS","BOSS"],"items_purchased_type":["Relic","Card","Relic","Relic","Relic","Potion","Card"],"build_version":"2020-12-13","purchased_purges":2,"victory":true,"max_hp_per_floor":[68,68,68,68,68,68,68,62,62,62,62,62,62,62,62,62,62,62,62,62,62,62,62,62,62,62,62,62,62,62,62,62,62,62,62,62,62,62,62,62,64,66,66,66,66,71,73,73,73,73,73],"card_choices":[{"not_picked":["Prostrate","ClearTheMind"],"picked":"BowlingBash","floor":1},{"not_picked":["ClearTheMind","ForeignInfluence"],"picked":"Halt","floor":3},{"not_picked":["Establishment","PathToVictory"],"picked":"Conclude","floor":4},{"not_picked":["Consecrate","Crescendo"],"picked":"WindmillStrike","floor":7},{"not_picked":["CrushJoints","PathToVictory+1"],"picked":"ThirdEye+1","floor":11},{"not_picked":["Tantrum","CutThroughFate"],"picked":"WheelKick","floor":12},{"not_picked":["TalkToTheHand","CutThroughFate"],"picked":"Sanctity+1","floor":13},{"not_picked":["ReachHeaven","BowlingBash"],"picked":"ClearTheMind+1","floor":14},{"not_picked":["Devotion","DeusExMachina+1"],"picked":"SpiritShield+1","floor":16},{"not_picked":["ClearTheMind+1","PathToVictory+1"],"picked":"Protect+1","floor":18},{"not_picked":["Pray+1","CrushJoints"],"picked":"Swivel+1","floor":19},{"not_picked":["WaveOfTheHand+1","Consecrate","PathToVictory+1"],"picked":"SKIP","floor":22},{"not_picked":["CrushJoints","Crescendo+1","CutThroughFate"],"picked":"SKIP","floor":24},{"not_picked":["ThirdEye+1","ClearTheMind+1","ForeignInfluence+1"],"picked":"SKIP","floor":25},{"not_picked":["JustLucky","Sanctity+1"],"picked":"Alpha+1","floor":29},{"not_picked":["Collect+1","BowlingBash"],"picked":"CutThroughFate+1","floor":29},{"not_picked":["JustLucky","FollowUp"],"picked":"DeusExMachina+1","floor":29},{"not_picked":["Worship+1","JustLucky"],"picked":"Sanctity+1","floor":29},{"not_picked":["FlurryOfBlows","Consecrate"],"picked":"LikeWater","floor":29},{"not_picked":["Consecrate","CrushJoints","Crescendo+1"],"picked":"SKIP","floor":31},{"not_picked":["Judgement+1","Establishment"],"picked":"Devotion","floor":33},{"not_picked":["FlyingSleeves","WindmillStrike"],"picked":"Evaluate+1","floor":35},{"not_picked":["FollowUp","Protect+1","MentalFortress"],"picked":"SKIP","floor":36},{"not_picked":["SandsOfTime","JustLucky"],"picked":"BattleHymn","floor":37},{"not_picked":["WindmillStrike+1","CutThroughFate"],"picked":"EmptyMind+1","floor":38},{"not_picked":["DeceiveReality+1","Nirvana+1","FollowUp"],"picked":"Singing Bowl","floor":41},{"not_picked":["FlyingSleeves","Prostrate+1","Halt+1"],"picked":"Singing Bowl","floor":42},{"not_picked":["Wallop","FollowUp+1"],"picked":"WheelKick","floor":45},{"not_picked":["SandsOfTime","Halt+1"],"picked":"Devotion","floor":46},{"not_picked":["WheelKick","Wireheading","Prostrate+1"],"picked":"Singing Bowl","floor":47}],"player_experience":2294192,"relics_obtained":[{"floor":7,"key":"Mummified Hand"},{"floor":9,"key":"Toxic Egg 2"},{"floor":13,"key":"Ice Cream"},{"floor":17,"key":"CeramicFish"},{"floor":17,"key":"Kunai"},{"floor":17,"key":"Bird Faced Urn"},{"floor":25,"key":"Mercury Hourglass"},{"floor":26,"key":"Bottled Tornado"},{"floor":41,"key":"Ornamental Fan"},{"floor":43,"key":"Ginger"},{"floor":45,"key":"Boot"},{"floor":47,"key":"Turnip"}],"event_choices":[{"damage_healed":0,"gold_gain":100,"player_choice":"Gold","damage_taken":0,"max_hp_gain":0,"max_hp_loss":0,"event_name":"Wheel of Change","floor":2,"gold_loss":0},{"damage_healed":0,"gold_gain":0,"player_choice":"Lose Max HP","damage_taken":0,"relics_obtained":["Golden Idol"],"max_hp_gain":0,"max_hp_loss":6,"event_name":"Golden Idol","floor":8,"gold_loss":0},{"damage_healed":0,"gold_gain":0,"player_choice":"Gave Idol","damage_taken":0,"relics_obtained":["Bloody Idol"],"max_hp_gain":0,"max_hp_loss":0,"event_name":"Forgotten Altar","floor":20,"relics_lost":["Golden Idol"],"gold_loss":0},{"damage_healed":0,"gold_gain":50,"player_choice":"Stole From Cult","damage_taken":0,"max_hp_gain":0,"max_hp_loss":0,"event_name":"Nest","floor":21,"gold_loss":0},{"damage_healed":0,"gold_gain":0,"player_choice":"Cursed","damage_taken":0,"max_hp_gain":0,"max_hp_loss":0,"event_name":"Wheel of Change","floor":28,"gold_loss":0,"cards_obtained":["Decay"]},{"damage_healed":0,"gold_gain":0,"player_choice":"Ignored","damage_taken":0,"max_hp_gain":0,"max_hp_loss":0,"event_name":"Mysterious Sphere","floor":48,"gold_loss":0}],"is_beta":false,"boss_relics":[{"not_picked":["Fusion Hammer","Coffee Dripper"],"picked":"Calling Bell"},{"not_picked":["Pandora\u0027s Box","Cursed Key"],"picked":"Astrolabe"}],"items_purged_floors":[29,39],"is_endless":false,"potions_floor_spawned":[4,13,14,16,18,19,24,31,33,35,36,41,46,47],"ascension_level":20}}