{"host":"p245q48pmopyklqs","time":1608268360,"event":{"mods":["AchievementEnabler","BaseMod","DeckTracker","Minty Spire (QoL Compilation)","Relic Stats","Slay-I","StSLib","SuperFastMode"],"gold_per_floor":[119,133,133,154,178,178,197,197,197,236,261,339,339,360,360,456,456,469,489,244,244,267,267,267,267,267,290,290,304,304,317,317,317,317],"floor_reached":33,"playtime":4839,"items_purged":["Strike_B"],"score":702,"play_id":"afd57911-1d34-4cc0-928e-1cabb4b21885","local_time":"20201218141240","is_ascension_mode":true,"campfire_choices":[{"data":"Coolheaded","floor":6.0,"key":"SMITH"},{"data":"Beam Cell","floor":8.0,"key":"SMITH"},{"floor":13.0,"key":"REST"},{"data":"Streamline","floor":15.0,"key":"SMITH"},{"data":"Biased Cognition","floor":23.0,"key":"SMITH"},{"floor":25.0,"key":"REST"},{"floor":28.0,"key":"REST"},{"floor":32,"key":"REST"}],"circlet_count":0,"master_deck":["AscendersBane","Strike_B","Strike_B","Strike_B","Defend_B","Defend_B","Defend_B","Defend_B","Zap","Dualcast","Streamline+1","Coolheaded+1","Cold Snap","Hello World","Beam Cell+1","Glacier","Seek","Biased Cognition+1","Chill","Reboot","Heatsinks+1","Glacier","Ball Lightning+1"],"relics":["Velvet Choker","Golden Idol","Bag of Marbles","Thread and Needle","Inserter","Enchiridion","Ornamental Fan","SsserpentHead"],"acts_visited":["Exordium","TheCity"],"potions_floor_usage":[29],"damage_taken":[{"damage":3.0,"enemies":"2 Louse","floor":1.0,"turns":3.0},{"damage":7.0,"enemies":"Small Slimes","floor":2.0,"turns":2.0},{"damage":0.0,"enemies":"Jaw Worm","floor":4.0,"turns":4.0},{"damage":4.0,"enemies":"Looter","floor":5.0,"turns":3.0},{"damage":6.0,"enemies":"Gremlin Gang","floor":7.0,"turns":5.0},{"damage":17.0,"enemies":"Lagavulin","floor":10.0,"turns":5.0},{"damage":13.0,"enemies":"3 Louse","floor":11.0,"turns":3.0},{"damage":16.0,"enemies":"Gremlin Nob","floor":12.0,"turns":4.0},{"damage":0.0,"enemies":"Red Slaver","floor":14.0,"turns":4.0},{"damage":11.0,"enemies":"Slime Boss","floor":16.0,"turns":7.0},{"damage":7.0,"enemies":"Spheric Guardian","floor":18.0,"turns":6.0},{"damage":2.0,"enemies":"Chosen","floor":19.0,"turns":5.0},{"damage":12.0,"enemies":"Shelled Parasite and Fungi","floor":22.0,"turns":6.0},{"damage":29.0,"enemies":"Snake Plant","floor":27.0,"turns":7.0},{"damage":9,"enemies":"Centurion and Healer","floor":29,"turns":6},{"damage":0,"enemies":"Sentry and Sphere","floor":31,"turns":6},{"damage":42,"enemies":"Collector","floor":33,"turns":9}],"seed_played":"2032732965348483570","potions_obtained":[{"floor":5.0,"key":"Block Potion"},{"floor":10.0,"key":"SneckoOil"},{"floor":11.0,"key":"Regen Potion"},{"floor":16.0,"key":"FearPotion"},{"floor":22.0,"key":"Energy Potion"},{"floor":29,"key":"Strength Potion"}],"is_trial":false,"path_per_floor":["M","M","?","M","M","R","M","R","T","E","M","?","R","M","R","B",null,"M","M","$","?","M","R","?","R","T","M","R","M","?","M","R","B"],"character_chosen":"DEFECT","items_purchased":["Biased Cognition","Chill"],"campfire_rested":4,"item_purchase_floors":[20,20],"current_hp_per_floor":[61,54,54,54,50,50,44,44,44,27,14,10,29,29,29,18,53,46,44,44,44,32,32,11,30,30,1,20,11,11,11,30,0,0],"gold":317,"neow_bonus":"BOSS_RELIC","is_daily":false,"chose_seed":false,"campfire_upgraded":4,"win_rate":0.0,"timestamp":1608268360,"path_taken":["M","M","?","M","M","R","M","R","T","E","M","?","R","M","R","BOSS","M","M","$","?","M","R","?","R","T","M","R","M","?","M","R","BOSS"],"items_purchased_type":["Card","Card"],"build_version":"2020-12-13","purchased_purges":1,"victory":false,"max_hp_per_floor":[71,71,64,64,64,64,64,64,64,64,64,64,64,64,64,64,64,64,64,64,64,64,64,64,64,64,64,64,64,64,64,64,64,64],"relic_stats":{"SsserpentHead":0,"Inserter":[22],"counters":[17,85],"Golden Idol":96,"Ornamental Fan":[28],"obtain_stats":[{"SsserpentHead":30,"Inserter":17,"Golden Idol":3,"Ornamental Fan":26,"Velvet Choker":0,"Enchiridion":24,"Thread and Needle":12,"Bag of Marbles":10,"Cracked Core":0},{"SsserpentHead":15,"Inserter":10,"Golden Idol":2,"Ornamental Fan":13,"Velvet Choker":0,"Enchiridion":13,"Thread and Needle":8,"Bag of Marbles":6,"Cracked Core":0},{"SsserpentHead":70,"Inserter":40,"Golden Idol":5,"Ornamental Fan":57,"Velvet Choker":0,"Enchiridion":57,"Thread and Needle":29,"Bag of Marbles":22,"Cracked Core":0}]},"card_choices":[{"not_picked":["Go for the Eyes","Coolheaded"],"picked":"Streamline","floor":1.0},{"not_picked":["Rebound","Conserve Battery"],"picked":"Coolheaded","floor":2.0},{"not_picked":["Conserve Battery","Stack"],"picked":"Cold Snap","floor":4.0},{"not_picked":["Reprogram","Loop"],"picked":"Hello World","floor":5.0},{"not_picked":["Rebound","Heatsinks"],"picked":"Beam Cell","floor":7.0},{"not_picked":["Streamline","FTL"],"picked":"Glacier","floor":10.0},{"not_picked":["Scrape","Streamline","Amplify"],"picked":"SKIP","floor":11.0},{"not_picked":["Recycle","Steam Power","Static Discharge"],"picked":"SKIP","floor":14.0},{"not_picked":["Reboot","Hyperbeam"],"picked":"Seek","floor":16.0},{"not_picked":["Hello World","Beam Cell","Gash"],"picked":"SKIP","floor":18.0},{"not_picked":["Streamline","Barrage","Hello World"],"picked":"SKIP","floor":19.0},{"not_picked":["Scrape","Go for the Eyes"],"picked":"Heatsinks+1","floor":22.0},{"not_picked":["Sweeping Beam","Leap"],"picked":"Glacier","floor":27.0},{"not_picked":["Darkness+1","Doom and Gloom","Double Energy"],"picked":"SKIP","floor":29},{"not_picked":["Ball Lightning+1","Sweeping Beam","Gash+1"],"picked":"SKIP","floor":31},{"not_picked":["Sweeping Beam","Gash+1"],"picked":"Ball Lightning+1","floor":31}],"player_experience":2299508,"relics_obtained":[{"floor":10.0,"key":"Bag of Marbles"},{"floor":12.0,"key":"Thread and Needle"},{"floor":24.0,"key":"Enchiridion"},{"floor":26.0,"key":"Ornamental Fan"}],"event_choices":[{"damage_healed":0.0,"max_hp_gain":0.0,"max_hp_loss":7.0,"gold_gain":0.0,"event_name":"Golden Idol","player_choice":"Lose Max HP","floor":3.0,"gold_loss":0.0,"damage_taken":0.0,"relics_obtained":["Golden Idol"]},{"damage_healed":0.0,"max_hp_gain":0.0,"max_hp_loss":0.0,"gold_gain":0.0,"event_name":"Dead Adventurer","player_choice":"Searched \u00272\u0027 times","floor":12.0,"gold_loss":0.0,"damage_taken":0.0},{"damage_healed":0.0,"max_hp_gain":0.0,"max_hp_loss":0.0,"gold_gain":0.0,"event_name":"The Library","player_choice":"Read","floor":21.0,"gold_loss":0.0,"damage_taken":0.0,"cards_obtained":["Reboot"]},{"damage_healed":0.0,"max_hp_gain":0.0,"max_hp_loss":0.0,"gold_gain":0.0,"event_name":"Cursed Tome","player_choice":"Obtained Book","floor":24.0,"gold_loss":0.0,"damage_taken":21.0},{"damage_healed":0,"gold_gain":0,"player_choice":"Trade","damage_taken":0,"relics_obtained":["SsserpentHead"],"max_hp_gain":0,"max_hp_loss":0,"event_name":"FaceTrader","floor":30,"gold_loss":0}],"is_beta":false,"boss_relics":[{"not_picked":["Calling Bell","Coffee Dripper"],"picked":"Inserter"}],"items_purged_floors":[20],"is_endless":false,"potions_floor_spawned":[5,10,11,16,22,27,29],"killed_by":"Collector","ascension_level":20}}