{"host":"dvpvhz1t6etneyb3","time":1608302266,"event":{"mods":["AchievementEnabler","BaseMod","Colored Map","Highlight Path","Minty Spire (QoL Compilation)","Permanent Neow","Quick Restart"],"gold_per_floor":[110,17,28,28,28,57,57,57,57,57,77,77,91,125,125,201,201,161,4,4,4,4,4,4,4,4,4,4,4,4,4,4,4,4,4,4,4,4,4,4,4,4,4,4,4,4,4,4,4,4,4],"floor_reached":50,"playtime":2407,"items_purged":[],"score":1092,"play_id":"0226d102-7099-4141-87f6-83d60e053ae8","local_time":"20201218093746","is_ascension_mode":true,"campfire_choices":[{"data":"Defragment","floor":8.0,"key":"SMITH"},{"data":"Loop","floor":12.0,"key":"SMITH"},{"data":"Dualcast","floor":15.0,"key":"SMITH"},{"data":"Fission","floor":23.0,"key":"SMITH"},{"data":"Zap","floor":25.0,"key":"SMITH"},{"floor":27.0,"key":"REST"},{"floor":32.0,"key":"REST"},{"floor":42.0,"key":"REST"},{"floor":45.0,"key":"REST"},{"floor":49.0,"key":"REST"}],"circlet_count":0,"master_deck":["AscendersBane","Strike_B","Strike_B","Strike_B","Defend_B","Defend_B","Defend_B","Defend_B","Zap+1","Dualcast+1","Gash+1","Defragment+1","Cold Snap","Loop+1","Ball Lightning","Glacier","Conserve Battery","Fission+1","Compile Driver","All For One+1","Doom and Gloom","Coolheaded","Gash","RitualDagger","Multi-Cast","Static Discharge","Defragment","Coolheaded+1","Defragment","Electrodynamics"],"relics":["Cracked Core","Incense Burner","Strawberry","Darkstone Periapt","Sundial","Akabeko","Potion Belt","Ectoplasm","Happy Flower","Omamori","Bottled Tornado","Singing Bowl","Inserter","Matryoshka","Ornamental Fan","Dream Catcher","CeramicFish","Whetstone"],"acts_visited":["Exordium","TheCity","TheBeyond"],"potions_floor_usage":[50,50],"damage_taken":[{"damage":2.0,"enemies":"Jaw Worm","floor":1.0,"turns":3.0},{"damage":2.0,"enemies":"2 Louse","floor":3.0,"turns":3.0},{"damage":21.0,"enemies":"3 Sentries","floor":6.0,"turns":7.0},{"damage":0.0,"enemies":"Cultist","floor":11.0,"turns":3.0},{"damage":2.0,"enemies":"Exordium Thugs","floor":13.0,"turns":3.0},{"damage":1.0,"enemies":"Lagavulin","floor":14.0,"turns":6.0},{"damage":8.0,"enemies":"The Guardian","floor":16.0,"turns":11.0},{"damage":2.0,"enemies":"2 Thieves","floor":18.0,"turns":3.0},{"damage":0.0,"enemies":"Shell Parasite","floor":20.0,"turns":8.0},{"damage":2.0,"enemies":"3 Cultists","floor":22.0,"turns":7.0},{"damage":5.0,"enemies":"Snake Plant","floor":24.0,"turns":4.0},{"damage":13.0,"enemies":"Gremlin Leader","floor":28.0,"turns":6.0},{"damage":22.0,"enemies":"Slavers","floor":31.0,"turns":6.0},{"damage":34.0,"enemies":"Automaton","floor":33.0,"turns":11.0},{"damage":9.0,"enemies":"3 Shapes","floor":35.0,"turns":4.0},{"damage":0.0,"enemies":"Orb Walker","floor":38.0,"turns":3.0},{"damage":55.0,"enemies":"Giant Head","floor":40.0,"turns":10.0},{"damage":39.0,"enemies":"Nemesis","floor":44.0,"turns":9.0},{"damage":0.0,"enemies":"Jaw Worm Horde","floor":46.0,"turns":7.0},{"damage":17.0,"enemies":"4 Shapes","floor":47.0,"turns":5.0},{"damage":10.0,"enemies":"Maw","floor":48.0,"turns":8.0},{"damage":48,"enemies":"Awakened One","floor":50,"turns":2}],"seed_played":"-2272772997948598890","potions_obtained":[{"floor":3.0,"key":"EssenceOfSteel"},{"floor":11.0,"key":"ColorlessPotion"},{"floor":13.0,"key":"Strength Potion"},{"floor":16.0,"key":"Block Potion"},{"floor":20.0,"key":"FairyPotion"},{"floor":24.0,"key":"Block Potion"},{"floor":31.0,"key":"BlessingOfTheForge"},{"floor":33.0,"key":"PotionOfCapacity"},{"floor":40.0,"key":"LiquidMemories"},{"floor":46.0,"key":"LiquidMemories"},{"floor":48.0,"key":"Dexterity Potion"}],"is_trial":false,"path_per_floor":["M","$","M","?","?","E","T","R","T","?","M","R","M","E","R","B",null,"M","$","M","?","M","R","M","R","T","R","E","?","$","E","R","B",null,"M","?","T","M","$","E","?","R","T","E","R","M","M","M","R","B"],"character_chosen":"DEFECT","items_purchased":["Defragment","Cold Snap","Happy Flower"],"campfire_rested":5,"item_purchase_floors":[2,2,19],"current_hp_per_floor":[62,62,60,60,62,41,41,41,41,34,34,34,32,31,31,23,59,57,57,57,57,55,55,50,50,50,71,58,52,52,32,53,19,60,53,53,53,53,53,22,37,59,59,20,44,46,29,21,45,0,0],"gold":4,"neow_bonus":"ONE_RARE_RELIC","is_daily":false,"chose_seed":false,"campfire_upgraded":5,"win_rate":0.0,"timestamp":1608302266,"path_taken":["M","$","M","?","?","E","?","R","T","?","M","R","M","E","R","BOSS","M","$","M","?","?","R","M","R","T","R","E","?","$","E","R","BOSS","M","?","?","?","$","E","?","R","T","E","R","M","M","M","R","BOSS"],"items_purchased_type":["Card","Card","Relic"],"build_version":"2020-12-13","purchased_purges":0,"victory":false,"max_hp_per_floor":[64,64,64,64,71,71,71,71,71,71,71,71,71,71,71,71,71,71,71,71,71,71,71,71,71,71,71,71,71,71,73,73,73,73,75,75,75,75,75,75,75,75,75,75,77,79,79,81,81,81,81],"card_choices":[{"not_picked":["Beam Cell","Compile Driver"],"picked":"Gash","floor":1.0},{"not_picked":["Redo","Skim","Streamline"],"picked":"SKIP","floor":3.0},{"not_picked":["Barrage","Cold Snap"],"picked":"Loop","floor":6.0},{"not_picked":["Redo","Fusion"],"picked":"Ball Lightning","floor":11.0},{"not_picked":["Storm","Loop"],"picked":"Glacier","floor":13.0},{"not_picked":["Barrage","Tempest"],"picked":"Conserve Battery","floor":14.0},{"not_picked":["Hyperbeam","Thunder Strike"],"picked":"Fission","floor":16.0},{"not_picked":["Turbo","Barrage","Redo+1"],"picked":"SKIP","floor":18.0},{"not_picked":["Blizzard","Rebound"],"picked":"Compile Driver","floor":20.0},{"not_picked":["Leap","Rip and Tear"],"picked":"Doom and Gloom","floor":22.0},{"not_picked":["Blizzard","Compile Driver"],"picked":"Coolheaded","floor":24.0},{"not_picked":["Reboot","Doom and Gloom"],"picked":"Gash","floor":28.0},{"not_picked":["Steam Power","Double Energy","Streamline"],"picked":"Singing Bowl","floor":31.0},{"not_picked":["Seek","Core Surge"],"picked":"Multi-Cast","floor":33.0},{"not_picked":["Rip and Tear","Turbo","Barrage"],"picked":"Singing Bowl","floor":35.0},{"not_picked":["Rebound","Steam"],"picked":"Static Discharge","floor":38.0},{"not_picked":["Ball Lightning","Leap"],"picked":"Defragment","floor":40.0},{"not_picked":["Chaos","Doom and Gloom"],"picked":"Coolheaded+1","floor":44.0},{"not_picked":["Barrage","Cold Snap","Steam Power+1"],"picked":"Singing Bowl","floor":45.0},{"not_picked":["Conserve Battery","Rebound","Compile Driver"],"picked":"Singing Bowl","floor":46.0},{"not_picked":["Go for the Eyes","Stack"],"picked":"Defragment","floor":47.0},{"not_picked":["Lockon","Static Discharge","Streamline"],"picked":"Singing Bowl","floor":48.0},{"not_picked":["Compile Driver+1","Cold Snap+1"],"picked":"Electrodynamics","floor":49.0}],"player_experience":1884260,"relics_obtained":[{"floor":6.0,"key":"Darkstone Periapt"},{"floor":7.0,"key":"Sundial"},{"floor":9.0,"key":"Akabeko"},{"floor":14.0,"key":"Potion Belt"},{"floor":26.0,"key":"Omamori"},{"floor":28.0,"key":"Bottled Tornado"},{"floor":31.0,"key":"Singing Bowl"},{"floor":37.0,"key":"Matryoshka"},{"floor":40.0,"key":"Ornamental Fan"},{"floor":43.0,"key":"Dream Catcher"},{"floor":43.0,"key":"CeramicFish"},{"floor":44.0,"key":"Whetstone"}],"event_choices":[{"damage_healed":0.0,"max_hp_gain":0.0,"max_hp_loss":0.0,"gold_gain":0.0,"event_name":"Liars Game","player_choice":"Ignored","floor":4.0,"gold_loss":0.0,"damage_taken":0.0},{"damage_healed":0.0,"max_hp_gain":0.0,"max_hp_loss":0.0,"gold_gain":0.0,"event_name":"Scrap Ooze","player_choice":"Success","floor":5.0,"gold_loss":0.0,"damage_taken":5.0,"relics_obtained":["Strawberry"]},{"cards_removed":["Strike_B"],"damage_healed":0.0,"max_hp_gain":0.0,"max_hp_loss":0.0,"gold_gain":0.0,"event_name":"Golden Wing","player_choice":"Card Removal","floor":10.0,"gold_loss":0.0,"damage_taken":7.0},{"damage_healed":0.0,"max_hp_gain":0.0,"max_hp_loss":0.0,"gold_gain":0.0,"event_name":"Match and Keep!","player_choice":"1 cards matched","floor":21.0,"gold_loss":0.0,"damage_taken":0.0,"cards_obtained":["All For One"]},{"damage_healed":0.0,"max_hp_gain":0.0,"max_hp_loss":0.0,"gold_gain":0.0,"event_name":"Nest","player_choice":"Joined the Cult","floor":29.0,"gold_loss":0.0,"damage_taken":6.0,"cards_obtained":["RitualDagger"]},{"damage_healed":0.0,"max_hp_gain":0.0,"max_hp_loss":0.0,"gold_gain":0.0,"event_name":"Mysterious Sphere","player_choice":"Ignored","floor":36.0,"gold_loss":0.0,"damage_taken":0.0},{"damage_healed":15.0,"max_hp_gain":0.0,"max_hp_loss":0.0,"gold_gain":0.0,"event_name":"Winding Halls","player_choice":"Writhe","floor":41.0,"gold_loss":0.0,"damage_taken":0.0,"cards_obtained":["Writhe"]}],"is_beta":false,"boss_relics":[{"not_picked":["Calling Bell","Fusion Hammer"],"picked":"Ectoplasm"},{"not_picked":["Coffee Dripper","Tiny House"],"picked":"Inserter"}],"items_purged_floors":[],"is_endless":false,"potions_floor_spawned":[3,11,13,16,20,24,31,33,40,46,48],"killed_by":"Awakened One","ascension_level":20}}