{"host":"vxxgntm1odai56nh","time":1608325659,"event":{"mods":["AchievementEnabler","BaseMod","Colored Map","Colored Powertips","Highlight Path","Minty Spire (QoL Compilation)","Permanent Neow","Rare Cards Sparkle","Relic Stats","StSLib"],"gold_per_floor":[117,117,117,137,155,189,206,206,206,239,219,219,235,42,42,147,147,162,13,13,13,26,59,73,73,73,103,103,103],"floor_reached":28,"playtime":1089,"items_purged":[],"score":306,"play_id":"890683f8-c0a6-417b-bd76-e15828c740ce","local_time":"20201218160739","is_ascension_mode":true,"campfire_choices":[{"data":"Streamline","floor":8,"key":"SMITH"},{"floor":12,"key":"REST"},{"floor":15,"key":"REST"},{"floor":25,"key":"REST"}],"circlet_count":0,"master_deck":["Strike_B","Strike_B","Defend_B","Defend_B","Defend_B","Defend_B+1","Zap","Dualcast+1","Streamline+1","Aggregate","Sweeping Beam","Loop","Chill","Echo Form","BootSequence","Self Repair","Doom and Gloom","Beam Cell","Machine Learning","Reinforced Body","Coolheaded","FTL","Meteor Strike","Steam+1","Defragment","Glacier"],"relics":["Cracked Core","Thread and Needle","Bag of Preparation","StrikeDummy","Symbiotic Virus","Orrery","Philosopher\u0027s Stone","Anchor","Torii","Bottled Tornado","Eternal Feather"],"acts_visited":["Exordium","TheCity"],"potions_floor_usage":[16,22,23],"damage_taken":[{"damage":0,"enemies":"2 Louse","floor":1,"turns":3},{"damage":0,"enemies":"Jaw Worm","floor":4,"turns":2},{"damage":0,"enemies":"Cultist","floor":5,"turns":3},{"damage":16,"enemies":"Gremlin Nob","floor":6,"turns":4},{"damage":4,"enemies":"3 Louse","floor":7,"turns":3},{"damage":10,"enemies":"3 Sentries","floor":10,"turns":6},{"damage":6,"enemies":"Gremlin Gang","floor":13,"turns":4},{"damage":20,"enemies":"The Guardian","floor":16,"turns":6},{"damage":6,"enemies":"2 Thieves","floor":18,"turns":2},{"damage":0,"enemies":"Chosen","floor":22,"turns":3},{"damage":49,"enemies":"Gremlin Leader","floor":23,"turns":6},{"damage":10,"enemies":"3 Cultists","floor":24,"turns":6},{"damage":40,"enemies":"Slavers","floor":27,"turns":5},{"damage":10,"enemies":"Snake Plant","floor":28,"turns":2}],"seed_played":"-6820670746079763002","potions_obtained":[{"floor":1,"key":"Strength Potion"},{"floor":6,"key":"LiquidMemories"},{"floor":11,"key":"Energy Potion"},{"floor":13,"key":"Swift Potion"},{"floor":16,"key":"SpeedPotion"},{"floor":24,"key":"PotionOfCapacity"},{"floor":27,"key":"EssenceOfDarkness"}],"is_trial":false,"path_per_floor":["M","?","?","M","M","E","M","R","T","E","?","R","M","$","R","B",null,"M","$","?","?","M","E","M","R","T","E","M"],"character_chosen":"DEFECT","items_purchased":["Doom and Gloom","Orrery","Anchor"],"campfire_rested":3,"item_purchase_floors":[14,14,19],"current_hp_per_floor":[68,54,54,54,54,38,34,34,34,24,24,44,38,38,58,45,68,68,68,68,68,68,26,23,43,43,3,0,0],"gold":103,"neow_bonus":"ONE_RARE_RELIC","is_daily":false,"chose_seed":false,"campfire_upgraded":1,"win_rate":0.0,"timestamp":1608325659,"path_taken":["M","?","?","M","?","E","M","R","T","E","?","R","?","$","R","BOSS","M","$","?","?","?","E","M","R","T","E","M"],"items_purchased_type":["Card","Relic","Relic"],"build_version":"2020-12-13","purchased_purges":0,"victory":false,"max_hp_per_floor":[68,68,68,68,68,68,68,68,68,68,68,68,68,68,68,68,68,68,68,68,68,68,68,68,68,68,68,68,68],"relic_stats":{"Torii":6,"counters":[14,55],"Eternal Feather":0,"Bag of Preparation":[20],"obtain_stats":[{"Anchor":19,"Torii":23,"Orrery":14,"Thread and Needle":0,"Philosopher\u0027s Stone":17,"Eternal Feather":27,"Bag of Preparation":6,"Bottled Tornado":26,"Cracked Core":0,"StrikeDummy":9,"Symbiotic Virus":10},{"Anchor":9,"Torii":11,"Orrery":7,"Thread and Needle":0,"Philosopher\u0027s Stone":8,"Eternal Feather":13,"Bag of Preparation":4,"Bottled Tornado":12,"Cracked Core":0,"StrikeDummy":5,"Symbiotic Virus":6},{"Anchor":33,"Torii":42,"Orrery":25,"Thread and Needle":0,"Philosopher\u0027s Stone":31,"Eternal Feather":53,"Bag of Preparation":12,"Bottled Tornado":48,"Cracked Core":0,"StrikeDummy":15,"Symbiotic Virus":21}]},"card_choices":[{"not_picked":["Lockon","Turbo"],"picked":"Streamline","floor":1},{"not_picked":["Stack","Turbo"],"picked":"Sweeping Beam","floor":4},{"not_picked":["Rebound","Storm"],"picked":"Loop","floor":5},{"not_picked":["Recycle","Redo"],"picked":"Chill","floor":6},{"not_picked":["Barrage","Streamline"],"picked":"Echo Form","floor":7},{"not_picked":["Turbo","Steam"],"picked":"BootSequence","floor":10},{"not_picked":["Hologram","Beam Cell"],"picked":"Self Repair","floor":13},{"not_picked":["Machine Learning","Consume"],"picked":"Beam Cell","floor":14},{"not_picked":["Coolheaded","Stack"],"picked":"Machine Learning","floor":14},{"not_picked":["Hologram","Chill"],"picked":"Reinforced Body","floor":14},{"not_picked":["Chaos","Reprogram"],"picked":"Coolheaded","floor":14},{"not_picked":["Rebound","Gash"],"picked":"FTL","floor":14},{"not_picked":["Thunder Strike","Biased Cognition"],"picked":"Meteor Strike","floor":16},{"not_picked":["Capacitor","Go for the Eyes"],"picked":"Steam+1","floor":18},{"not_picked":["Reprogram","Gash","Turbo"],"picked":"SKIP","floor":22},{"not_picked":["Sweeping Beam","Beam Cell","Steam Power"],"picked":"SKIP","floor":23},{"not_picked":["Turbo","Go for the Eyes","Compile Driver"],"picked":"SKIP","floor":24},{"not_picked":["Heatsinks","Hologram"],"picked":"Glacier","floor":27}],"player_experience":130857,"relics_obtained":[{"floor":6,"key":"Bag of Preparation"},{"floor":9,"key":"StrikeDummy"},{"floor":10,"key":"Symbiotic Virus"},{"floor":23,"key":"Torii"},{"floor":26,"key":"Bottled Tornado"},{"floor":27,"key":"Eternal Feather"}],"event_choices":[{"damage_healed":0,"gold_gain":0,"player_choice":"Entered Light","damage_taken":14,"max_hp_gain":0,"max_hp_loss":0,"event_name":"Shining Light","floor":2,"gold_loss":0,"cards_upgraded":["Dualcast","Defend_B"]},{"damage_healed":0,"gold_gain":0,"cards_transformed":["Strike_B"],"player_choice":"Transformed","damage_taken":0,"max_hp_gain":0,"max_hp_loss":0,"event_name":"Transmorgrifier","floor":3,"gold_loss":0,"cards_obtained":["Aggregate"]},{"damage_healed":0,"gold_gain":0,"player_choice":"Bought 1 Potion","damage_taken":0,"max_hp_gain":0,"max_hp_loss":0,"event_name":"The Woman in Blue","floor":11,"gold_loss":0},{"damage_healed":0,"gold_gain":0,"player_choice":"Read","damage_taken":0,"max_hp_gain":0,"max_hp_loss":0,"event_name":"The Library","floor":20,"gold_loss":0,"cards_obtained":["Defragment"]},{"cards_removed":["Strike_B"],"damage_healed":0,"gold_gain":0,"player_choice":"Purged","damage_taken":0,"max_hp_gain":0,"max_hp_loss":0,"event_name":"Purifier","floor":21,"gold_loss":0}],"is_beta":false,"boss_relics":[{"not_picked":["Inserter","Empty Cage"],"picked":"Philosopher\u0027s Stone"}],"items_purged_floors":[],"is_endless":false,"potions_floor_spawned":[1,6,13,16,24,27],"killed_by":"Snake Plant","ascension_level":3}}