{"host":"dcj2yvrgcvh5dl2s","time":1608286232,"event":{"mods":["BaseMod","Better Note","Block Reminder","Colored Powertips","DeckTracker","Minty Spire (QoL Compilation)","Quick Restart","Rare Cards Sparkle","Relic Stats","StSLib"],"gold_per_floor":[117,48,58,105,105,135,150,185,185,260,260,291,307,318,318,415,415,429,519,177,32,32,65,65,99,145,145,173,199,211,211,211,211,211],"floor_reached":33,"playtime":1037,"items_purged":["PanicButton"],"score":533,"play_id":"5de78f4c-6fdd-4503-a694-56ede670b00e","local_time":"20201218201032","is_ascension_mode":true,"campfire_choices":[{"data":"Intimidate","floor":11,"key":"SMITH"},{"floor":15,"key":"REST"},{"data":"Perfected Strike","floor":24,"key":"SMITH"},{"data":"Flex","floor":27,"key":"SMITH"},{"data":"Whirlwind","floor":32,"key":"SMITH"}],"circlet_count":0,"master_deck":["AscendersBane","Strike_R","Strike_R","Strike_R","Strike_R","Strike_R","Defend_R","Defend_R","Defend_R","Defend_R","Bash","Shockwave","Whirlwind+1","Perfected Strike+1","Body Slam+1","Intimidate+1","Flex+1","Pommel Strike+1","Body Slam+1","Immolate+1","Purity","Panacea","Perfected Strike+1","Battle Trance","Pommel Strike+1","Perfected Strike+1"],"relics":["Black Blood","NeowsBlessing","Nunchaku","Molten Egg 2","HornCleat","Paper Frog","Gambling Chip","Sundial","Lee\u0027s Waffle","Vajra","Singing Bowl","CeramicFish","Pen Nib","Red Mask","Turnip"],"acts_visited":["Exordium","TheCity"],"potions_floor_usage":[13,14,14,14,16,25,33],"damage_taken":[{"damage":0,"enemies":"Cultist","floor":1,"turns":1},{"damage":0,"enemies":"Jaw Worm","floor":3,"turns":1},{"damage":0,"enemies":"Lagavulin","floor":6,"turns":1},{"damage":6,"enemies":"2 Louse","floor":7,"turns":2},{"damage":31,"enemies":"Gremlin Nob","floor":8,"turns":5},{"damage":30,"enemies":"Lagavulin","floor":12,"turns":6},{"damage":12,"enemies":"Exordium Wildlife","floor":13,"turns":3},{"damage":0,"enemies":"Exordium Thugs","floor":14,"turns":4},{"damage":25,"enemies":"Slime Boss","floor":16,"turns":7},{"damage":0,"enemies":"Spheric Guardian","floor":18,"turns":3},{"damage":23,"enemies":"Book of Stabbing","floor":23,"turns":4},{"damage":21,"enemies":"Slavers","floor":25,"turns":3},{"damage":12,"enemies":"Masked Bandits","floor":28,"turns":3},{"damage":18,"enemies":"Book of Stabbing","floor":29,"turns":3},{"damage":0,"enemies":"3 Byrds","floor":30,"turns":3},{"damage":87,"enemies":"Automaton","floor":33,"turns":6}],"seed_played":"5414651010797676200","potions_obtained":[{"floor":1,"key":"Regen Potion"},{"floor":3,"key":"HeartOfIron"},{"floor":13,"key":"EntropicBrew"},{"floor":18,"key":"Swift Potion"},{"floor":30,"key":"LiquidMemories"}],"is_trial":false,"path_per_floor":["M","$","M","T","T","E","M","E","T","?","R","E","M","M","R","B",null,"M","?","$","$","?","E","R","E","T","R","?","E","M","?","R","B"],"character_chosen":"IRONCLAD","items_purchased":["Whirlwind","Lee\u0027s Waffle","Perfected Strike+1","Battle Trance","Vajra"],"campfire_rested":1,"item_purchase_floors":[2,20,20,20,21],"current_hp_per_floor":[78,78,80,80,80,80,80,55,55,44,44,20,23,29,53,34,69,80,47,87,87,87,76,76,67,67,67,69,65,79,79,79,0,0],"gold":211,"neow_bonus":"THREE_ENEMY_KILL","is_daily":false,"chose_seed":false,"campfire_upgraded":4,"win_rate":0.0,"timestamp":1608286232,"path_taken":["M","$","M","?","?","E","M","E","T","?","R","E","M","M","R","BOSS","M","?","?","$","?","E","R","E","T","R","?","E","?","?","R","BOSS"],"items_purchased_type":["Card","Relic","Card","Card","Relic"],"build_version":"2020-12-13","purchased_purges":1,"victory":false,"max_hp_per_floor":[80,80,80,80,80,80,80,80,80,80,80,80,80,80,80,80,80,80,80,87,87,87,87,87,87,87,87,89,91,93,93,93,93,93],"relic_stats":{"Nunchaku":[10],"Lee\u0027s Waffle":40,"Singing Bowl":6,"counters":[16,55],"Sundial":[4],"Gambling Chip":[36],"CeramicFish":9,"Black Blood":115,"Pen Nib":[3],"Turnip":[0],"obtain_stats":[{"Lee\u0027s Waffle":20,"NeowsBlessing":0,"Singing Bowl":23,"CeramicFish":25,"Black Blood":17,"Vajra":21,"Pen Nib":26,"Burning Blood":0,"Nunchaku":4,"HornCleat":6,"Sundial":12,"Gambling Chip":9,"Molten Egg 2":5,"Turnip":29,"Red Mask":28,"Paper Frog":8},{"Lee\u0027s Waffle":10,"NeowsBlessing":0,"Singing Bowl":11,"CeramicFish":12,"Black Blood":9,"Vajra":10,"Pen Nib":12,"Burning Blood":0,"Nunchaku":2,"HornCleat":3,"Sundial":6,"Gambling Chip":5,"Molten Egg 2":2,"Turnip":14,"Red Mask":13,"Paper Frog":5},{"Lee\u0027s Waffle":33,"NeowsBlessing":0,"Singing Bowl":37,"CeramicFish":40,"Black Blood":30,"Vajra":33,"Pen Nib":40,"Burning Blood":0,"Nunchaku":2,"HornCleat":3,"Sundial":16,"Gambling Chip":10,"Molten Egg 2":2,"Turnip":46,"Red Mask":43,"Paper Frog":10}]},"card_choices":[{"not_picked":["Armaments","Headbutt"],"picked":"Shockwave","floor":1},{"not_picked":["Cleave","Feed"],"picked":"Perfected Strike","floor":3},{"not_picked":["Warcry","Armaments","Fire Breathing"],"picked":"SKIP","floor":6},{"not_picked":["Sword Boomerang+1","Evolve"],"picked":"Body Slam+1","floor":7},{"not_picked":["Evolve","Rampage+1"],"picked":"Intimidate","floor":8},{"not_picked":["Cleave+1","Brutality"],"picked":"Flex","floor":12},{"not_picked":["Searing Blow+1","Clash+1"],"picked":"Pommel Strike+1","floor":13},{"not_picked":["True Grit","Havoc"],"picked":"Body Slam+1","floor":14},{"not_picked":["Bludgeon+1","Fiend Fire+1"],"picked":"Immolate+1","floor":16},{"not_picked":["Spot Weakness+1","Anger+1","Havoc"],"picked":"SKIP","floor":18},{"not_picked":["Whirlwind+1","Wild Strike+1"],"picked":"Pommel Strike+1","floor":23},{"not_picked":["Warcry","Corruption"],"picked":"Perfected Strike+1","floor":25},{"not_picked":["Headbutt+1","Spot Weakness","Shockwave"],"picked":"Singing Bowl","floor":28},{"not_picked":["Warcry","Cleave+1","Pommel Strike+1"],"picked":"Singing Bowl","floor":29},{"not_picked":["Flame Barrier","Searing Blow+1","Clothesline+1"],"picked":"Singing Bowl","floor":30}],"player_experience":1984815,"relics_obtained":[{"floor":4,"key":"Nunchaku"},{"floor":5,"key":"Molten Egg 2"},{"floor":6,"key":"HornCleat"},{"floor":8,"key":"Paper Frog"},{"floor":9,"key":"Gambling Chip"},{"floor":12,"key":"Sundial"},{"floor":23,"key":"Singing Bowl"},{"floor":25,"key":"CeramicFish"},{"floor":26,"key":"Pen Nib"},{"floor":28,"key":"Red Mask"},{"floor":29,"key":"Turnip"}],"event_choices":[{"damage_healed":0,"gold_gain":75,"player_choice":"Gather Gold","damage_taken":11,"max_hp_gain":0,"max_hp_loss":0,"event_name":"World of Goop","floor":10,"gold_loss":0},{"damage_healed":0,"gold_gain":90,"player_choice":"GOLD CARD CARD CARD ","damage_taken":33,"max_hp_gain":0,"max_hp_loss":0,"event_name":"Knowing Skull","floor":19,"potions_obtained":[],"gold_loss":0,"cards_obtained":["PanicButton","Purity","Panacea"]},{"damage_healed":0,"gold_gain":0,"player_choice":"Ignored","damage_taken":0,"max_hp_gain":0,"max_hp_loss":0,"event_name":"Ghosts","floor":22,"gold_loss":0},{"damage_healed":0,"gold_gain":0,"player_choice":"Fought Bandits","damage_taken":0,"max_hp_gain":0,"max_hp_loss":0,"event_name":"Masked Bandits","floor":28,"gold_loss":0},{"damage_healed":0,"gold_gain":0,"player_choice":"Ignored","damage_taken":0,"max_hp_gain":0,"max_hp_loss":0,"event_name":"Vampires","floor":31,"gold_loss":0}],"is_beta":false,"boss_relics":[{"not_picked":["Velvet Choker","Runic Dome"],"picked":"Black Blood"}],"items_purged_floors":[20],"is_endless":false,"potions_floor_spawned":[1,3,13,18,30],"killed_by":"Automaton","ascension_level":11}}