{"host":"pjb18p51534sp43l","time":1608315797,"event":{"mods":["AchievementEnabler","BaseMod","DeckTracker","Marisa£¨Ùöéë¡¡Øª×âÞÞ£©","Minty Spire (QoL Compilation)","Rare Cards Sparkle","StSLib"],"gold_per_floor":[118,11,22,22,22,22,55,55,55,108,136,162,204,216,228,240,240],"floor_reached":16,"playtime":303,"items_purged":[],"score":266,"play_id":"1a745d71-f766-492b-9ca8-bafaa1d1b86a","local_time":"20201219032317","is_ascension_mode":true,"campfire_choices":[{"data":"Zap","floor":6,"key":"SMITH"},{"data":"1","floor":8,"key":"LIFT"},{"data":"Consume","floor":15,"key":"SMITH"}],"circlet_count":0,"master_deck":["AscendersBane","Strike_B","Strike_B","Strike_B","Strike_B","Defend_B","Defend_B","Defend_B","Defend_B","Zap+1","Dualcast","Sweeping Beam","Ball Lightning","Turbo","Rip and Tear","Consume+1"],"relics":["Cracked Core","NeowsBlessing","Golden Idol","Girya","Anchor","MawBank","Kunai","Odd Mushroom","Orichalcum"],"acts_visited":["Exordium"],"potions_floor_usage":[16],"damage_taken":[{"damage":0,"enemies":"2 Louse","floor":1,"turns":1},{"damage":0,"enemies":"Jaw Worm","floor":3,"turns":1},{"damage":0,"enemies":"Lagavulin","floor":7,"turns":2},{"damage":11,"enemies":"Gremlin Nob","floor":10,"turns":3},{"damage":0,"enemies":"Small Slimes","floor":11,"turns":2},{"damage":4,"enemies":"3 Louse","floor":12,"turns":2},{"damage":13,"enemies":"The Mushroom Lair","floor":13,"turns":3},{"damage":8,"enemies":"Hexaghost","floor":16,"turns":4}],"seed_played":"8123458492974091778","potions_obtained":[{"floor":7,"key":"Explosive Potion"},{"floor":10,"key":"DuplicationPotion"}],"is_trial":false,"path_per_floor":["M","$","M","?","T","R","E","R","T","E","M","M","?","T","R","B"],"character_chosen":"DEFECT","items_purchased":["Ball Lightning","Turbo"],"campfire_rested":0,"item_purchase_floors":[2,2],"current_hp_per_floor":[64,64,64,40,40,40,40,40,40,29,29,25,12,12,12,4,4],"gold":240,"neow_bonus":"THREE_ENEMY_KILL","is_daily":false,"chose_seed":false,"campfire_upgraded":2,"win_rate":0.0,"timestamp":1608315797,"path_taken":["M","$","M","?","?","R","E","R","T","E","M","M","?","?","R","BOSS"],"items_purchased_type":["Card","Card"],"build_version":"2020-12-13","purchased_purges":0,"victory":false,"max_hp_per_floor":[71,71,71,71,71,71,71,71,71,71,71,71,71,71,71,71,71],"card_choices":[{"not_picked":["Streamline","Coolheaded"],"picked":"Sweeping Beam","floor":1},{"not_picked":["Hologram","Chaos","Stack"],"picked":"SKIP","floor":3},{"not_picked":["Tempest","Cold Snap"],"picked":"Rip and Tear","floor":7},{"not_picked":["Redo","Fusion","Gash"],"picked":"SKIP","floor":10},{"not_picked":["Turbo","Seek"],"picked":"Consume","floor":11},{"not_picked":["Genetic Algorithm","Rebound","Double Energy"],"picked":"SKIP","floor":12}],"player_experience":57219,"relics_obtained":[{"floor":5,"key":"Girya"},{"floor":7,"key":"Anchor"},{"floor":9,"key":"MawBank"},{"floor":10,"key":"Kunai"},{"floor":13,"key":"Odd Mushroom"},{"floor":14,"key":"Orichalcum"}],"event_choices":[{"damage_healed":0,"gold_gain":0,"player_choice":"Take Damage","damage_taken":24,"relics_obtained":["Golden Idol"],"max_hp_gain":0,"max_hp_loss":0,"event_name":"Golden Idol","floor":4,"gold_loss":0},{"damage_healed":0,"gold_gain":0,"player_choice":"Fought Mushrooms","damage_taken":0,"max_hp_gain":0,"max_hp_loss":0,"event_name":"Mushrooms","floor":13,"gold_loss":0}],"is_beta":false,"boss_relics":[],"items_purged_floors":[],"is_endless":false,"potions_floor_spawned":[7,10,11,13],"killed_by":"Hexaghost","ascension_level":20}}