{"host":"fflyk188z5ncxlup","time":1608333274,"event":{"mods":["AchievementEnabler","BaseMod","Bestiary","Better Third Choice","Block Reminder","Colored Map","Colored Powertips","DeckTracker","Googly Eyes","Minty Spire (QoL Compilation)","StSLib","SuperFastMode"],"gold_per_floor":[162,177,177,102,115,115,126,140,163,163,173,173,187,265,279,279,358,358,374,324,29,30,46,80,80,11,11,37,37,37,37,48,48,119,119,131,1130,461,481,134,152,181,201,269,301,301,10,10,22,22,22,22],"floor_reached":51,"playtime":1885,"items_purged":["Defend_P","Normality","Normality"],"score":993,"play_id":"0139e198-435c-4827-b250-e9a76c31aa7c","local_time":"20201219081434","is_ascension_mode":true,"campfire_choices":[{"data":"Tantrum","floor":6.0,"key":"SMITH"},{"data":"Conclude","floor":12.0,"key":"SMITH"},{"floor":16.0,"key":"REST"},{"floor":25.0,"key":"REST"},{"floor":33.0,"key":"REST"},{"floor":46.0,"key":"REST"},{"data":"Ragnarok","floor":50.0,"key":"SMITH"}],"circlet_count":0,"master_deck":["AscendersBane","Strike_P+1","Strike_P","Defend_P","Defend_P","Defend_P","Vigilance","Evaluate","Tantrum+1","Conclude+1","Halt","Halt","Tantrum","ClearTheMind","Crescendo","Omniscience+1","DevaForm","Brilliance","Ragnarok+1","Ragnarok","Adaptation"],"relics":["Tiny House","Damaru","Pear","Sozu","Bag of Marbles","Regal Pillow","Toy Ornithopter","Pen Nib","MutagenicStrength","Mummified Hand","Empty Cage","Gambling Chip","Pantograph","Lee\u0027s Waffle","Strawberry","Gremlin Horn","White Beast Statue","Oddly Smooth Stone","Toolbox"],"acts_visited":["Exordium","TheCity","TheBeyond"],"potions_floor_usage":[],"damage_taken":[{"damage":7.0,"enemies":"Jaw Worm","floor":1.0,"turns":4.0},{"damage":0.0,"enemies":"Cultist","floor":2.0,"turns":2.0},{"damage":0.0,"enemies":"2 Louse","floor":5.0,"turns":1.0},{"damage":4.0,"enemies":"Gremlin Gang","floor":7.0,"turns":3.0},{"damage":14.0,"enemies":"3 Louse","floor":8.0,"turns":2.0},{"damage":5.0,"enemies":"Blue Slaver","floor":11.0,"turns":3.0},{"damage":13.0,"enemies":"Lots of Slimes","floor":13.0,"turns":3.0},{"damage":5.0,"enemies":"Red Slaver","floor":15.0,"turns":2.0},{"damage":6.0,"enemies":"Slime Boss","floor":17.0,"turns":7.0},{"damage":0.0,"enemies":"Spheric Guardian","floor":19.0,"turns":3.0},{"damage":25.0,"enemies":"2 Thieves","floor":22.0,"turns":4.0},{"damage":0.0,"enemies":"Sentry and Sphere","floor":23.0,"turns":2.0},{"damage":39.0,"enemies":"Book of Stabbing","floor":24.0,"turns":5.0},{"damage":13.0,"enemies":"Slavers","floor":28.0,"turns":6.0},{"damage":0.0,"enemies":"3 Cultists","floor":32.0,"turns":1.0},{"damage":74.0,"enemies":"Automaton","floor":34.0,"turns":5.0},{"damage":7.0,"enemies":"3 Darklings","floor":36.0,"turns":2.0},{"damage":0.0,"enemies":"Orb Walker","floor":39.0,"turns":2.0},{"damage":25.0,"enemies":"Spire Growth","floor":41.0,"turns":4.0},{"damage":16.0,"enemies":"Nemesis","floor":42.0,"turns":3.0},{"damage":0.0,"enemies":"Jaw Worm Horde","floor":43.0,"turns":1.0},{"damage":26.0,"enemies":"Reptomancer","floor":45.0,"turns":5.0},{"damage":0.0,"enemies":"Writhing Mass","floor":49.0,"turns":1.0},{"damage":147,"enemies":"Awakened One","floor":51,"turns":7}],"seed_played":"-4846785577686798567","potions_obtained":[{"floor":0.0,"key":"Block Potion"},{"floor":3.0,"key":"StancePotion"},{"floor":13.0,"key":"Explosive Potion"}],"is_trial":false,"path_per_floor":["M","M","?","$","M","R","M","M","T","T","M","R","M","?","M","R","B",null,"M","?","$","M","M","E","R","$","T","E","$","?","T","M","R","B",null,"M","?","$","M","$","M","E","M","T","E","R","$","?","M","R","B"],"character_chosen":"WATCHER","items_purchased":["Bag of Marbles","DevaForm","Brilliance","Gambling Chip","Pantograph","Adaptation","Lee\u0027s Waffle","Oddly Smooth Stone","Toolbox"],"campfire_rested":4,"item_purchase_floors":[21,21,26,38,38,40,40,47,47],"current_hp_per_floor":[59,59,59,59,59,59,55,41,41,51,46,46,33,33,28,52,46,74,74,74,74,49,49,10,49,49,49,41,41,41,41,41,80,6,64,57,57,57,57,90,65,56,56,56,30,74,74,74,74,74,0,0],"gold":22,"neow_bonus":"BOSS_RELIC","is_daily":false,"chose_seed":false,"campfire_upgraded":3,"win_rate":0.0,"timestamp":1608333274,"path_taken":["M","M","?","$","M","R","M","M","T","T","?","R","M","?","M","R","BOSS","M","?","$","?","M","E","R","$","T","E","$","?","?","?","R","BOSS","M","?","$","M","$","M","E","M","T","E","R","$","?","M","R","BOSS"],"items_purchased_type":["Relic","Card","Card","Relic","Relic","Card","Relic","Relic","Relic"],"build_version":"2020-12-13","purchased_purges":3,"victory":false,"max_hp_per_floor":[73,73,73,73,73,73,73,73,73,83,83,83,83,83,83,83,83,83,83,83,83,83,83,83,83,83,83,83,83,83,83,83,83,83,83,83,83,83,83,90,90,97,97,97,97,97,97,97,97,97,97,97],"card_choices":[{"not_picked":["CutThroughFate","Protect"],"picked":"Evaluate","floor":0.0},{"not_picked":["ThirdEye","Prostrate"],"picked":"Tantrum","floor":1.0},{"not_picked":["EmptyFist","JustLucky"],"picked":"Conclude","floor":2.0},{"not_picked":["ThirdEye","Prostrate"],"picked":"Halt","floor":5.0},{"not_picked":["Prostrate","Evaluate"],"picked":"Halt","floor":7.0},{"not_picked":["Establishment","Collect"],"picked":"Tantrum","floor":8.0},{"not_picked":["Indignation","ThirdEye"],"picked":"ClearTheMind","floor":11.0},{"not_picked":["Halt","Protect","Indignation"],"picked":"SKIP","floor":13.0},{"not_picked":["Wireheading","FlyingSleeves"],"picked":"Crescendo","floor":15.0},{"not_picked":["Brilliance","SpiritShield"],"picked":"Omniscience","floor":17.0},{"not_picked":["ClearTheMind","Halt","Swivel"],"picked":"SKIP","floor":19.0},{"not_picked":["FollowUp","CutThroughFate","Protect"],"picked":"SKIP","floor":22.0},{"not_picked":["Weave","ForeignInfluence","SandsOfTime"],"picked":"SKIP","floor":23.0},{"not_picked":["FlurryOfBlows+1","CutThroughFate+1","BowlingBash"],"picked":"SKIP","floor":24.0},{"not_picked":["Adaptation","Sanctity"],"picked":"Ragnarok","floor":28.0},{"not_picked":["Protect","Halt","CarveReality"],"picked":"SKIP","floor":32.0},{"not_picked":["DeusExMachina","LessonLearned"],"picked":"Ragnarok","floor":34.0},{"not_picked":["Halt","SignatureMove","CutThroughFate"],"picked":"SKIP","floor":36.0},{"not_picked":["CutThroughFate","CarveReality","CrushJoints"],"picked":"SKIP","floor":39.0},{"not_picked":["Pray","FlurryOfBlows","EmptyBody+1"],"picked":"SKIP","floor":41.0},{"not_picked":["ThirdEye","Ragnarok","Consecrate"],"picked":"SKIP","floor":42.0},{"not_picked":["CrushJoints","Study","Halt"],"picked":"SKIP","floor":43.0},{"not_picked":["FlurryOfBlows+1","CutThroughFate","Wireheading"],"picked":"SKIP","floor":45.0},{"not_picked":["MentalFortress","Weave","EmptyBody+1"],"picked":"SKIP","floor":49.0}],"player_experience":372498,"relics_obtained":[{"floor":9.0,"key":"Damaru"},{"floor":10.0,"key":"Pear"},{"floor":24.0,"key":"Regal Pillow"},{"floor":27.0,"key":"Toy Ornithopter"},{"floor":28.0,"key":"Pen Nib"},{"floor":31.0,"key":"Mummified Hand"},{"floor":42.0,"key":"Strawberry"},{"floor":44.0,"key":"Gremlin Horn"},{"floor":45.0,"key":"White Beast Statue"}],"event_choices":[{"damage_healed":0.0,"max_hp_gain":0.0,"max_hp_loss":0.0,"gold_gain":0.0,"event_name":"Lab","player_choice":"Got Potions","floor":3.0,"gold_loss":0.0,"damage_taken":0.0},{"damage_healed":0.0,"max_hp_gain":0.0,"max_hp_loss":0.0,"gold_gain":78.0,"event_name":"Golden Wing","player_choice":"Gained Gold","floor":14.0,"gold_loss":0.0,"damage_taken":0.0},{"damage_healed":0.0,"max_hp_gain":0.0,"max_hp_loss":0.0,"gold_gain":0.0,"event_name":"Designer","player_choice":"Upgrade","floor":20.0,"gold_loss":50.0,"damage_taken":0.0,"cards_upgraded":["Omniscience"]},{"damage_healed":0.0,"max_hp_gain":0.0,"max_hp_loss":0.0,"gold_gain":0.0,"event_name":"Drug Dealer","player_choice":"Inject Mutagens","floor":30.0,"gold_loss":0.0,"damage_taken":0.0,"relics_obtained":["MutagenicStrength"]},{"damage_healed":0.0,"max_hp_gain":0.0,"max_hp_loss":0.0,"gold_gain":999.0,"event_name":"MindBloom","player_choice":"Gold","floor":37.0,"gold_loss":0.0,"damage_taken":0.0,"cards_obtained":["Normality","Normality"]},{"cards_removed":["Eruption"],"damage_healed":0.0,"max_hp_gain":0.0,"max_hp_loss":0.0,"gold_gain":0.0,"event_name":"Purifier","player_choice":"Purged","floor":48.0,"gold_loss":0.0,"damage_taken":0.0}],"is_beta":false,"boss_relics":[{"not_picked":["Calling Bell","Black Star"],"picked":"Sozu"},{"not_picked":["Runic Dome","Fusion Hammer"],"picked":"Empty Cage"}],"items_purged_floors":[4,38,40],"is_endless":false,"potions_floor_spawned":[7,11,13,24,28,32,34,36,41,49],"killed_by":"Awakened One","ascension_level":15}}