{"host":"2lrkmsuh7nz013qb","time":1608272368,"event":{"mods":["BaseMod","Colored Map","DeckTracker","Minty Spire (QoL Compilation)","SuperFastMode","everything is the same but u backflip on backflip"],"gold_per_floor":[110,123,135,210,226,226,240,240,240,273,273,0,0,16,16,91,91,101,79,97,97,97],"floor_reached":21,"playtime":718,"items_purged":["Strike_G"],"score":366,"play_id":"b4089527-0991-4870-bf2a-eba611deef61","local_time":"20201218151928","is_ascension_mode":true,"campfire_choices":[{"data":"Blade Dance","floor":6,"key":"SMITH"},{"data":"Footwork","floor":13,"key":"SMITH"},{"floor":15,"key":"REST"}],"circlet_count":0,"master_deck":["AscendersBane","Strike_G","Strike_G","Strike_G","Strike_G","Defend_G","Defend_G","Defend_G","Defend_G","Defend_G","Survivor+1","Neutralize","Blade Dance+1","Deflect","Backflip","Prepared+1","Footwork+1","Deadly Poison","Adrenaline","Acrobatics","Footwork","Cloak And Dagger"],"relics":["Ring of the Snake","NeowsBlessing","StrikeDummy","Blue Candle","Omamori","Cursed Key"],"acts_visited":["Exordium","TheCity"],"potions_floor_usage":[10,10,16],"damage_taken":[{"damage":0,"enemies":"Cultist","floor":1,"turns":1},{"damage":0,"enemies":"2 Louse","floor":2,"turns":1},{"damage":0,"enemies":"Small Slimes","floor":3,"turns":1},{"damage":8,"enemies":"Blue Slaver","floor":5,"turns":6},{"damage":1,"enemies":"2 Fungi Beasts","floor":7,"turns":4},{"damage":18,"enemies":"3 Sentries","floor":10,"turns":9},{"damage":24,"enemies":"Gremlin Gang","floor":14,"turns":5},{"damage":18,"enemies":"The Guardian","floor":16,"turns":14},{"damage":16,"enemies":"Chosen","floor":18,"turns":9},{"damage":3,"enemies":"2 Thieves","floor":19,"turns":4},{"damage":29,"enemies":"3 Cultists","floor":20,"turns":9},{"damage":8,"enemies":"Snecko","floor":21,"turns":5}],"seed_played":"5671149665613983256","potions_obtained":[{"floor":3,"key":"Regen Potion"},{"floor":7,"key":"CunningPotion"},{"floor":10,"key":"Dexterity Potion"},{"floor":18,"key":"SpeedPotion"}],"is_trial":false,"path_per_floor":["M","M","M","?","M","R","M","?","T","E","?","$","R","M","R","B",null,"M","M","M","M"],"character_chosen":"THE_SILENT","items_purchased":["Footwork","Omamori"],"campfire_rested":1,"item_purchase_floors":[12,12],"current_hp_per_floor":[59,59,59,48,40,40,39,61,61,53,33,33,33,9,28,10,52,36,33,4,0,0],"gold":97,"neow_bonus":"THREE_ENEMY_KILL","is_daily":false,"chose_seed":false,"campfire_upgraded":2,"win_rate":0.0,"timestamp":1608272368,"path_taken":["M","?","M","?","M","R","M","?","T","E","?","$","R","M","R","BOSS","M","M","M","M"],"items_purchased_type":["Card","Relic"],"build_version":"2020-12-13","purchased_purges":1,"victory":false,"max_hp_per_floor":[66,66,66,66,66,66,66,66,66,66,66,66,66,66,66,66,66,66,66,66,66,66],"card_choices":[{"not_picked":["Underhanded Strike","PiercingWail"],"picked":"Blade Dance","floor":1},{"not_picked":["Distraction","Bane"],"picked":"Deflect","floor":2},{"not_picked":["Underhanded Strike","Dodge and Roll","Night Terror"],"picked":"SKIP","floor":3},{"not_picked":["Well Laid Plans","Predator","Deflect"],"picked":"SKIP","floor":5},{"not_picked":["Setup","Slice"],"picked":"Backflip","floor":7},{"not_picked":["Leg Sweep","Well Laid Plans"],"picked":"Prepared","floor":10},{"not_picked":["Dagger Spray","Expertise"],"picked":"Deadly Poison","floor":14},{"not_picked":["Tools of the Trade","Grand Finale"],"picked":"Adrenaline","floor":16},{"not_picked":["Escape Plan","Blur"],"picked":"Acrobatics","floor":18},{"not_picked":["Acrobatics","Poisoned Stab"],"picked":"Footwork","floor":19},{"not_picked":["Quick Slash","Flying Knee"],"picked":"Cloak And Dagger","floor":20}],"player_experience":672750,"relics_obtained":[{"floor":9,"key":"StrikeDummy"},{"floor":10,"key":"Blue Candle"}],"event_choices":[{"damage_healed":0,"gold_gain":75,"player_choice":"Gather Gold","damage_taken":11,"max_hp_gain":0,"max_hp_loss":0,"event_name":"World of Goop","floor":4,"gold_loss":0},{"damage_healed":22,"gold_gain":0,"player_choice":"Banana","damage_taken":0,"max_hp_gain":0,"max_hp_loss":0,"event_name":"Big Fish","floor":8,"gold_loss":0},{"damage_healed":0,"gold_gain":0,"player_choice":"Entered Light","damage_taken":20,"max_hp_gain":0,"max_hp_loss":0,"event_name":"Shining Light","floor":11,"gold_loss":0,"cards_upgraded":["Prepared","Survivor"]}],"is_beta":false,"boss_relics":[{"not_picked":["Snecko Eye","Runic Dome"],"picked":"Cursed Key"}],"items_purged_floors":[12],"is_endless":false,"potions_floor_spawned":[3,7,10,18],"killed_by":"Snecko","ascension_level":20}}