{"host":"qw1m3zcvi888b4j7","time":1608330196,"event":{"mods":["AchievementEnabler","Act Like it!","BaseMod","Block Reminder","Colored Map","Colored Powertips","Curses Come First","DeckTracker","Gensokyo","Hermit","Highlight Path","Hubris","Marisa????????","Minty Spire (QoL Compilation)","Quick Restart","Rare Cards Sparkle","Relic Sorter","Relic Stats","Replay The Spire","StSLib","SuperFastMode","The Blue Laboratory","The Cursed","The Servant 0.9.4","everything is the same but u backflip on backflip"],"gold_per_floor":[129,141,153,165,188,235,270,310,393,405,401,0,29,100,100,206,206,235,252,282,303,303,330,330,240,240,260,260,317,334,373,373,395,395],"floor_reached":33,"playtime":2085,"items_purged":["Spreading Infection"],"score":326,"play_id":"fea69073-4859-4043-bad6-d31ae67c1d2b","local_time":"20201218232316","is_ascension_mode":false,"campfire_choices":[{"floor":10,"key":"REST"},{"floor":15,"key":"RECALL"},{"floor":24,"key":"REST"},{"data":"PowerUp","floor":28,"key":"SMITH"},{"floor":32,"key":"DIG"}],"circlet_count":0,"master_deck":["Strike_MRS","Strike_MRS","Strike_MRS","Strike_MRS","Defend_MRS","Defend_MRS","Defend_MRS","UpSweep","DC","Neutralize","PropBag","Robbery","PropBag","Backstab","GrandCross","OneTimeOff","LuminesStrike","MysteriousBeam","Bullet Time","EnergyFlow+1","LuminesStrike","6A+1","PowerUp+1","WitchLeyline","WitchOfGreed+1","IllusionStar","WitchOfGreed","PropBag"],"relics":["MawBank","ReplayTheSpireMod:Ring of Addiction","Ring of Peace","hubris:EmptyBottle","Chameleon Ring","m_TsuchinokoRing","Regal Pillow","Darkstone Periapt","hubris:OldNail","HandDrill","Mango","ExperimentalFamiliar","MagicBroom","Bronze Scales","Replay:Mystery Machine","Shovel","Dream Catcher","Ornamental Fan","Mercury Hourglass","Kunai","Mummified Hand"],"acts_visited":["Exordium","TheCity"],"potions_floor_usage":[6,6,6,11,11,14,14,16,16,18,19,19,20,20,23,23,23,23,27,27,27,30,30,33,33,33],"damage_taken":[{"damage":1,"enemies":"Jaw Worm","floor":1,"turns":4},{"damage":3,"enemies":"Small Slimes","floor":5,"turns":4},{"damage":20,"enemies":"Lagavulin","floor":6,"turns":7},{"damage":0,"enemies":"Cultist","floor":7,"turns":4},{"damage":15,"enemies":"Lots of Slimes","floor":8,"turns":6},{"damage":11,"enemies":"Exordium Thugs","floor":11,"turns":8},{"damage":9,"enemies":"Large Slime","floor":13,"turns":5},{"damage":0,"enemies":"3 Sentries","floor":14,"turns":5},{"damage":42,"enemies":"Hexaghost","floor":16,"turns":10},{"damage":2,"enemies":"Shell Parasite","floor":18,"turns":3},{"damage":7,"enemies":"2 Thieves","floor":19,"turns":4},{"damage":9,"enemies":"Shelled Parasite and Fungi","floor":20,"turns":4},{"damage":24,"enemies":"Sentry and Sphere","floor":21,"turns":5},{"damage":13,"enemies":"Slavers","floor":23,"turns":4},{"damage":4,"enemies":"3 Cultists","floor":27,"turns":5},{"damage":59,"enemies":"Gremlin Leader","floor":29,"turns":6},{"damage":5,"enemies":"Snake Plant","floor":30,"turns":2},{"damage":0,"enemies":"Centurion and Healer","floor":31,"turns":3},{"damage":44,"enemies":"Champ","floor":33,"turns":6}],"seed_played":"-1908584553149593846","potions_obtained":[{"floor":1,"key":"blueLaboratory:BottleOfVodka"},{"floor":2,"key":"Dexterity Potion"},{"floor":2,"key":"blueLaboratory:RememoryPotion"},{"floor":2,"key":"PowerPotion"},{"floor":4,"key":"Ancient Potion"},{"floor":6,"key":"FearPotion"},{"floor":14,"key":"Energy Potion"},{"floor":18,"key":"Swift Potion"},{"floor":19,"key":"blueLaboratory:FruitPunch"},{"floor":21,"key":"EntropicBrew"},{"floor":27,"key":"Elixir"},{"floor":31,"key":"blueLaboratory:BottleOfRum"}],"is_trial":false,"path_per_floor":["M","?","?","?","M","E","M","M","T","R","M","$","M","E","R","B",null,"M","M","M","M","T","E","R","?","T","M","R","E","M","M","R","B"],"character_chosen":"MARISA","items_purchased":["hubris:OldNail","HandDrill","OneTimeOff"],"campfire_rested":2,"item_purchase_floors":[12,12,12],"current_hp_per_floor":[74,74,74,74,71,51,51,48,48,71,60,60,51,65,65,23,85,83,76,73,49,49,36,78,78,78,85,85,26,40,40,40,0,0],"gold":395,"neow_bonus":"RANDOM_COMMON_RELIC","is_daily":false,"chose_seed":false,"campfire_upgraded":1,"win_rate":0.0,"timestamp":1608330196,"path_taken":["M","?","?","?","M","E","M","M","T","R","M","$","?","E","R","BOSS","M","M","?","M","?","E","R","?","T","M","R","E","M","?","R","BOSS"],"items_purchased_type":["Relic","Relic","Card"],"build_version":"2020-12-13","purchased_purges":1,"victory":false,"max_hp_per_floor":[75,75,75,75,75,73,73,73,73,71,71,71,71,85,85,85,85,85,85,91,91,91,91,91,91,91,89,89,89,89,89,89,89,89],"relic_stats":{"Darkstone Periapt":0,"Regal Pillow":17,"counters":[19,95],"MawBank":144,"Mercury Hourglass":[49],"Dream Catcher":0,"Shovel":1,"Ornamental Fan":[60],"Mummified Hand":[3],"Bronze Scales":[63],"HandDrill":[36],"Kunai":[8],"obtain_stats":[{"AmplifyWand":6,"Darkstone Periapt":9,"Regal Pillow":6,"Gremlin Horn":7,"Mango":14,"hubris:EmptyBottle":2,"Replay:Mystery Machine":26,"Dream Catcher":32,"Chameleon Ring":2,"Shovel":29,"m_TsuchinokoRing":3,"Mummified Hand":11,"Sundial":11,"Ring of Peace":2,"HandDrill":12,"Kunai":21,"MagicBroom":22,"ReplayTheSpireMod:Ring of Addiction":2,"Blue Candle":8,"MawBank":0,"Mercury Hourglass":16,"ExperimentalFamiliar":17,"Shuriken":13,"Ornamental Fan":19,"Bronze Scales":23,"MiniHakkero":0,"hubris:OldNail":12,"Meat on the Bone":8},{"AmplifyWand":3,"Darkstone Periapt":5,"Regal Pillow":3,"Gremlin Horn":4,"Mango":8,"hubris:EmptyBottle":1,"Replay:Mystery Machine":14,"Dream Catcher":18,"Chameleon Ring":1,"Shovel":16,"m_TsuchinokoRing":1,"Mummified Hand":6,"Sundial":6,"Ring of Peace":1,"HandDrill":6,"Kunai":13,"MagicBroom":13,"ReplayTheSpireMod:Ring of Addiction":1,"Blue Candle":5,"MawBank":0,"Mercury Hourglass":9,"ExperimentalFamiliar":9,"Shuriken":7,"Ornamental Fan":11,"Bronze Scales":14,"MiniHakkero":0,"hubris:OldNail":6,"Meat on the Bone":5},{"AmplifyWand":9,"Darkstone Periapt":25,"Regal Pillow":15,"Gremlin Horn":16,"Mango":43,"hubris:EmptyBottle":4,"Replay:Mystery Machine":73,"Dream Catcher":89,"Chameleon Ring":4,"Shovel":84,"m_TsuchinokoRing":4,"Mummified Hand":26,"Sundial":27,"Ring of Peace":4,"HandDrill":33,"Kunai":68,"MagicBroom":69,"ReplayTheSpireMod:Ring of Addiction":4,"Blue Candle":20,"MawBank":0,"Mercury Hourglass":46,"ExperimentalFamiliar":53,"Shuriken":34,"Ornamental Fan":60,"Bronze Scales":73,"MiniHakkero":0,"hubris:OldNail":33,"Meat on the Bone":22}]},"card_choices":[{"not_picked":["DeepEcoloBomb","Robbery"],"picked":"DC","floor":1},{"not_picked":["SuperPerseids","Endless Agony"],"picked":"PropBag","floor":5},{"not_picked":["GalacticHalo","MilkyWay"],"picked":"Robbery","floor":6},{"not_picked":["IllusionStar","GrandCross"],"picked":"PropBag","floor":7},{"not_picked":["MachineGunSpark","ShootingEcho"],"picked":"Backstab","floor":8},{"not_picked":["GalacticHalo","Outmaneuver"],"picked":"GrandCross","floor":11},{"not_picked":["Outmaneuver","ShootingEcho"],"picked":"LuminesStrike","floor":13},{"not_picked":["TreasureHunter","OortCloud"],"picked":"MysteriousBeam","floor":14},{"not_picked":["JA","Burst"],"picked":"Bullet Time","floor":16},{"not_picked":["UnstableBomb","GravityBeat"],"picked":"EnergyFlow+1","floor":18},{"not_picked":["SporeBomb","WitchOfGreed"],"picked":"LuminesStrike","floor":19},{"not_picked":["ShootingEcho+1","StarlightTyphoon"],"picked":"6A","floor":20},{"not_picked":["WitchLeyline","ChargingUp+1"],"picked":"PowerUp","floor":21},{"not_picked":["AsteroidBelt","6A"],"picked":"WitchLeyline","floor":23},{"not_picked":["PropBag","AlicesGift"],"picked":"WitchOfGreed+1","floor":27},{"not_picked":["SuperNova","NonDirectionalLaser"],"picked":"IllusionStar","floor":29},{"not_picked":["NonDirectionalLaser","ShootTheMoon"],"picked":"WitchOfGreed","floor":30},{"not_picked":["MagicChant","OneTimeOff+1"],"picked":"PropBag","floor":31}],"player_experience":121114,"relics_obtained":[{"floor":2,"key":"ReplayTheSpireMod:Ring of Addiction"},{"floor":2,"key":"Ring of Peace"},{"floor":2,"key":"hubris:EmptyBottle"},{"floor":2,"key":"Chameleon Ring"},{"floor":6,"key":"Regal Pillow"},{"floor":9,"key":"Darkstone Periapt"},{"floor":14,"key":"Mango"},{"floor":22,"key":"MagicBroom"},{"floor":23,"key":"Bronze Scales"},{"floor":26,"key":"Replay:Mystery Machine"},{"floor":29,"key":"Shovel"},{"floor":32,"key":"Dream Catcher"}],"event_choices":[{"damage_healed":0,"gold_gain":0,"player_choice":"Got Potions","damage_taken":0,"max_hp_gain":0,"max_hp_loss":0,"event_name":"Lab","floor":4,"gold_loss":0},{"cards_removed":["Defend_MRS"],"damage_healed":0,"gold_gain":0,"player_choice":"Upgrade and Remove","damage_taken":0,"max_hp_gain":0,"max_hp_loss":0,"event_name":"Designer","floor":25,"gold_loss":90,"cards_upgraded":["6A"]}],"is_beta":false,"boss_relics":[{"not_picked":["Runic Dome","Coffee Dripper"],"picked":"ExperimentalFamiliar"}],"items_purged_floors":[12],"is_endless":false,"potions_floor_spawned":[1,6,8,14,18,19,21,27],"killed_by":"Champ","ascension_level":0}}