{"host":"0m7uut7ws4kj19nt","time":1608305263,"event":{"mods":["AchievementEnabler","BaseMod","Minty Spire (QoL Compilation)","Replay The Spire","StSLib","The Necromancer"],"gold_per_floor":[116,133,7,18,33,62,62,62,62,62,80,111,134,157,157,257,257,273,273,288,299,118,118,143,143,143,178,196,136,11,11,11,116,116,127,0,16,70,88,116,116,143,143,163,195,45,61,90,90,90],"floor_reached":51,"playtime":14323,"items_purged":["Defend_W","Negative_Energy_Bomb","Defend_W","Strike_W"],"score":644,"play_id":"4a1ac7be-84fa-4245-8bc3-eb440aa34324","local_time":"20201218222743","is_ascension_mode":true,"campfire_choices":[{"data":"Death_March_Dance","floor":8,"key":"SMITH"},{"floor":10,"key":"REST"},{"data":"Blood_Is_Power","floor":15,"key":"SMITH"},{"data":"Shade_Step","floor":23,"key":"SMITH"},{"data":"Life_Drain","floor":25,"key":"SMITH"},{"data":"Spectral_Walk","floor":32,"key":"SMITH"},{"floor":41,"key":"REST"},{"floor":49,"key":"REST"}],"circlet_count":0,"master_deck":["Negative_Energy_Arrows","Bone_Wall","Shade_Step+1","Death_March_Dance+1","Siphon_Strength","Acid_Javelin","Consume_Illness","Blood_Is_Power+1","Blood_Magic","Life_Drain+1","Corrupt","Spectral_Armor","Spectral_Walk+1","Grasp_Heart","Epidemic+1","Blood_for_Blood","Violent_Necrosis+1","Life_Drain+1","Siphon_Strength+1","Writhe","Thousand_Bone_Knives+1","Cloudkill"],"relics":["Vampire_Amulet","Centennial Puzzle","ReplayTheSpireMod:TigerMarble","Darkstone Periapt","Odd Mushroom","Dream Catcher","Empty Cage","Calipers","Snack Pack","Toy Ornithopter","Cursed Key","Red Mask","Bottled Tornado","Blood Vial","Pondfish Scales","Orichalcum","Du-Vu Doll","Bag of Preparation"],"acts_visited":["Exordium","TheCity","TheBeyond"],"potions_floor_usage":[16,24,33,44,45,48],"damage_taken":[{"damage":0,"enemies":"2 Louse","floor":1,"turns":2},{"damage":0,"enemies":"Cultist","floor":2,"turns":4},{"damage":6,"enemies":"Jaw Worm","floor":4,"turns":3},{"damage":7,"enemies":"Exordium Wildlife","floor":5,"turns":5},{"damage":20,"enemies":"3 Sentries","floor":6,"turns":10},{"damage":0,"enemies":"Exordium Thugs","floor":11,"turns":4},{"damage":12,"enemies":"Gremlin Nob","floor":12,"turns":4},{"damage":15,"enemies":"The Mushroom Lair","floor":13,"turns":3},{"damage":32,"enemies":"The Guardian","floor":16,"turns":9},{"damage":11,"enemies":"2 Thieves","floor":18,"turns":4},{"damage":20,"enemies":"3 Byrds","floor":20,"turns":5},{"damage":2,"enemies":"Shelled Parasite and Fungi","floor":21,"turns":2},{"damage":10,"enemies":"Slavers","floor":24,"turns":3},{"damage":15,"enemies":"Gremlin Leader","floor":27,"turns":5},{"damage":11,"enemies":"Snecko","floor":28,"turns":6},{"damage":48,"enemies":"Automaton","floor":33,"turns":8},{"damage":9,"enemies":"3 Shapes","floor":35,"turns":3},{"damage":17,"enemies":"3 Darklings","floor":37,"turns":3},{"damage":8,"enemies":"Sphere and 2 Shapes","floor":39,"turns":3},{"damage":57,"enemies":"R_Hoarder","floor":40,"turns":7},{"damage":58,"enemies":"Nemesis","floor":42,"turns":9},{"damage":32,"enemies":"Maw","floor":44,"turns":7},{"damage":25,"enemies":"Giant Head","floor":45,"turns":7},{"damage":11,"enemies":"Spire Growth","floor":47,"turns":3},{"damage":68,"enemies":"Reptomancer","floor":48,"turns":6},{"damage":47,"enemies":"Replay:Hell Engine","floor":50,"turns":9}],"seed_played":"9104612223681677363","potions_obtained":[{"floor":2,"key":"Fire Potion"},{"floor":4,"key":"SkillPotion"},{"floor":5,"key":"Adrenaline Potion"},{"floor":7,"key":"Doom Potion"},{"floor":27,"key":"Death Potion"},{"floor":28,"key":"Weak Potion"},{"floor":33,"key":"Energy Potion"},{"floor":38,"key":"DuplicationPotion"},{"floor":44,"key":"Dexterity Potion"}],"is_trial":false,"path_per_floor":["M","M","$","M","M","E","?","R","T","R","M","E","?","T","R","B",null,"M","?","M","M","$","R","E","R","T","E","M","?","$","?","R","B",null,"M","?","M","?","M","E","R","E","T","M","E","$","M","E","R","B",null],"character_chosen":"NECROMANCER","items_purchased":["Death_March_Dance","Corrupt"],"campfire_rested":3,"item_purchase_floors":[3,22],"current_hp_per_floor":[58,60,60,56,53,39,39,39,39,61,65,58,49,49,49,19,75,68,68,64,72,72,72,73,73,73,66,69,69,69,69,69,47,75,75,75,72,72,75,34,56,22,28,33,47,47,54,19,43,33],"gold":90,"neow_bonus":"REMOVE_TWO","is_daily":false,"chose_seed":false,"campfire_upgraded":5,"win_rate":0.0,"timestamp":1608305263,"path_taken":["M","M","$","M","M","E","?","R","T","R","?","E","?","?","R","BOSS","M","?","M","M","$","R","E","R","T","E","M","?","$","?","R","BOSS","M","?","M","?","M","E","R","E","T","M","E","$","M","E","R","BOSS"],"items_purchased_type":["Card","Card"],"build_version":"2020-12-13","purchased_purges":4,"victory":true,"max_hp_per_floor":[75,75,75,75,75,75,75,75,75,75,75,75,75,75,75,75,75,75,75,75,75,75,75,75,75,75,75,75,75,75,75,75,75,75,75,75,75,75,75,75,75,75,81,81,81,81,81,81,81,81],"card_choices":[{"not_picked":["Blood_Curse","Pandemic","Negative_Energy_Sphere"],"picked":"SKIP","floor":1},{"not_picked":["Negative_Energy_Sphere","Strike_from_Beyond"],"picked":"Shade_Step","floor":2},{"not_picked":["Summon_Lich","Bone_Shift"],"picked":"Siphon_Strength","floor":4},{"not_picked":["Bone_Armor","Consume_Illness"],"picked":"Acid_Javelin","floor":5},{"not_picked":["Finger_Of_Death","Blood_Curse","Chill_Blood"],"picked":"SKIP","floor":6},{"not_picked":["Blood_Whip","Detonate_Bones"],"picked":"Consume_Illness","floor":11},{"not_picked":["Toxic_Smoke_Screen","Bones_to_Steel"],"picked":"Flesh_Made_Foul","floor":12},{"not_picked":["Chill_Blood","Negative_Energy_Sphere"],"picked":"Blood_Is_Power","floor":13},{"not_picked":["Negative_Energy_Bomb","Summon_Death_Knight"],"picked":"Blood_Magic","floor":16},{"not_picked":["Bone_Bullets","Death_Coil+1","Bone_Armor"],"picked":"SKIP","floor":18},{"not_picked":["Bone_Armory","Bone_Bullets","Shackles_Of_Pain"],"picked":"SKIP","floor":20},{"not_picked":["Pandemic","Toxic_Smoke_Screen","Blood_Whip"],"picked":"SKIP","floor":21},{"not_picked":["Necromantic_Selection","Death_Coil+1"],"picked":"Spectral_Armor","floor":24},{"not_picked":["Shackles_Of_Pain+1","Death_Coil"],"picked":"Spectral_Walk","floor":27},{"not_picked":["Negative_Energy_Mist","Scare"],"picked":"Grasp_Heart","floor":28},{"not_picked":["Bones_to_Steel+1","Necromantic_Selection"],"picked":"Epidemic+1","floor":35},{"not_picked":["Bone_Bullets","Negative_Energy_Sphere"],"picked":"Blood_for_Blood","floor":37},{"not_picked":["Negative_Energy_Burst+1","Chill_Blood+1"],"picked":"Violent_Necrosis+1","floor":38},{"not_picked":["Negative_Energy_Sphere","Epidemic","Necromantic_Selection+1"],"picked":"SKIP","floor":39},{"not_picked":["Negative_Energy_Sphere","Epidemic","Necromantic_Selection+1"],"picked":"SKIP","floor":39},{"not_picked":["Negative_Energy_Sphere","Epidemic","Necromantic_Selection+1"],"picked":"SKIP","floor":39},{"not_picked":["Negative_Energy_Sphere","Epidemic","Necromantic_Selection+1"],"picked":"SKIP","floor":39},{"not_picked":["Negative_Energy_Mist+1","Blood_Shield+1","Death_Coil"],"picked":"SKIP","floor":40},{"not_picked":["Epidemic","Shackles_Of_Pain"],"picked":"Life_Drain+1","floor":41},{"not_picked":["Bone_Spikes","Bone_Shift"],"picked":"Siphon_Strength+1","floor":42},{"not_picked":["Chill_Blood","Shackles_Of_Pain+1"],"picked":"Thousand_Bone_Knives+1","floor":44},{"not_picked":["Spectral_Walk","Thousand_Bone_Knives+1","Bone_Armory+1"],"picked":"SKIP","floor":45},{"not_picked":["Spectral_Walk","Thousand_Bone_Knives+1","Bone_Armory+1"],"picked":"SKIP","floor":45},{"not_picked":["Life_Drain","Toxic_Smoke_Screen+1"],"picked":"Cloudkill","floor":47},{"not_picked":["Consume_Illness+1","Necromantic_Selection","Blood_Whip"],"picked":"SKIP","floor":48}],"player_experience":73199,"relics_obtained":[{"floor":6,"key":"Centennial Puzzle"},{"floor":9,"key":"ReplayTheSpireMod:TigerMarble"},{"floor":12,"key":"Darkstone Periapt"},{"floor":13,"key":"Odd Mushroom"},{"floor":14,"key":"Dream Catcher"},{"floor":24,"key":"Calipers"},{"floor":26,"key":"Snack Pack"},{"floor":27,"key":"Toy Ornithopter"},{"floor":38,"key":"Bottled Tornado"},{"floor":40,"key":"Blood Vial"},{"floor":42,"key":"Pondfish Scales"},{"floor":43,"key":"Orichalcum"},{"floor":45,"key":"Du-Vu Doll"},{"floor":48,"key":"Bag of Preparation"}],"event_choices":[{"damage_healed":0,"gold_gain":0,"player_choice":"Got Potions","damage_taken":0,"max_hp_gain":0,"max_hp_loss":0,"event_name":"Lab","floor":7,"gold_loss":0},{"damage_healed":0,"gold_gain":0,"player_choice":"Fought Mushrooms","damage_taken":0,"max_hp_gain":0,"max_hp_loss":0,"event_name":"Mushrooms","floor":13,"gold_loss":0},{"damage_healed":0,"gold_gain":0,"cards_transformed":["Defend_W","Strike_W"],"player_choice":"Became Test Subject","damage_taken":0,"max_hp_gain":0,"max_hp_loss":0,"event_name":"Drug Dealer","floor":19,"gold_loss":0,"cards_obtained":["Life_Drain","Negative_Energy_Bomb"]},{"damage_healed":0,"gold_gain":0,"player_choice":"Ignored","damage_taken":0,"max_hp_gain":0,"max_hp_loss":0,"event_name":"Ghosts","floor":31,"gold_loss":0},{"damage_healed":0,"gold_gain":0,"player_choice":"Paid","damage_taken":0,"relics_obtained":["Red Mask"],"max_hp_gain":0,"max_hp_loss":0,"event_name":"Tomb of Lord Red Mask","floor":36,"gold_loss":127}],"is_beta":false,"boss_relics":[{"not_picked":["Velvet Choker","Calling Bell"],"picked":"Empty Cage"},{"not_picked":["Replay:Bronze Core","ChewingGum"],"picked":"Cursed Key"}],"items_purged_floors":[3,22,30,46],"is_endless":false,"potions_floor_spawned":[2,4,5,11,12,27,28,33,35,39,44],"ascension_level":1}}