{"host":"fa35vd3kig5td25x","time":1608319647,"event":{"mods":["BaseMod","Colored Powertips","Minty Spire (QoL Compilation)","Relic Stats","Slay the Relics Exporter"],"gold_per_floor":[17,17,33,33,33,33,68,81,136,136,136,157,157,192,192,290,290,304,229,243,27,42,77,77,102,127,163,0,0,16,40,40,139,139,164,164,497,497,7,7,35,48,74,74,0,35,35,35,35,35,35,35,35,35,35,35],"floor_reached":55,"playtime":5066,"items_purged":["Pain"],"score":2213,"play_id":"f0543867-1bf3-42a0-abcc-3724c4ad694a","local_time":"20201218202727","is_ascension_mode":true,"campfire_choices":[{"data":"Sweeping Beam","floor":6,"key":"SMITH"},{"floor":11,"key":"REST"},{"floor":15,"key":"REST"},{"floor":24,"key":"REST"},{"floor":29,"key":"REST"},{"floor":32,"key":"REST"},{"floor":40,"key":"REST"},{"floor":44,"key":"RECALL"},{"floor":47,"key":"REST"},{"floor":49,"key":"REST"},{"floor":53,"key":"REST"}],"circlet_count":0,"master_deck":["AscendersBane","Strike_B","Strike_B+1","Strike_B+1","Defend_B","Defend_B","Defend_B+1","Defend_B","Dualcast","Multi-Cast","Sweeping Beam+1","Leap","Lockon","Barrage","Seek","Sunder","Reinforced Body+1","Compile Driver","Buffer","Turbo+1","Rainbow","Compile Driver","Leap+1","Darkness","Biased Cognition","Glacier","Loop","Loop"],"relics":["Cracked Core","Thread and Needle","Ornamental Fan","Letter Opener","Whetstone","WarpedTongs","Oddly Smooth Stone","Fusion Hammer","OrangePellets","StrikeDummy","War Paint","Pocketwatch","Empty Cage","FossilizedHelix","Juzu Bracelet","Red Mask","Boot"],"acts_visited":["Exordium","TheCity","TheBeyond","TheEnding"],"potions_floor_usage":[22,27,33,33,41,50,55],"damage_taken":[{"damage":9,"enemies":"Jaw Worm","floor":1,"turns":4},{"damage":0,"enemies":"2 Louse","floor":3,"turns":1},{"damage":32,"enemies":"Lagavulin","floor":7,"turns":9},{"damage":4,"enemies":"Small Slimes","floor":8,"turns":3},{"damage":0,"enemies":"Gremlin Gang","floor":12,"turns":4},{"damage":5,"enemies":"3 Sentries","floor":14,"turns":5},{"damage":37,"enemies":"The Guardian","floor":16,"turns":13},{"damage":10,"enemies":"2 Thieves","floor":18,"turns":3},{"damage":1,"enemies":"Spheric Guardian","floor":20,"turns":3},{"damage":2,"enemies":"Snake Plant","floor":22,"turns":3},{"damage":22,"enemies":"Gremlin Leader","floor":23,"turns":6},{"damage":11,"enemies":"Sentry and Sphere","floor":25,"turns":5},{"damage":19,"enemies":"Book of Stabbing","floor":27,"turns":4},{"damage":12,"enemies":"Centurion and Healer","floor":30,"turns":5},{"damage":6,"enemies":"Snake Plant","floor":31,"turns":4},{"damage":0,"enemies":"Automaton","floor":33,"turns":9},{"damage":0,"enemies":"Orb Walker","floor":35,"turns":4},{"damage":0,"enemies":"Reptomancer","floor":41,"turns":4},{"damage":0,"enemies":"3 Shapes","floor":42,"turns":5},{"damage":0,"enemies":"Giant Head","floor":46,"turns":9},{"damage":1,"enemies":"Donu and Deca","floor":50,"turns":6},{"damage":0,"enemies":"Awakened One","floor":51,"turns":17},{"damage":77,"enemies":"Shield and Spear","floor":55,"turns":6}],"seed_played":"6526784967502055579","potions_obtained":[{"floor":12,"key":"PotionOfCapacity"},{"floor":14,"key":"Block Potion"},{"floor":25,"key":"LiquidMemories"},{"floor":33,"key":"AttackPotion"},{"floor":41,"key":"ColorlessPotion"},{"floor":46,"key":"SpeedPotion"}],"is_trial":false,"path_per_floor":["M","?","M","T","?","R","E","M","T","?","R","M","?","E","R","B",null,"M","$","M","$","M","E","R","M","T","E","$","R","M","M","R","B",null,"M","?","?","?","$","R","E","M","T","R","?","E","R","$","R","B","B",null,"R","$","E"],"character_chosen":"DEFECT","items_purchased":["OrangePellets","Compile Driver","SpeedPotion","Ancient Potion","Compile Driver","Glacier","FossilizedHelix","Loop"],"campfire_rested":9,"item_purchase_floors":[21,21,28,28,28,39,39,39],"current_hp_per_floor":[55,55,55,55,37,37,5,1,1,22,41,41,41,36,55,18,53,43,43,42,42,40,18,37,26,26,7,7,26,14,8,27,27,55,55,55,55,55,55,61,61,61,61,61,61,61,61,61,61,60,60,61,61,61,0,0],"gold":35,"neow_bonus":"THREE_RARE_CARDS","is_daily":false,"chose_seed":false,"campfire_upgraded":1,"win_rate":0.0,"timestamp":1608319647,"path_taken":["M","?","M","?","?","R","E","M","T","?","R","M","?","E","R","BOSS","M","$","M","$","?","E","R","M","T","E","$","R","M","M","R","BOSS","M","?","?","?","$","R","E","M","T","R","?","E","R","?","R","BOSS","BOSS","R","$","E"],"items_purchased_type":["Relic","Card","Potion","Potion","Card","Card","Relic","Card"],"build_version":"2020-12-13","purchased_purges":1,"victory":false,"max_hp_per_floor":[71,64,64,64,64,64,64,64,64,64,64,64,64,64,64,64,64,64,64,64,64,64,64,64,64,64,64,64,64,64,64,64,64,64,64,61,61,61,61,61,61,61,61,61,61,61,61,61,61,61,61,61,61,61,61,61],"relic_stats":{"OrangePellets":[7],"counters":[23,132],"Ornamental Fan":[104],"Juzu Bracelet":0,"Letter Opener":[181],"Whetstone":["Strike_B","Strike_B"],"War Paint":["Defend_B","Turbo"],"Boot":[3],"obtain_stats":[{"Golden Idol":2,"Oddly Smooth Stone":14,"Thread and Needle":4,"Juzu Bracelet":41,"Letter Opener":7,"Whetstone":9,"War Paint":26,"Empty Cage":34,"Boot":46,"WarpedTongs":13,"OrangePellets":21,"Ornamental Fan":5,"Fusion Hammer":17,"Red Mask":45,"Cracked Core":0,"StrikeDummy":23,"FossilizedHelix":39,"Pocketwatch":27},{"Golden Idol":1,"Oddly Smooth Stone":6,"Thread and Needle":2,"Juzu Bracelet":18,"Letter Opener":3,"Whetstone":4,"War Paint":12,"Empty Cage":16,"Boot":20,"WarpedTongs":5,"OrangePellets":9,"Ornamental Fan":2,"Fusion Hammer":7,"Red Mask":19,"Cracked Core":0,"StrikeDummy":11,"FossilizedHelix":17,"Pocketwatch":13},{"Golden Idol":4,"Oddly Smooth Stone":26,"Thread and Needle":5,"Juzu Bracelet":89,"Letter Opener":14,"Whetstone":17,"War Paint":59,"Empty Cage":81,"Boot":103,"WarpedTongs":21,"OrangePellets":45,"Ornamental Fan":5,"Fusion Hammer":39,"Red Mask":94,"Cracked Core":0,"StrikeDummy":54,"FossilizedHelix":85,"Pocketwatch":63}],"WarpedTongs":[106],"Pocketwatch":[129]},"card_choices":[{"not_picked":["Reboot","Buffer"],"picked":"Multi-Cast","floor":0},{"not_picked":["Coolheaded","Stack"],"picked":"Sweeping Beam","floor":1},{"not_picked":["Rebound","Redo"],"picked":"Leap","floor":3},{"not_picked":["Chaos","Reinforced Body"],"picked":"Lockon","floor":7},{"not_picked":["Sweeping Beam","Gash"],"picked":"Ball Lightning","floor":8},{"not_picked":["Redo","Recycle","Tempest"],"picked":"SKIP","floor":12},{"not_picked":["Go for the Eyes","Conserve Battery"],"picked":"Barrage","floor":14},{"not_picked":["Machine Learning","Fission"],"picked":"Seek","floor":16},{"not_picked":["White Noise","Hello World"],"picked":"Sunder","floor":18},{"not_picked":["Barrage","Beam Cell"],"picked":"Reinforced Body+1","floor":20},{"not_picked":["Double Energy","Gash","Hello World+1"],"picked":"SKIP","floor":22},{"not_picked":["Chaos","Sweeping Beam"],"picked":"Buffer","floor":23},{"not_picked":["Steam","Redo"],"picked":"Turbo","floor":25},{"not_picked":["Go for the Eyes","Gash"],"picked":"Rainbow","floor":27},{"not_picked":["Stack","Gash"],"picked":"Leap+1","floor":30},{"not_picked":["Coolheaded","Redo+1"],"picked":"Darkness","floor":31},{"not_picked":["Machine Learning","Reboot"],"picked":"Biased Cognition","floor":33},{"not_picked":["Streamline","Rip and Tear+1","Blizzard+1"],"picked":"SKIP","floor":35},{"not_picked":["Redo","Sweeping Beam","Ball Lightning"],"picked":"SKIP","floor":41},{"not_picked":["Redo","Sweeping Beam","Ball Lightning"],"picked":"SKIP","floor":41},{"not_picked":["Rebound","Doom and Gloom","Ball Lightning"],"picked":"SKIP","floor":42},{"not_picked":["Compile Driver","Melter"],"picked":"Loop","floor":46}],"player_experience":2845534,"relics_obtained":[{"floor":4,"key":"Thread and Needle"},{"floor":7,"key":"Letter Opener"},{"floor":9,"key":"Whetstone"},{"floor":14,"key":"Oddly Smooth Stone"},{"floor":23,"key":"StrikeDummy"},{"floor":26,"key":"War Paint"},{"floor":27,"key":"Pocketwatch"},{"floor":41,"key":"Juzu Bracelet"},{"floor":46,"key":"Boot"}],"event_choices":[{"damage_healed":0,"gold_gain":0,"player_choice":"Lose Max HP","damage_taken":0,"relics_obtained":["Golden Idol"],"max_hp_gain":0,"max_hp_loss":7,"event_name":"Golden Idol","floor":2,"gold_loss":0},{"damage_healed":0,"gold_gain":0,"player_choice":"Success","damage_taken":18,"relics_obtained":["Ornamental Fan"],"max_hp_gain":0,"max_hp_loss":0,"event_name":"Scrap Ooze","floor":5,"gold_loss":0},{"damage_healed":21,"gold_gain":0,"player_choice":"Banana","damage_taken":0,"max_hp_gain":0,"max_hp_loss":0,"event_name":"Big Fish","floor":10,"gold_loss":0},{"damage_healed":0,"gold_gain":0,"player_choice":"Rummage","damage_taken":0,"relics_obtained":["WarpedTongs"],"max_hp_gain":0,"max_hp_loss":0,"event_name":"Accursed Blacksmith","floor":13,"gold_loss":0,"cards_obtained":["Pain"]},{"damage_healed":0,"gold_gain":0,"player_choice":"Max HP","damage_taken":0,"max_hp_gain":0,"max_hp_loss":3,"event_name":"Winding Halls","floor":36,"gold_loss":0},{"damage_healed":0,"gold_gain":333,"player_choice":"Gave Idol","damage_taken":0,"max_hp_gain":0,"max_hp_loss":0,"event_name":"The Moai Head","floor":37,"relics_lost":["Golden Idol"],"gold_loss":0},{"cards_removed":["Strike_B"],"damage_healed":0,"gold_gain":0,"player_choice":"Removed Attack","damage_taken":0,"max_hp_gain":0,"max_hp_loss":0,"event_name":"Falling","floor":38,"gold_loss":0},{"damage_healed":0,"gold_gain":0,"player_choice":"Paid","damage_taken":0,"relics_obtained":["Red Mask"],"max_hp_gain":0,"max_hp_loss":0,"event_name":"Tomb of Lord Red Mask","floor":45,"gold_loss":74}],"is_beta":false,"boss_relics":[{"not_picked":["Astrolabe","FrozenCore"],"picked":"Fusion Hammer"},{"not_picked":["Busted Crown","Runic Dome"],"picked":"Empty Cage"}],"items_purged_floors":[19],"is_endless":false,"potions_floor_spawned":[12,14,18,25,31,33,41,46],"killed_by":"Shield and Spear","ascension_level":20}}