{"host":"dcj2yvrgcvh5dl2s","time":1608277652,"event":{"mods":["BaseMod","Better Note","Block Reminder","Colored Powertips","DeckTracker","Minty Spire (QoL Compilation)","Quick Restart","Rare Cards Sparkle","Relic Stats","StSLib"],"gold_per_floor":[112,127,55,55,10,10,24,24,49,49,49,75,75,91,91,91,91],"floor_reached":16,"playtime":326,"items_purged":[],"score":152,"play_id":"7d12b8a0-ee70-4610-a156-241018355d1b","local_time":"20201218174732","is_ascension_mode":true,"campfire_choices":[{"floor":6,"key":"REST"},{"data":"Infernal Blade","floor":8,"key":"SMITH"},{"data":"Heavy Blade","floor":10,"key":"SMITH"},{"floor":15,"key":"REST"}],"circlet_count":0,"master_deck":["AscendersBane","Strike_R","Strike_R","Strike_R","Defend_R","Defend_R","Defend_R","Bash","Iron Wave","Ghostly Armor","Searing Blow+1","Inflame","Infernal Blade+1","Heavy Blade+1","Cleave","Shrug It Off","Metallicize"],"relics":["Burning Blood","PreservedInsect","Unceasing Top","MealTicket"],"acts_visited":["Exordium"],"potions_floor_usage":[],"damage_taken":[{"damage":11,"enemies":"Cultist","floor":1,"turns":4},{"damage":15,"enemies":"Small Slimes","floor":2,"turns":4},{"damage":3,"enemies":"2 Louse","floor":7,"turns":2},{"damage":23,"enemies":"Gremlin Nob","floor":12,"turns":4},{"damage":11,"enemies":"Exordium Wildlife","floor":14,"turns":4},{"damage":36,"enemies":"Hexaghost","floor":16,"turns":9}],"seed_played":"-5236145395904008935","potions_obtained":[{"floor":2,"key":"Explosive Potion"}],"is_trial":false,"path_per_floor":["M","M","$","?","$","R","M","R","T","R","?","E","?","M","R","B"],"character_chosen":"IRONCLAD","items_purchased":["Infernal Blade","Heavy Blade"],"campfire_rested":2,"item_purchase_floors":[3,5],"current_hp_per_floor":[46,37,37,30,30,54,57,57,57,57,57,40,15,10,34,0,0],"gold":91,"neow_bonus":"TRANSFORM_TWO_CARDS","is_daily":false,"chose_seed":false,"campfire_upgraded":2,"win_rate":0.0,"timestamp":1608277652,"path_taken":["M","M","$","?","$","R","M","R","T","R","?","E","?","?","R","BOSS"],"items_purchased_type":["Card","Card"],"build_version":"2020-12-13","purchased_purges":0,"victory":false,"max_hp_per_floor":[80,80,80,80,80,80,80,80,80,80,80,80,80,80,80,80,80],"relic_stats":{"counters":[6,27],"MealTicket":0,"PreservedInsect":22,"obtain_stats":[{"MealTicket":13,"PreservedInsect":9,"Burning Blood":0,"Unceasing Top":12},{"MealTicket":4,"PreservedInsect":3,"Burning Blood":0,"Unceasing Top":4},{"MealTicket":14,"PreservedInsect":10,"Burning Blood":0,"Unceasing Top":14}],"Burning Blood":30,"Unceasing Top":[0]},"card_choices":[{"not_picked":["Perfected Strike","Clothesline"],"picked":"Searing Blow","floor":1},{"not_picked":["Armaments","Clothesline"],"picked":"Inflame","floor":2},{"not_picked":["Entrench","Spot Weakness"],"picked":"Cleave","floor":7},{"not_picked":["Clothesline","Headbutt"],"picked":"Shrug It Off","floor":12},{"not_picked":["Sentinel","Iron Wave"],"picked":"Metallicize","floor":14}],"player_experience":1983321,"relics_obtained":[{"floor":9,"key":"PreservedInsect"},{"floor":12,"key":"Unceasing Top"}],"event_choices":[{"cards_removed":["Strike_R"],"damage_healed":0,"gold_gain":0,"player_choice":"Card Removal","damage_taken":7,"max_hp_gain":0,"max_hp_loss":0,"event_name":"Golden Wing","floor":4,"gold_loss":0},{"damage_healed":0,"gold_gain":0,"player_choice":"Grow","damage_taken":0,"max_hp_gain":0,"max_hp_loss":0,"event_name":"Living Wall","floor":11,"gold_loss":0,"cards_upgraded":["Searing Blow"]},{"damage_healed":0,"gold_gain":0,"player_choice":"Success","damage_taken":25,"relics_obtained":["MealTicket"],"max_hp_gain":0,"max_hp_loss":0,"event_name":"Scrap Ooze","floor":13,"gold_loss":0}],"is_beta":false,"boss_relics":[],"items_purged_floors":[],"is_endless":false,"potions_floor_spawned":[2],"killed_by":"Hexaghost","ascension_level":11}}