{"host":"wvjetiwvtzv47vcu","time":1608252659,"event":{"mods":["AchievementEnabler","Act Like it!","BaseMod","BetterRewards","Colored Map","Colored Powertips","Downfall","Gensokyo","Hubris","Koishi","Marisa????????","Minty Spire (QoL Compilation)","Rare Cards Sparkle","StSLib","The Animator"],"gold_per_floor":[99,4,15,15,0,0,0,33,44,44,56,81,81,81,99,197,197,47,7,22,22,40,51,51,51,62,62,62,77,10,30,43,138,138,63,48,76,76,93,125,152,164,193,193,9,109,126,143,155,155,155,181,46,46,46],"floor_reached":56,"playtime":5040,"items_purged":["Guardian:Defend_Guardian"],"score":1287,"play_id":"726bbad6-8abd-4631-94b5-b92b858d3fc0","local_time":"20201217165059","is_ascension_mode":false,"campfire_choices":[{"data":"Guardian:TwinSlam","floor":1.0,"key":"SMITH"},{"data":"Guardian:EvasiveProtocol","floor":6.0,"key":"SMITH"},{"data":"Guardian:CurlUp","floor":10.0,"key":"SMITH"},{"floor":18.0,"key":"RECALL"},{"data":"Guardian:FloatingOrbs","floor":21.0,"key":"SMITH"},{"data":"Guardian:Planning","floor":25.0,"key":"SMITH"},{"floor":27.0,"key":"DIG"},{"floor":35.0,"key":"DIG"},{"floor":38.0,"key":"DIG"},{"floor":44.0,"key":"DIG"},{"floor":54,"key":"DIG"}],"circlet_count":0,"master_deck":["Guardian:Strike_Guardian","Guardian:Strike_Guardian","Guardian:Strike_Guardian","Guardian:Strike_Guardian","Guardian:Defend_Guardian+1","Guardian:Defend_Guardian","Guardian:Defend_Guardian","Guardian:CurlUp+1","Guardian:TwinSlam+1","Guardian:ShieldCharger","Guardian:EvasiveProtocol+1","Guardian:CrystalBeam","Guardian:ChargeUp","Guardian:Harden","Guardian:BronzeOrb+1","Guardian:FloatingOrbs+1","Guardian:ShieldCharger+1","Guardian:ShieldCharger","Guardian:Planning+1","Guardian:TimeCapacitor","Guardian:Planning+1","Guardian:FloatingOrbs","Guardian:RevengeProtocol","Guardian:TemporalStrike+1","Guardian:ShieldSpikes","Guardian:RevengeProtocol","Guardian:ShieldCharger","Guardian:ExploitGems","Guardian:CrystalBeam","Guardian:ArmoredProtocol","Guardian:FastForward","Guardian:TemporalStrike+1","Guardian:DecasProtection+1","Guardian:SpikerProtocol"],"relics":["Guardian:ModeShifter","Shovel","Guardian:PickAxe","Odd Mushroom","SlaversCollar","downfall:HeartBlessingGreen","downfall:HeartBlessingBlue","hubris:Spice","War Paint","hubris:Icosahedron","downfall:HeartBlessingRed","Boot","Bag of Preparation","Art of War","Whetstone","Potion Belt"],"acts_visited":["Exordium","TheCity","TheBeyond","TheEnding"],"potions_floor_usage":[48,49,50,54,55,55,55],"damage_taken":[{"damage":10.0,"enemies":"downfall:FleeingMerchant","floor":2.0,"turns":4.0},{"damage":0.0,"enemies":"Jaw Worm","floor":3.0,"turns":4.0},{"damage":0.0,"enemies":"downfall:FleeingMerchant","floor":5.0,"turns":4.0},{"damage":22.0,"enemies":"3 Sentries","floor":8.0,"turns":13.0},{"damage":0.0,"enemies":"Cultist","floor":9.0,"turns":5.0},{"damage":1.0,"enemies":"Small Slimes","floor":11.0,"turns":3.0},{"damage":2.0,"enemies":"The Mushroom Lair","floor":12.0,"turns":4.0},{"damage":8.0,"enemies":"Blue Slaver","floor":15.0,"turns":4.0},{"damage":19.0,"enemies":"downfall:Ironclad","floor":16.0,"turns":10.0},{"damage":14.0,"enemies":"downfall:FleeingMerchant","floor":19.0,"turns":4.0},{"damage":9.0,"enemies":"Chosen","floor":20.0,"turns":7.0},{"damage":3.0,"enemies":"3 Byrds","floor":22.0,"turns":4.0},{"damage":0.0,"enemies":"Centurion and Healer","floor":23.0,"turns":11.0},{"damage":5.0,"enemies":"Snake Plant","floor":26.0,"turns":7.0},{"damage":0.0,"enemies":"3 Cultists","floor":29.0,"turns":5.0},{"damage":0.0,"enemies":"downfall:FleeingMerchant","floor":30.0,"turns":4.0},{"damage":0.0,"enemies":"Cultist and Chosen","floor":31.0,"turns":6.0},{"damage":5.0,"enemies":"Centurion and Healer","floor":32.0,"turns":8.0},{"damage":9.0,"enemies":"downfall:Silent","floor":33.0,"turns":6.0},{"damage":0.0,"enemies":"downfall:FleeingMerchant","floor":36.0,"turns":4.0},{"damage":0.0,"enemies":"Nemesis","floor":37.0,"turns":6.0},{"damage":0.0,"enemies":"Orb Walker","floor":39.0,"turns":5.0},{"damage":1.0,"enemies":"Reptomancer","floor":40.0,"turns":6.0},{"damage":0.0,"enemies":"3 Shapes","floor":42.0,"turns":4.0},{"damage":2.0,"enemies":"Giant Head","floor":43.0,"turns":7.0},{"damage":0.0,"enemies":"downfall:FleeingMerchant","floor":45.0,"turns":3.0},{"damage":0,"enemies":"downfall:LadyInBlue","floor":46,"turns":3},{"damage":6,"enemies":"Jaw Worm Horde","floor":47,"turns":4},{"damage":0,"enemies":"Spire Growth","floor":48,"turns":5},{"damage":0,"enemies":"Transient","floor":49,"turns":5},{"damage":0,"enemies":"downfall:Defect","floor":50,"turns":5},{"damage":17,"enemies":"downfall:CharBossMerchant","floor":52,"turns":9},{"damage":26,"enemies":"downfall:NeowBoss","floor":55,"turns":20}],"seed_played":"-5336984582109777281","potions_obtained":[{"floor":3.0,"key":"SteroidPotion"},{"floor":8.0,"key":"LiquidBronze"},{"floor":9.0,"key":"Swift Potion"},{"floor":16.0,"key":"Fruit Juice"},{"floor":23.0,"key":"Energy Potion"},{"floor":26.0,"key":"Explosive Potion"},{"floor":29.0,"key":"FearPotion"},{"floor":32.0,"key":"Weak Potion"},{"floor":40.0,"key":"sneckomod:MuddlingPotion"},{"floor":42.0,"key":"Regen Potion"},{"floor":46,"key":"FairyPotion"},{"floor":46,"key":"AttackPotion"},{"floor":46,"key":"champ:CounterPotion"},{"floor":47,"key":"LiquidBronze"},{"floor":48,"key":"SkillPotion"},{"floor":49,"key":"Fire Potion"}],"is_trial":false,"path_per_floor":["R","$","M","?","$","R","T","E","M","R","M","?","?","T","M","B",null,"R","$","M","R","M","M","T","R","M","R","?","M","$","M","M","B",null,"R","$","E","R","M","E","T","M","E","R","$","?","M","M","M","B",null,"E","$","R","B",null],"character_chosen":"GUARDIAN","items_purchased":["Guardian:EvasiveProtocol","Guardian:CrystalBeam","Guardian:Planning","Guardian:TemporalStrike","Guardian:ExploitGems","Guardian:CrystalBeam","hubris:Spice","Guardian:SpikerProtocol","Fruit Juice"],"campfire_rested":0,"item_purchase_floors":[2,2,19,30,45,45,45,53,53],"current_hp_per_floor":[80,70,70,70,70,70,70,48,48,48,47,45,45,45,37,18,80,90,76,72,72,69,69,77,77,72,72,72,72,72,72,67,58,111,103,95,87,79,79,71,71,71,69,63,55,55,49,47,47,47,47,30,30,35,9],"gold":46,"neow_bonus":"THREE_CARDS","is_daily":false,"chose_seed":false,"campfire_upgraded":5,"win_rate":0.0,"timestamp":1608252659,"path_taken":["R","$","M","?","$","R","T","E","?","R","M","?","?","?","M","BOSS","R","?","M","R","M","M","T","R","M","R","?","M","$","?","M","BOSS","R","$","E","R","?","E","T","M","E","R","$","?","?","M","M","BOSS","E","$","R","BOSS"],"items_purchased_type":["Card","Card","Card","Card","Card","Card","Relic","Card","Potion"],"build_version":"2020-12-13","purchased_purges":1,"victory":true,"max_hp_per_floor":[80,80,80,80,80,80,80,80,80,80,80,80,80,80,80,80,80,90,90,95,95,95,95,103,103,103,103,103,103,103,103,103,103,111,103,95,87,79,79,71,71,71,71,63,55,55,55,47,47,47,47,39,39,36,36],"card_choices":[{"not_picked":["Guardian:RefractedBeam","Guardian:PrismaticBarrier"],"picked":"Guardian:Gem_Green","floor":0.0},{"not_picked":["Guardian:TemporalStrike","Guardian:PrimingBeam"],"picked":"Guardian:ShieldCharger","floor":2.0},{"not_picked":["Guardian:Planning","Guardian:TimeCapacitor"],"picked":"Guardian:ChargeUp","floor":3.0},{"not_picked":["Guardian:VentSteam","Guardian:WalkerClaw","Guardian:Incinerate"],"picked":"SKIP","floor":5.0},{"not_picked":["Guardian:Preprogram","Guardian:PrimingBeam"],"picked":"Guardian:Harden","floor":8.0},{"not_picked":["Guardian:TemporalShield","Guardian:GuardianWhirl"],"picked":"Guardian:BronzeOrb","floor":9.0},{"not_picked":["Guardian:BronzeArmor","Guardian:Planning"],"picked":"Guardian:FloatingOrbs","floor":11.0},{"not_picked":["Guardian:BronzeOrb","Guardian:Incinerate"],"picked":"Guardian:ShieldCharger","floor":12.0},{"not_picked":["Guardian:TemporalShield","Guardian:AncientConstruct"],"picked":"Guardian:ShieldCharger","floor":15.0},{"not_picked":["Guardian:AncientConstruct","Guardian:HyperBeam_Guardian"],"picked":"Guardian:Gem_Synthetic","floor":16.0},{"not_picked":["Guardian:ConstructionForm","Guardian:FastForward"],"picked":"Guardian:Gem_Green","floor":19.0},{"not_picked":["Guardian:PrimingBeam","Guardian:TemporalShield"],"picked":"Guardian:TimeCapacitor","floor":20.0},{"not_picked":["Guardian:RollAttack","Guardian:SpikerProtocol+1"],"picked":"Guardian:Gem_Lightblue","floor":22.0},{"not_picked":["Guardian:Incinerate","Guardian:BronzeOrb"],"picked":"Guardian:Gem_Cyan","floor":23.0},{"not_picked":["Guardian:PrimingBeam","Guardian:Gem_Cyan"],"picked":"Guardian:Planning+1","floor":26.0},{"not_picked":["Guardian:Planning","Guardian:Gem_Green"],"picked":"Guardian:FloatingOrbs","floor":29.0},{"not_picked":["Guardian:VentSteam","Guardian:ShieldCharger"],"picked":"Guardian:RevengeProtocol","floor":30.0},{"not_picked":["Guardian:Gem_Red","Guardian:DonusPower+1"],"picked":"Guardian:ShieldSpikes","floor":31.0},{"not_picked":["Guardian:Repulse","Guardian:Clone+1"],"picked":"Guardian:Gem_Green","floor":32.0},{"not_picked":["Guardian:FastForward","Guardian:TimeSifter"],"picked":"Guardian:RevengeProtocol","floor":33.0},{"not_picked":["Guardian:Emergency+1","Guardian:RollAttack+1"],"picked":"hubris:SpiceAddiction","floor":36.0},{"not_picked":["Guardian:PiercingHide","Guardian:ShieldCharger+1"],"picked":"hubris:SpiceAddiction","floor":37.0},{"not_picked":["Guardian:Planning+1","Guardian:RollAttack+1"],"picked":"Guardian:Gem_Lightblue","floor":39.0},{"not_picked":["Guardian:Gem_Lightblue","Guardian:PrismaticBarrier"],"picked":"hubris:SpiceAddiction","floor":40.0},{"not_picked":["Guardian:RefractedBeam","Guardian:RollAttack"],"picked":"Guardian:ShieldCharger","floor":42.0},{"not_picked":["Guardian:SentryBeam","Guardian:PiercingHide+1","Guardian:Planning+1"],"picked":"SKIP","floor":43.0},{"not_picked":["hubris:SpiceAddiction","Guardian:RollAttack+1"],"picked":"Guardian:ArmoredProtocol","floor":46},{"not_picked":["Guardian:Planning","Guardian:RollAttack+1"],"picked":"Guardian:FastForward","floor":47},{"not_picked":["Guardian:EvasiveProtocol+1","Guardian:Gem_Cyan"],"picked":"hubris:SpiceAddiction","floor":48},{"not_picked":["hubris:SpiceAddiction","hubris:SpiceAddiction"],"picked":"Guardian:TemporalStrike+1","floor":49},{"not_picked":["hubris:SpiceAddiction","Guardian:TemporalStrike+1"],"picked":"Guardian:DecasProtection+1","floor":52}],"player_experience":244918,"relics_obtained":[{"floor":7.0,"key":"Shovel"},{"floor":8.0,"key":"Guardian:PickAxe"},{"floor":12.0,"key":"Odd Mushroom"},{"floor":24.0,"key":"hubris:Spice"},{"floor":27.0,"key":"War Paint"},{"floor":35.0,"key":"hubris:Spice"},{"floor":37.0,"key":"Boot"},{"floor":38.0,"key":"hubris:Spice"},{"floor":40.0,"key":"Bag of Preparation"},{"floor":41.0,"key":"Art of War"},{"floor":43.0,"key":"Whetstone"},{"floor":44.0,"key":"hubris:Spice"},{"floor":46,"key":"Potion Belt"},{"floor":52,"key":"hubris:Spice"},{"floor":54,"key":"hubris:Spice"}],"event_choices":[{"damage_healed":0.0,"max_hp_gain":0.0,"max_hp_loss":0.0,"gold_gain":0.0,"event_name":"Mushrooms","player_choice":"Fought Mushrooms","floor":12.0,"gold_loss":0.0,"damage_taken":0.0}],"is_beta":false,"boss_relics":[{"not_picked":["Runic Pyramid","Coffee Dripper"],"picked":"SlaversCollar"},{"not_picked":["Snecko Eye","Philosopher\u0027s Stone"],"picked":"hubris:Spice"}],"items_purged_floors":[45],"is_endless":false,"potions_floor_spawned":[3,8,9,16,23,26,29,32,40,42,47,48,49],"ascension_level":0}}