{"host":"6fbjdsiu9jij34p7","time":1608314671,"event":{"mods":["2.2 Compatiblity","AchievementEnabler","BaseMod","Colored Map","DeckTracker","Highlight Path","Keyboard Shortcuts","Minty Spire (QoL Compilation)","Permanent Neow","Quick Restart","StSLib","SuperFastMode"],"gold_per_floor":[117,136,64,81,93,93,93,127,127,127,142,217,246,266,266,366,366,376,94,94,94,107,141,141,156,208,208,221,233,248,40,40,135,135,151,151,165,218,218,245,245,245,245,260,273,19,19,39,39,39],"floor_reached":51,"playtime":1377,"items_purged":["Strike_R","Strike_R"],"score":1276,"play_id":"cffbe55c-56bf-4e90-a471-4402db783cae","local_time":"20201219030431","is_ascension_mode":true,"campfire_choices":[{"floor":6.0,"key":"REST"},{"floor":10.0,"key":"REST"},{"floor":15.0,"key":"REST"},{"floor":24,"key":"REST"},{"floor":27,"key":"REST"},{"floor":32,"key":"REST"},{"floor":41,"key":"REST"},{"data":"Strike_R","floor":47,"key":"PURGE"},{"floor":49,"key":"REST"}],"circlet_count":0,"master_deck":["Strike_R","Strike_R","Defend_R","Defend_R","Defend_R","Defend_R","Bash","Cleave","Heavy Blade","Inflame","Heavy Blade+1","Thunderclap+1","Iron Wave+1","Heavy Blade+1","Shrug It Off+1","Limit Break+1","Searing Blow+1","Uppercut+1","Flame Barrier+1","Shockwave+1","Uppercut+1","Shrug It Off+1","Clothesline+1","Clothesline+1","Shrug It Off+1","Bludgeon+1","CurseOfTheBell","Spot Weakness+1","Limit Break+1","Thunderclap+1","Spot Weakness+1","Clothesline+1","Reaper+1"],"relics":["Burning Blood","Ancient Tea Set","Molten Egg 2","Toxic Egg 2","Odd Mushroom","Snecko Eye","Nloth\u0027s Gift","Whetstone","Art of War","Toy Ornithopter","Calling Bell","Bag of Preparation","White Beast Statue","FossilizedHelix","Peace Pipe","Mango","Regal Pillow","Orrery"],"acts_visited":["Exordium","TheCity","TheBeyond"],"potions_floor_usage":[18,19,29,33,38,40,40,50,50],"damage_taken":[{"damage":16.0,"enemies":"Cultist","floor":1.0,"turns":4.0},{"damage":2.0,"enemies":"2 Louse","floor":2.0,"turns":3.0},{"damage":0.0,"enemies":"Small Slimes","floor":4.0,"turns":3.0},{"damage":26.0,"enemies":"Exordium Wildlife","floor":5.0,"turns":4.0},{"damage":51.0,"enemies":"Lagavulin","floor":8.0,"turns":6.0},{"damage":7.0,"enemies":"3 Louse","floor":11.0,"turns":2.0},{"damage":29.0,"enemies":"The Mushroom Lair","floor":13.0,"turns":3.0},{"damage":2.0,"enemies":"Large Slime","floor":14.0,"turns":6.0},{"damage":0.0,"enemies":"Slime Boss","floor":16.0,"turns":5.0},{"damage":26,"enemies":"2 Thieves","floor":18,"turns":4},{"damage":11,"enemies":"3 Byrds","floor":22,"turns":3},{"damage":22,"enemies":"Book of Stabbing","floor":23,"turns":3},{"damage":8,"enemies":"Snecko","floor":25,"turns":3},{"damage":19,"enemies":"Snake Plant","floor":28,"turns":2},{"damage":3,"enemies":"3 Cultists","floor":29,"turns":3},{"damage":48,"enemies":"Sentry and Sphere","floor":30,"turns":5},{"damage":53,"enemies":"Collector","floor":33,"turns":9},{"damage":13,"enemies":"Orb Walker","floor":35,"turns":4},{"damage":19,"enemies":"3 Darklings","floor":37,"turns":5},{"damage":18,"enemies":"2 Orb Walkers","floor":38,"turns":5},{"damage":47,"enemies":"Nemesis","floor":40,"turns":7},{"damage":0,"enemies":"Spire Growth","floor":44,"turns":2},{"damage":19,"enemies":"4 Shapes","floor":45,"turns":5},{"damage":19,"enemies":"Writhing Mass","floor":48,"turns":3},{"damage":99,"enemies":"Donu and Deca","floor":50,"turns":8}],"seed_played":"-3592492308299974530","potions_obtained":[{"floor":1.0,"key":"SkillPotion"},{"floor":4.0,"key":"ColorlessPotion"},{"floor":8.0,"key":"Energy Potion"},{"floor":11.0,"key":"FairyPotion"},{"floor":14.0,"key":"DuplicationPotion"},{"floor":22,"key":"Explosive Potion"},{"floor":23,"key":"SkillPotion"},{"floor":30,"key":"Ancient Potion"},{"floor":33,"key":"DuplicationPotion"},{"floor":38,"key":"FearPotion"},{"floor":40,"key":"Weak Potion"},{"floor":44,"key":"BloodPotion"}],"is_trial":false,"path_per_floor":["M","M","$","M","M","R","?","E","T","R","M","?","?","M","R","B",null,"M","$","?","?","M","E","R","M","T","R","M","M","M","$","R","B",null,"M","?","M","?","?","E","R","?","T","M","M","$","R","M","R","B",null],"character_chosen":"IRONCLAD","items_purchased":["Inflame","Uppercut+1","Flame Barrier+1","Fruit Juice","Toy Ornithopter","SteroidPotion","Orrery"],"campfire_rested":8,"item_purchase_floors":[3,19,19,19,31,31,46],"current_hp_per_floor":[62,66,66,72,52,76,76,31,31,55,54,43,20,24,48,79,80,60,65,65,65,60,44,69,67,67,85,72,75,33,33,58,16,68,61,61,48,41,74,57,83,83,83,88,75,75,75,62,88,17],"gold":39,"neow_bonus":"RANDOM_COMMON_RELIC","is_daily":false,"chose_seed":false,"campfire_upgraded":0,"win_rate":0.0,"timestamp":1608314671,"path_taken":["M","M","$","M","?","R","?","E","T","R","M","?","?","?","R","BOSS","M","$","?","?","M","E","R","?","T","R","M","M","M","?","R","BOSS","M","?","?","?","?","E","R","?","T","M","?","$","R","M","R","BOSS"],"items_purchased_type":["Card","Card","Card","Potion","Relic","Potion","Relic"],"build_version":"2020-12-13","purchased_purges":2,"victory":true,"max_hp_per_floor":[80,80,80,80,80,80,80,80,80,80,80,80,80,80,80,80,80,80,85,85,85,85,85,85,85,85,85,85,85,85,85,85,85,85,85,85,85,85,74,88,88,88,88,88,88,88,88,88,88,88],"card_choices":[{"not_picked":["Wild Strike","Anger"],"picked":"Cleave","floor":1.0},{"not_picked":["Pommel Strike","True Grit"],"picked":"Heavy Blade","floor":2.0},{"not_picked":["Havoc","Anger"],"picked":"Heavy Blade","floor":4.0},{"not_picked":["Sentinel","Clothesline"],"picked":"Thunderclap","floor":5.0},{"not_picked":["Flame Barrier","Berserk"],"picked":"Iron Wave+1","floor":8.0},{"not_picked":["Warcry+1","Sentinel+1"],"picked":"Heavy Blade+1","floor":11.0},{"not_picked":["Flex+1","Dark Embrace"],"picked":"Shrug It Off+1","floor":13.0},{"not_picked":["Dual Wield+1","Seeing Red+1"],"picked":"Limit Break+1","floor":14.0},{"not_picked":["Anger+1","Twin Strike+1"],"picked":"Searing Blow+1","floor":18},{"not_picked":["Heavy Blade+1","Dual Wield+1"],"picked":"Shockwave+1","floor":22},{"not_picked":["Corruption","Ghostly Armor+1"],"picked":"Uppercut+1","floor":23},{"not_picked":["Pommel Strike+1","Clash+1"],"picked":"Shrug It Off+1","floor":25},{"not_picked":["Sword Boomerang+1","Disarm+1"],"picked":"Clothesline+1","floor":28},{"not_picked":["Perfected Strike+1","Double Tap+1"],"picked":"Clothesline+1","floor":29},{"not_picked":["Anger+1","Wild Strike+1"],"picked":"Shrug It Off+1","floor":30},{"not_picked":["Double Tap+1","Corruption"],"picked":"Bludgeon+1","floor":33},{"not_picked":["Pommel Strike+1","Cleave+1","Infernal Blade+1"],"picked":"SKIP","floor":35},{"not_picked":["True Grit+1","Pommel Strike+1","Power Through+1"],"picked":"SKIP","floor":37},{"not_picked":["Uppercut+1","Body Slam+1"],"picked":"Spot Weakness+1","floor":38},{"not_picked":["Iron Wave+1","Juggernaut"],"picked":"Limit Break+1","floor":40},{"not_picked":["Perfected Strike+1","Clash+1"],"picked":"Thunderclap+1","floor":44},{"not_picked":["Rampage+1","Armaments+1","Sword Boomerang+1"],"picked":"SKIP","floor":45},{"not_picked":["Offering+1","Wild Strike+1"],"picked":"Spot Weakness+1","floor":46},{"not_picked":["Warcry+1","Pommel Strike+1"],"picked":"Clothesline+1","floor":46},{"not_picked":["Cleave+1","Barricade"],"picked":"Reaper+1","floor":48}],"player_experience":239557,"relics_obtained":[{"floor":8.0,"key":"Molten Egg 2"},{"floor":9.0,"key":"Toxic Egg 2"},{"floor":13.0,"key":"Odd Mushroom"},{"floor":23,"key":"Whetstone"},{"floor":26,"key":"Art of War"},{"floor":34,"key":"Bag of Preparation"},{"floor":34,"key":"White Beast Statue"},{"floor":34,"key":"FossilizedHelix"},{"floor":38,"key":"Peace Pipe"},{"floor":40,"key":"Mango"},{"floor":43,"key":"Regal Pillow"}],"event_choices":[{"damage_healed":0.0,"max_hp_gain":0.0,"max_hp_loss":0.0,"gold_gain":0.0,"event_name":"Dead Adventurer","player_choice":"Searched \u00272\u0027 times","floor":7.0,"gold_loss":0.0,"damage_taken":0.0,"relics_obtained":["Pantograph"]},{"damage_healed":0.0,"max_hp_gain":0.0,"max_hp_loss":0.0,"gold_gain":75.0,"event_name":"World of Goop","player_choice":"Gather Gold","floor":12.0,"gold_loss":0.0,"damage_taken":11.0},{"damage_healed":0.0,"max_hp_gain":0.0,"max_hp_loss":0.0,"gold_gain":0.0,"event_name":"Mushrooms","player_choice":"Fought Mushrooms","floor":13.0,"gold_loss":0.0,"damage_taken":0.0},{"damage_healed":0,"gold_gain":0,"player_choice":"Ignored","damage_taken":0,"max_hp_gain":0,"max_hp_loss":0,"event_name":"Ghosts","floor":20,"gold_loss":0},{"damage_healed":0,"gold_gain":0,"player_choice":"Traded Relic","damage_taken":0,"relics_obtained":["Nloth\u0027s Gift"],"max_hp_gain":0,"max_hp_loss":0,"event_name":"N\u0027loth","floor":21,"relics_lost":["Pantograph"],"gold_loss":0},{"damage_healed":0,"gold_gain":0,"player_choice":"Got Potions","damage_taken":0,"max_hp_gain":0,"max_hp_loss":0,"event_name":"Lab","floor":36,"gold_loss":0},{"damage_healed":0,"gold_gain":0,"player_choice":"Fight","damage_taken":0,"max_hp_gain":0,"max_hp_loss":0,"event_name":"Mysterious Sphere","floor":38,"gold_loss":0},{"damage_healed":74,"gold_gain":0,"player_choice":"Heal","damage_taken":0,"max_hp_gain":0,"max_hp_loss":11,"event_name":"The Moai Head","floor":39,"gold_loss":0},{"damage_healed":0,"gold_gain":0,"player_choice":"Ignored","damage_taken":0,"max_hp_gain":0,"max_hp_loss":0,"event_name":"Tomb of Lord Red Mask","floor":42,"gold_loss":0}],"is_beta":false,"boss_relics":[{"not_picked":["Ectoplasm","Black Star"],"picked":"Snecko Eye"},{"not_picked":["Black Blood","Runic Pyramid"],"picked":"Calling Bell"}],"items_purged_floors":[19,46],"is_endless":false,"potions_floor_spawned":[1,4,8,11,14,22,23,28,30,33,35,37,38,40,44,45,48],"ascension_level":6}}