{"host":"2461dio7vetlq1z3","time":1608282326,"event":{"mods":["2.2 Compatiblity","AchievementEnabler","BaseMod","Better Third Choice","Hermit","Minty Spire (QoL Compilation)","Relic Stats","Spicy Shops","StSLib","The Animator","Waifu the Spire"],"gold_per_floor":[127,127,145,155,2,2,25,53,53,87,104,121,121,121,121,219,219,235,221,93,108,108,141,154,186,186,186,206,206,224,259,259,355,355,384,1383,1393,871,971,971,1017,1028,1028,1054,1054,1054,123,139,139,139],"floor_reached":51,"playtime":5001,"items_purged":["animator:Strike","Regret","Decay"],"score":1059,"play_id":"e5ba3aba-e67d-4cb9-bd0a-17e96f1b9a3c","local_time":"20201218100526","is_ascension_mode":true,"campfire_choices":[{"data":"animator:Entoma","floor":6,"key":"SMITH"},{"data":"animator:Entoma+4","floor":13,"key":"SMITH"},{"data":"animator:HinaKagiyama","floor":15,"key":"SMITH"},{"data":"animator:UneriGinkaku","floor":27,"key":"SMITH"},{"data":"animator:Biyorigo","floor":29,"key":"SMITH"},{"floor":32,"key":"REST"},{"floor":40,"key":"RECALL"},{"floor":46,"key":"REST"},{"data":"animator:Hibiki","floor":49,"key":"SMITH"}],"circlet_count":0,"master_deck":["animator:Strike_OwariNoSeraph","animator:Defend_OwariNoSeraph","animator:Defend","animator:Defend","animator:Defend","animator:Shinoa","animator:Mikaela+1","animator:Yoichi","animator:Togame","animator:Entoma+16","animator:HiiragiShinya","Parasite","animator:UneriGinkaku+1","animator:Yoichi","animator:MadokaKaname","animator:HinaKagiyama+1","animator:Curse_Dizziness","animator:Biyorigo+1","animator:Azekura","animator:Hitei+1","animator:Shimakaze","animator:HomuraAkemi","animator:Mikaela","animator:Kyubey","animator:Shigure+1","Normality","Normality","animator:Add","animator:Yuuichirou","Regret","animator:Hibiki+1"],"relics":["animator:TheMissingPiece","Cursed Key","Toy Ornithopter","animator:ShionDessert","Whetstone","Lantern","Darkstone Periapt","Torii","Empty Cage","Singing Bowl","Champion Belt","StoneCalendar","Strawberry","animator:HolyGrailRelic","MealTicket","TwistedFunnel","Mercury Hourglass","Girya","Smiling Mask","Question Card","Membership Card","Meat on the Bone","Ginger","ClockworkSouvenir","Orichalcum","Eternal Feather"],"acts_visited":["Exordium","TheCity","TheBeyond"],"potions_floor_usage":[10,12,19,21,23,28,30,33,42,50,50,50,50,50,50,50],"damage_taken":[{"damage":0,"enemies":"Jaw Worm","floor":1,"turns":4},{"damage":0,"enemies":"Cultist","floor":3,"turns":4},{"damage":2,"enemies":"Small Slimes","floor":4,"turns":3},{"damage":21,"enemies":"3 Sentries","floor":8,"turns":9},{"damage":9,"enemies":"Gremlin Nob","floor":10,"turns":4},{"damage":0,"enemies":"2 Fungi Beasts","floor":11,"turns":2},{"damage":5,"enemies":"Gremlin Gang","floor":12,"turns":4},{"damage":42,"enemies":"Slime Boss","floor":16,"turns":10},{"damage":15,"enemies":"Shell Parasite","floor":18,"turns":5},{"damage":6,"enemies":"2 Thieves","floor":19,"turns":4},{"damage":10,"enemies":"Snake Plant","floor":21,"turns":3},{"damage":36,"enemies":"Book of Stabbing","floor":23,"turns":5},{"damage":14,"enemies":"Chosen and Byrds","floor":24,"turns":5},{"damage":11,"enemies":"Gremlin Leader","floor":25,"turns":8},{"damage":6,"enemies":"Snecko","floor":28,"turns":4},{"damage":4,"enemies":"Cultist and Chosen","floor":30,"turns":7},{"damage":29,"enemies":"Slavers","floor":31,"turns":5},{"damage":7,"enemies":"Champ","floor":33,"turns":7},{"damage":23,"enemies":"Orb Walker","floor":35,"turns":5},{"damage":11,"enemies":"3 Shapes","floor":37,"turns":4},{"damage":43,"enemies":"Giant Head","floor":41,"turns":7},{"damage":48,"enemies":"Writhing Mass","floor":42,"turns":6},{"damage":8,"enemies":"Reptomancer","floor":44,"turns":5},{"damage":20,"enemies":"Sphere and 2 Shapes","floor":48,"turns":5},{"damage":49,"enemies":"Donu and Deca","floor":50,"turns":9}],"seed_played":"6657786999274663452","potions_obtained":[{"floor":1,"key":"LiquidBronze"},{"floor":8,"key":"Weak Potion"},{"floor":11,"key":"AttackPotion"},{"floor":12,"key":"Energy Potion"},{"floor":18,"key":"DistilledChaos"},{"floor":21,"key":"Explosive Potion"},{"floor":23,"key":"PowerPotion"},{"floor":25,"key":"Explosive Potion"},{"floor":28,"key":"Weak Potion"},{"floor":33,"key":"Regen Potion"},{"floor":41,"key":"Swift Potion"},{"floor":42,"key":"SpeedPotion"}],"is_trial":false,"path_per_floor":["M","?","M","M","$","R","T","E","T","E","M","M","R","?","R","B",null,"M","M","$","M","?","E","M","E","T","R","M","R","M","E","R","B",null,"M","?","M","$","?","R","E","M","T","E","?","R","$","M","R","B",null],"character_chosen":"THE_ANIMATOR","items_purchased":["animator:ShionDessert","animator:Hitei","animator:Shimakaze","MealTicket","TwistedFunnel","Mercury Hourglass","Membership Card","Meat on the Bone","EntropicBrew","animator:Hibiki","Ginger","ClockworkSouvenir","Orichalcum","Eternal Feather"],"campfire_rested":2,"item_purchase_floors":[5,20,20,38,38,38,47,47,47,47,47,47,47,47],"current_hp_per_floor":[66,66,66,64,64,64,64,44,44,40,42,44,44,50,50,16,79,73,74,74,73,73,50,47,46,52,52,53,53,67,49,83,90,122,101,113,117,117,117,117,83,52,58,63,63,107,122,115,133,155],"gold":139,"neow_bonus":"BOSS_RELIC","is_daily":false,"chose_seed":false,"campfire_upgraded":6,"win_rate":0.0,"timestamp":1608282326,"path_taken":["M","?","M","M","?","R","?","E","T","E","M","M","R","?","R","BOSS","M","M","$","M","?","E","?","E","T","R","M","R","M","E","R","BOSS","M","?","M","$","?","R","E","?","T","E","?","R","$","M","R","BOSS"],"items_purchased_type":["Relic","Card","Card","Relic","Relic","Relic","Relic","Relic","Potion","Card","Relic","Relic","Relic","Relic"],"build_version":"2020-12-13","purchased_purges":3,"victory":true,"max_hp_per_floor":[66,66,66,66,66,66,66,67,67,67,69,71,71,77,77,79,79,81,83,83,83,83,85,87,91,97,97,99,99,103,114,114,114,122,124,136,142,142,142,142,139,142,148,149,149,149,149,153,153,155],"relic_stats":{"Darkstone Periapt":30,"Torii":42,"Singing Bowl":12,"counters":[25,134],"StoneCalendar":[156],"Eternal Feather":18,"Whetstone":["animator:Mikaela","animator:Entoma"],"Ginger":[0],"Orichalcum":[36],"Cursed Key":4,"Smiling Mask":13,"Question Card":1,"Mercury Hourglass":[120],"MealTicket":15,"Champion Belt":[20],"obtain_stats":[{"Darkstone Periapt":9,"TwistedFunnel":38,"animator:ShionDessert":5,"Lantern":8,"Torii":10,"Singing Bowl":23,"animator:TheMissingPiece":0,"StoneCalendar":26,"Whetstone":7,"Ginger":47,"Cursed Key":0,"Empty Cage":17,"Smiling Mask":43,"ClockworkSouvenir":47,"Strawberry":31,"MealTicket":38,"Girya":41,"Eternal Feather":47,"Orichalcum":47,"Question Card":44,"Mercury Hourglass":38,"animator:HolyGrailRelic":34,"animator:LivingPicture":0,"Champion Belt":25,"Membership Card":47,"Toy Ornithopter":2,"Meat on the Bone":47},{"Darkstone Periapt":4,"TwistedFunnel":20,"animator:ShionDessert":3,"Lantern":4,"Torii":5,"Singing Bowl":12,"animator:TheMissingPiece":0,"StoneCalendar":14,"Whetstone":3,"Ginger":23,"Cursed Key":0,"Empty Cage":8,"Smiling Mask":22,"ClockworkSouvenir":23,"Strawberry":17,"MealTicket":20,"Girya":21,"Eternal Feather":23,"Orichalcum":23,"Question Card":23,"Mercury Hourglass":20,"animator:HolyGrailRelic":18,"animator:LivingPicture":0,"Champion Belt":14,"Membership Card":23,"Toy Ornithopter":1,"Meat on the Bone":23},{"Darkstone Periapt":20,"TwistedFunnel":102,"animator:ShionDessert":11,"Lantern":20,"Torii":24,"Singing Bowl":57,"animator:TheMissingPiece":0,"StoneCalendar":70,"Whetstone":11,"Ginger":120,"Cursed Key":0,"Empty Cage":40,"Smiling Mask":115,"ClockworkSouvenir":120,"Strawberry":86,"MealTicket":102,"Girya":109,"Eternal Feather":120,"Orichalcum":120,"Question Card":120,"Mercury Hourglass":102,"animator:HolyGrailRelic":93,"animator:LivingPicture":0,"Champion Belt":70,"Membership Card":120,"Toy Ornithopter":4,"Meat on the Bone":120}],"Toy Ornithopter":60,"Meat on the Bone":0},"card_choices":[{"not_picked":["animator:Lu","animator:Elsword"],"picked":"animator:Yoichi","floor":1},{"not_picked":["animator:Viivi","animator:Assassin"],"picked":"animator:Togame","floor":3},{"not_picked":["animator:PandorasActor","animator:Shichika"],"picked":"animator:Entoma","floor":4},{"not_picked":["animator:Mitsuba","animator:KrulTepes"],"picked":"animator:HiiragiShinya","floor":8},{"not_picked":["animator:Fredrika","animator:Konayuki"],"picked":"animator:UneriGinkaku","floor":10},{"not_picked":["animator:YuiTsuruno","animator:Guy"],"picked":"animator:Yoichi","floor":11},{"not_picked":["animator:Evileye","animator:Mitsuba"],"picked":"animator:MadokaKaname","floor":12},{"not_picked":["animator:Saber","animator:Eve"],"picked":"animator:Biyorigo","floor":16},{"not_picked":["animator:Nanami","animator:TsurugaMeisai"],"picked":"animator:Azekura","floor":18},{"not_picked":["animator:YuiTsuruno","animator:Layla+1","animator:Rider"],"picked":"SKIP","floor":19},{"not_picked":["animator:Evileye","animator:Rider","animator:Emonzaemon+1"],"picked":"SKIP","floor":21},{"not_picked":["animator:Ainz","animator:Viivi"],"picked":"animator:HomuraAkemi","floor":23},{"not_picked":["animator:Yoichi","animator:Mitsuba"],"picked":"animator:Mikaela","floor":24},{"not_picked":["animator:OrikoMikuni+1","animator:Ainz","animator:ShinjiMatou+1"],"picked":"Singing Bowl","floor":25},{"not_picked":["animator:Demiurge","animator:SayakaMiki"],"picked":"animator:YachiyoNanami","floor":28},{"not_picked":["animator:Layla","animator:Ciel+1","animator:Gillette"],"picked":"Singing Bowl","floor":30},{"not_picked":["animator:KyokoSakura","animator:OrikoMikuni","animator:IrohaTamaki"],"picked":"Singing Bowl","floor":31},{"not_picked":["animator:Gilgamesh","animator:HigakiRinne"],"picked":"animator:Kyubey","floor":33},{"not_picked":["animator:Emonzaemon","animator:Guy+1"],"picked":"animator:Shigure+1","floor":35},{"not_picked":["animator:Alexander+1","animator:Illya","animator:Elsword"],"picked":"Singing Bowl","floor":37},{"not_picked":["animator:Assassin","animator:Cocytus"],"picked":"animator:Add","floor":41},{"not_picked":["animator:Shinoa","animator:KrulTepes"],"picked":"animator:Yuuichirou","floor":42},{"not_picked":["animator:PandorasActor","animator:KyokoSakura+1","animator:Konayuki+1"],"picked":"Singing Bowl","floor":44},{"not_picked":["animator:UneriGinkaku","animator:Shalltear+1","animator:Azekura","animator:ChaikaBohdan"],"picked":"Singing Bowl","floor":48}],"player_experience":798485,"relics_obtained":[{"floor":7,"key":"Whetstone"},{"floor":8,"key":"Lantern"},{"floor":9,"key":"Darkstone Periapt"},{"floor":10,"key":"Torii"},{"floor":23,"key":"Singing Bowl"},{"floor":25,"key":"Champion Belt"},{"floor":26,"key":"StoneCalendar"},{"floor":31,"key":"Strawberry"},{"floor":41,"key":"Girya"},{"floor":43,"key":"Smiling Mask"},{"floor":44,"key":"Question Card"}],"event_choices":[{"damage_healed":0,"gold_gain":0,"player_choice":"Gave Potion","damage_taken":0,"relics_obtained":["Toy Ornithopter"],"max_hp_gain":0,"max_hp_loss":0,"event_name":"WeMeetAgain","floor":2,"gold_loss":0},{"damage_healed":0,"gold_gain":0,"player_choice":"Upgraded","damage_taken":0,"max_hp_gain":0,"max_hp_loss":0,"event_name":"Upgrade Shrine","floor":22,"gold_loss":0,"cards_upgraded":["animator:Hitei"]},{"damage_healed":0,"gold_gain":999,"player_choice":"Gold","damage_taken":0,"max_hp_gain":0,"max_hp_loss":0,"event_name":"MindBloom","floor":36,"gold_loss":0,"cards_obtained":["Normality","Normality"]},{"damage_healed":0,"gold_gain":100,"player_choice":"Pray","damage_taken":0,"max_hp_gain":0,"max_hp_loss":0,"event_name":"Golden Shrine","floor":39,"gold_loss":0},{"cards_removed":["animator:YachiyoNanami"],"damage_healed":0,"gold_gain":0,"player_choice":"Removed Power","damage_taken":0,"max_hp_gain":0,"max_hp_loss":0,"event_name":"Falling","floor":45,"gold_loss":0}],"is_beta":false,"boss_relics":[{"not_picked":["SlaversCollar","Fusion Hammer"],"picked":"Empty Cage"},{"not_picked":["Philosopher\u0027s Stone","animator:RacePiece"],"picked":"animator:HolyGrailRelic"}],"items_purged_floors":[5,38,47],"is_endless":false,"potions_floor_spawned":[1,8,11,12,18,21,23,25,28,33,41,42],"ascension_level":3}}