{"host":"0azimyi6n3ugndj4","time":1608305021,"event":{"mods":["BaseMod","Bestiary","Conspire","Curses Come First","Defuse TimeMaze Blight","Hyrulean Relics","Infinite Spire","Minty Spire (QoL Compilation)","Relic Sorter","Relic Stats","Replay The Spire","StSLib","SuperFastMode","Uncapped","¡¼?Úª?ø«¡½REMEMod"],"gold_per_floor":[99,249,174,234,234,327,327,369,394,449,556,111,196,196,196,437,437,479,40,73,73,73],"floor_reached":21,"playtime":432,"items_purged":[],"score":690,"play_id":"11bb9b94-6695-4c89-8274-5a79f64c7bf2","local_time":"20201219002341","daily_mods":["Draft","Hoarder","Chimera","Shiny","Specialized","Vintage","ControlledChaos","Allstar","Diverse","Colorless Cards","Heirloom","Time Dilation","Flight","Binary","Elite Swarm","Lethality","Midas","Binary"],"is_ascension_mode":true,"campfire_choices":[],"circlet_count":0,"master_deck":["Demon Form","Wraith Form v2","Echo Form","DevaForm","AscendersBane","Bash","Survivor","Zap","Strike_R","Strike_G","Strike_B","Defend_R","Defend_G","Defend_P","Brilliance","Devotion","Replay:AllIn","LessonLearned","Vault","Alpha","Establishment","REME_WorshipGod","Replay:LoomingThreat","DeusExMachina","Judgement","ConjureBlade","REME_EmptyShield","MasterReality","Blasphemy","Ragnarok","REME_CRH","Scrawl","Wish","Omniscience","SpiritShield","DevaForm","Hyperbeam","REME_ForAll","Machine Learning","Buffer","Mirror Shield","Seek","Echo Form","All For One","Reboot","Fission","Core Surge","Multi-Cast","Thunder Strike","Biased Cognition","REME_Shoggoth","Electrodynamics","ReplayRNGCard","ReplayTheSpireMod:Omega Cannon","Rainbow","Meteor Strike","Amplify","Creative AI","REME_ShadowForm","ReplayTheSpireMod:Necrosis","Corpse Explosion","Die Die Die","Atom Bomb","ReplayTheSpireMod:From All Sides","Adrenaline","Envenom","Doppelganger","Burst","Wraith Form v2","REME_SpectralBlade","Tools of the Trade","REME_CopyPotion","After Image","Poison Darts","A Thousand Cuts","Venomology","Replay:Bag of Tricks","Malaise","Phantasmal Killer","Night Terror","infinitespire:Neurotoxin","Unload","REME_GrazeFinale","Bullet Time","Storm of Steel","Glass Knife","Grand Finale","Double Tap","Demon Form","REME_ACTH","Fiend Fire","Eclipse","conspire:Purge","Berserk","Impervious","Juggernaut","Brutality","Demonic Infusion","conspire:HitWhereItHurts","Exhume","Offering","REME_Fury","Bludgeon","Feed","Replay:Many Hands","Limit Break","Corruption","Barricade","Hemogenesis","REME_TheLastStrike","Reaper","Immolate","Thinking Ahead","Metamorphosis","Master of Strategy","Magnetism","Chrysalis","Mayhem","REME_PuzzleBox","Secret Weapon","Midas Touch","ReplayTheSpireMod:Brewmster","REME_AllRoundStrike+1","Poisoned Strike","Sadistic Nature","Replay:Dark Deal","REME_Flogging","ReplayUltimateDefense","Transmutation","REME_BattleFury","HandOfGreed","ReplayTheSpireMod:Necrogeddon","Apotheosis","Panache","Violence","Secret Technique","The Bomb","Crow Ritual","REME_BuildACard","REME_ProfessionalPlagiarism","Finesse","Finesse","Finesse","Finesse","Finesse","Finesse","Finesse","Finesse","Finesse","Finesse","Finesse","Finesse","Finesse","Finesse","Finesse","Poisoned Stab","Poisoned Stab","Poisoned Stab","FlurryOfBlows","FlurryOfBlows","FlurryOfBlows","Shrug It Off","Shrug It Off","Shrug It Off","Consecrate","Consecrate","Consecrate","REME_FirmDetermination","REME_FirmDetermination","REME_FirmDetermination","FlurryOfBlows","FlurryOfBlows","FlurryOfBlows","Redo","Redo","Redo","PathToVictory","PathToVictory","PathToVictory","Weave","Weave","Weave","Blade Dance","Blade Dance","Blade Dance","Heavy Blade","Heavy Blade","Heavy Blade","Wireheading","Wireheading","Wireheading","Dark Embrace","Dark Embrace","Dark Embrace","ClearTheMind","ClearTheMind","ClearTheMind","Finesse","Finesse","Finesse","Unload","Unload","Unload","Doubt","Doubt","Fission","Fission","Fission"],"relics":["Frozen Eye","Busted Crown","REME_ComplimentaryCards","infinitespire:CursedDice","Sizzling Blood","HornCleat","zeldaRelics:CourageTriforce","Golden Idol","Regal Pillow","Replay:Baseball","conspire:DecoderRing","zeldaRelics:Navi","Prayer Wheel","zeldaRelics:WisdomPiece","FaceOfCleric","infinitespire:Cupcake","conspire:Dentures","OrangePellets","Replay:Ringing Soul","Replay:Multitool"],"acts_visited":["Exordium","TheCity"],"potions_floor_usage":[18,18,21],"damage_taken":[{"damage":0,"enemies":"Small Slimes","floor":4,"turns":2},{"damage":0,"enemies":"3 Sentries","floor":6,"turns":1},{"damage":15,"enemies":"Jaw Worm","floor":8,"turns":3},{"damage":0,"enemies":"2 Louse","floor":10,"turns":2},{"damage":0,"enemies":"Gremlin Nob","floor":11,"turns":2},{"damage":0,"enemies":"3 Sentries","floor":13,"turns":4},{"damage":17,"enemies":"Hexaghost","floor":16,"turns":3},{"damage":56,"enemies":"3 Byrds","floor":18,"turns":3},{"damage":14,"enemies":"2 Thieves","floor":20,"turns":3},{"damage":31,"enemies":"Chosen and Byrds","floor":21,"turns":2}],"seed_played":"8012828100019331591","potions_obtained":[{"floor":8,"key":"Poison Potion"},{"floor":10,"key":"SkillPotion"},{"floor":13,"key":"GamblersBrew"},{"floor":20,"key":"Elixir"}],"is_trial":true,"path_per_floor":["?","?","?","M","?","E","?","M","T","M","E","$","E","?","R","B",null,"M","$","M","M"],"character_chosen":"THE_SILENT","items_purchased":["conspire:DecoderRing","zeldaRelics:Navi","OrangePellets","Replay:Ringing Soul"],"campfire_rested":0,"item_purchase_floors":[12,12,19,19],"current_hp_per_floor":[63,63,63,67,67,70,46,35,35,39,43,43,47,47,47,35,62,11,11,31,0,0],"gold":73,"neow_bonus":"","is_daily":false,"chose_seed":false,"campfire_upgraded":0,"win_rate":0.0,"timestamp":1608305021,"path_taken":["?","?","?","M","?","E","?","M","T","?","E","$","E","?","R","BOSS","M","$","M","?"],"items_purchased_type":["Relic","Relic","Relic","Relic"],"build_version":"2020-12-13","purchased_purges":0,"victory":false,"max_hp_per_floor":[70,70,70,70,70,70,70,70,70,70,70,70,70,70,70,71,71,72,72,73,73,73],"relic_stats":{"OrangePellets":[0],"Regal Pillow":0,"Busted Crown":14,"FaceOfCleric":3,"counters":[10,25],"Golden Idol":47,"Prayer Wheel":0,"obtain_stats":[{"conspire:Dentures":18,"Regal Pillow":8,"zeldaRelics:WisdomPiece":13,"infinitespire:CursedDice":0,"Golden Idol":7,"Sizzling Blood":1,"Replay:Multitool":20,"zeldaRelics:CourageTriforce":11,"Frozen Eye":0,"OrangePellets":19,"Replay:Ringing Soul":19,"Replay:Baseball":10,"Busted Crown":0,"HornCleat":4,"FaceOfCleric":14,"conspire:DecoderRing":12,"zeldaRelics:Navi":12,"Prayer Wheel":13,"zeldaRelics:CouragePiece":6,"Ring of the Snake":0,"REME_ComplimentaryCards":0,"infinitespire:Cupcake":17},{"conspire:Dentures":8,"Regal Pillow":3,"zeldaRelics:WisdomPiece":6,"infinitespire:CursedDice":0,"Golden Idol":2,"Sizzling Blood":0,"Replay:Multitool":9,"zeldaRelics:CourageTriforce":5,"Frozen Eye":0,"OrangePellets":8,"Replay:Ringing Soul":8,"Replay:Baseball":4,"Busted Crown":0,"HornCleat":1,"FaceOfCleric":6,"conspire:DecoderRing":5,"zeldaRelics:Navi":5,"Prayer Wheel":6,"zeldaRelics:CouragePiece":2,"Ring of the Snake":0,"REME_ComplimentaryCards":0,"infinitespire:Cupcake":7},{"conspire:Dentures":20,"Regal Pillow":6,"zeldaRelics:WisdomPiece":14,"infinitespire:CursedDice":0,"Golden Idol":3,"Sizzling Blood":0,"Replay:Multitool":23,"zeldaRelics:CourageTriforce":10,"Frozen Eye":0,"OrangePellets":20,"Replay:Ringing Soul":20,"Replay:Baseball":8,"Busted Crown":0,"HornCleat":2,"FaceOfCleric":14,"conspire:DecoderRing":10,"zeldaRelics:Navi":10,"Prayer Wheel":12,"zeldaRelics:CouragePiece":3,"Ring of the Snake":0,"REME_ComplimentaryCards":0,"infinitespire:Cupcake":17}]},"card_choices":[{"not_picked":["Consecrate","WaveOfTheHand"],"picked":"Poisoned Stab","floor":0},{"not_picked":["BasicCrystalCard","Compile Driver"],"picked":"FlurryOfBlows","floor":0},{"not_picked":["Conserve Battery","Hologram"],"picked":"Shrug It Off","floor":0},{"not_picked":["Dramatic Entrance","Protect"],"picked":"Consecrate","floor":0},{"not_picked":["Carnage","conspire:ExplosiveBarrier"],"picked":"REME_FirmDetermination","floor":0},{"not_picked":["Sword Boomerang","ThirdEye"],"picked":"FlurryOfBlows","floor":0},{"not_picked":["Replay:AtTheReady","Hologram"],"picked":"Redo","floor":0},{"not_picked":["ReplayTheSpireMod:Reroute Power","ClearTheMind"],"picked":"PathToVictory","floor":0},{"not_picked":["Havoc","Pommel Strike"],"picked":"Weave","floor":0},{"not_picked":["Backflip","Underhanded Strike"],"picked":"Blade Dance","floor":0},{"not_picked":["ReplayTheSpireMod:Speed Training","Sucker Punch"],"picked":"Heavy Blade","floor":0},{"not_picked":["JustLucky","White Noise"],"picked":"Wireheading","floor":0},{"not_picked":["Beam Cell","Dagger Spray"],"picked":"Dark Embrace","floor":0},{"not_picked":["Headbutt","Armaments"],"picked":"ClearTheMind","floor":0},{"not_picked":["Prostrate","Carnage"],"picked":"Finesse","floor":0}],"player_experience":1464118,"relics_obtained":[{"floor":4,"key":"HornCleat"},{"floor":6,"key":"zeldaRelics:CouragePiece"},{"floor":8,"key":"Regal Pillow"},{"floor":9,"key":"zeldaRelics:CouragePiece"},{"floor":10,"key":"Replay:Baseball"},{"floor":11,"key":"zeldaRelics:CouragePiece"},{"floor":13,"key":"zeldaRelics:WisdomPiece"},{"floor":18,"key":"conspire:Dentures"},{"floor":20,"key":"Replay:Multitool"}],"event_choices":[{"damage_healed":0,"gold_gain":150,"player_choice":"AGREE","damage_taken":0,"max_hp_gain":0,"max_hp_loss":0,"event_name":"Liars Game","floor":2,"gold_loss":0,"cards_obtained":["Doubt"]},{"cards_removed":["Doubt"],"damage_healed":0,"gold_gain":0,"player_choice":"Card Removal","damage_taken":0,"max_hp_gain":0,"max_hp_loss":0,"event_name":"The Cleric","floor":3,"gold_loss":75},{"damage_healed":0,"gold_gain":0,"player_choice":"Take Damage","damage_taken":24,"relics_obtained":["Golden Idol"],"max_hp_gain":0,"max_hp_loss":0,"event_name":"Golden Idol","floor":7,"gold_loss":0},{"damage_healed":0,"gold_gain":0,"player_choice":"Trade","damage_taken":0,"relics_obtained":["FaceOfCleric"],"max_hp_gain":0,"max_hp_loss":0,"event_name":"FaceTrader","floor":14,"gold_loss":0}],"is_beta":false,"boss_relics":[{"not_picked":["conspire:SlowCooker","ReplayTheSpireMod:SealedPack"],"picked":"infinitespire:Cupcake"}],"items_purged_floors":[],"is_endless":false,"potions_floor_spawned":[8,10,13,20],"killed_by":"Chosen and Byrds","ascension_level":20}}