{"host":"kw4o7b3ro2ktmmbe","time":1608251025,"event":{"mods":["BaseMod","Lobotomy","Minty Spire (QoL Compilation)","Treasure Hunter"],"gold_per_floor":[220,220,288,338,488,520,520,588,612,612,662,694,694,263,263,263,263],"floor_reached":16,"playtime":1360,"items_purged":[],"score":111,"play_id":"2958f7a4-d0e3-4420-9001-401ab6c7bd67","local_time":"20201218132345","is_ascension_mode":true,"campfire_choices":[],"circlet_count":0,"master_deck":["SpecialBullet","SpecialBullet","SpecialBullet","SpecialBullet","SpecialBullet","SpecialBullet","SpecialBullet","SpecialBullet","ExtractionCode","SecurityCode","Logging","TH:CursedSword","Soda","Logging","TH:PixieDust","MHz","TH:TreasureMap"],"relics":["CogitoBucket","SsserpentHead","Toy Ornithopter","Blood Vial","PreservedInsect","Meat on the Bone","Kunai"],"acts_visited":["Exordium"],"potions_floor_usage":[],"damage_taken":[{"damage":12.0,"enemies":"2 Louse","floor":1.0,"turns":3.0},{"damage":6.0,"enemies":"Cultist","floor":3.0,"turns":3.0},{"damage":54.0,"enemies":"Lagavulin","floor":6.0,"turns":6.0},{"damage":0.0,"enemies":"Small Slimes","floor":8.0,"turns":2.0},{"damage":15.0,"enemies":"Gremlin Nob","floor":12.0,"turns":4.0},{"damage":37,"enemies":"Slime Boss","floor":16,"turns":6}],"seed_played":"-5081394031731892639","potions_obtained":[{"floor":3.0,"key":"PowerPotion"}],"is_trial":false,"path_per_floor":["M","?","M","?","?","E","R","M","T","R","?","E","R","$","R","B"],"character_chosen":"Angela","items_purchased":["Meat on the Bone","Kunai"],"campfire_rested":0,"item_purchase_floors":[14,14],"current_hp_per_floor":[66,66,68,61,61,15,15,29,29,29,34,33,33,33,33,0,0],"gold":263,"neow_bonus":"HUNDRED_GOLD","is_daily":false,"chose_seed":false,"campfire_upgraded":0,"win_rate":0.0,"timestamp":1608251025,"path_taken":["M","?","?","?","?","E","R","?","T","R","?","E","R","?","R","BOSS"],"items_purchased_type":["Relic","Relic"],"build_version":"2020-12-13","purchased_purges":0,"victory":false,"max_hp_per_floor":[70,70,70,70,70,70,70,70,70,70,70,74,74,74,74,74,74],"card_choices":[{"not_picked":["Tough"],"picked":"Logging","floor":1.0},{"not_picked":["BlackSwan_ego","BlueScar"],"picked":"SKIP","floor":1.0},{"not_picked":["RapturousDream","Lantern"],"picked":"SKIP","floor":3.0},{"not_picked":["TH:ElvenBoots"],"picked":"TH:CursedSword","floor":6.0},{"not_picked":["GreenStem"],"picked":"Soda","floor":6.0},{"not_picked":["Amita"],"picked":"Logging","floor":8.0},{"not_picked":["Bloodbath","FairyFestival"],"picked":"MHz","floor":8.0},{"not_picked":["TH:ArmorSpikes"],"picked":"TH:PixieDust","floor":9.0},{"not_picked":["Mercenary","Scorched"],"picked":"MHz","floor":12.0},{"not_picked":["TH:EnergyPotion"],"picked":"TH:TreasureMap","floor":12.0},{"not_picked":["Discord","Laetitia_ego"],"picked":"SKIP","floor":12.0}],"player_experience":1763103,"relics_obtained":[{"floor":6.0,"key":"Toy Ornithopter"},{"floor":9.0,"key":"Blood Vial"},{"floor":12.0,"key":"PreservedInsect"}],"event_choices":[{"damage_healed":0.0,"max_hp_gain":0.0,"max_hp_loss":0.0,"gold_gain":0.0,"event_name":"FaceTrader","player_choice":"Trade","floor":2.0,"gold_loss":0.0,"damage_taken":0.0,"relics_obtained":["SsserpentHead"]},{"cards_removed":["InformationCode"],"damage_healed":0.0,"max_hp_gain":0.0,"max_hp_loss":0.0,"gold_gain":0.0,"event_name":"Golden Wing","player_choice":"Card Removal","floor":4.0,"gold_loss":0.0,"damage_taken":7.0},{"damage_healed":0.0,"max_hp_gain":0.0,"max_hp_loss":0.0,"gold_gain":100.0,"event_name":"Golden Shrine","player_choice":"Pray","floor":5.0,"gold_loss":0.0,"damage_taken":0.0},{"cards_removed":["MHz"],"damage_healed":5.0,"max_hp_gain":0.0,"max_hp_loss":0.0,"gold_gain":0.0,"event_name":"Bonfire Elementals","player_choice":"Offered Common","floor":11.0,"gold_loss":0.0,"damage_taken":0.0},{"cards_removed":["MHz"],"damage_healed":5.0,"max_hp_gain":0.0,"max_hp_loss":0.0,"gold_gain":0.0,"event_name":"Bonfire Elementals","player_choice":"Offered Special","floor":11.0,"gold_loss":0.0,"damage_taken":0.0}],"is_beta":false,"boss_relics":[],"items_purged_floors":[],"is_endless":false,"potions_floor_spawned":[3],"killed_by":"Slime Boss","ascension_level":1}}