{"host":"o1wkfo8ppvrprpet","time":1608258395,"event":{"mods":["Aspiration","Astrologer","BaseMod","CapriCore","Colored Powertips","Koishi","Minty Spire (QoL Compilation)","Replay The Spire","RumiaBox-露米娅的神秘盒子","Spicy Shops","StSLib","The Administrix","The Gatherer","The Immortal","Waifu the Spire","【东方二次创作】八云紫mod"],"gold_per_floor":[137,137,137,137,155,186,186,216,268,280,302,328,356,368,380,492,504,527,539,571,583,609,621,643,101,101,201,218,228,228,228,228,323,323,333,344,389,402,459,459,476,476,554,573,587,602,602,602,602,602],"floor_reached":51,"playtime":2353,"items_purged":["Riddle With Holes","Flechettes"],"score":836,"play_id":"3eb9596b-e4fa-40bf-81eb-eea3b8c6beeb","local_time":"20201218102635","is_ascension_mode":false,"campfire_choices":[{"data":"Observe_purple_2","floor":7,"key":"SMITH"},{"data":"EighthInstrument_OneDividesIntoTwo_purple","floor":10,"key":"SMITH"},{"floor":15,"key":"REST"},{"data":"Fantasy_PerpetualMotionMachine_purple","floor":30,"key":"SMITH"},{"data":"Human_Monster_Realm_purple","floor":32,"key":"SMITH"},{"data":"RuleDissolution_purple","floor":40,"key":"SMITH"},{"data":"CommonSense_AntiCommonSense_purple","floor":42,"key":"SMITH"},{"data":"WangLiang_OokamiKakushi_purple","floor":47,"key":"SMITH"},{"data":"LoveAcrossDimensions_purple","floor":49,"key":"SMITH"}],"circlet_count":0,"master_deck":["Defend_purpleEX+1","Defend_purpleEX","Defend_purpleEX+1","Defend_purpleEX","Observe_purple_1","Observe_purple_2+1","Bait_HighSpeedFlying_purple","Predator","EighthInstrument_OneDividesIntoTwo_purple+1","MeetDecomposer_purple","MonsterNeedle_purple","BarrageBoundary_PipeDream_purple","Fantasy_PerpetualMotionMachine_purple+1","DimensionStaggered_purple","WangLiang_OokamiKakushi_purple+1","Line_surface_state_purple+1","RuleDissolution_purple+1","Umbrella_purple","Charmbait_purple","Charmbait_purple","Mirror_FormAndEmptin_purple","FragmentationRealm_purple+1","Human_Monster_Realm_purple+1","LoveAcrossDimensions_purple+1","Charmbait_purple+1","CommonSense_AntiCommonSense_purple+1","Madness","Madness"],"relics":["Memoryfragments_purpleEX","SoulBox","Art of War","Ornamental Fan","Ancient Tea Set","Replay:Ringing Soul","MawBank","Sozu","HandDrill","Replay:WaspNest","Bottled Lightning","Shovel","The Courier","EasyGame_NEW","Pocketwatch","Divine Protection"],"acts_visited":["Exordium","TheCity","TheBeyond"],"potions_floor_usage":[8,22,27,50],"damage_taken":[{"damage":0,"enemies":"Small Slimes","floor":1,"turns":4},{"damage":0,"enemies":"2 Louse","floor":5,"turns":2},{"damage":26,"enemies":"Replay:BlueRogue","floor":6,"turns":5},{"damage":29,"enemies":"Lagavulin","floor":8,"turns":8},{"damage":0,"enemies":"Jaw Worm","floor":11,"turns":2},{"damage":0,"enemies":"3 Louse","floor":12,"turns":2},{"damage":0,"enemies":"Red Slaver","floor":13,"turns":2},{"damage":0,"enemies":"The Guardian","floor":16,"turns":10},{"damage":0,"enemies":"Chosen","floor":18,"turns":5},{"damage":0,"enemies":"Spheric Guardian","floor":20,"turns":4},{"damage":0,"enemies":"Chosen and Byrds","floor":22,"turns":4},{"damage":0,"enemies":"Snecko","floor":24,"turns":2},{"damage":0,"enemies":"Colosseum Slavers","floor":27,"turns":3},{"damage":4,"enemies":"Colosseum Nobs","floor":27,"turns":3},{"damage":2,"enemies":"Snake Plant","floor":28,"turns":3},{"damage":0,"enemies":"Cultist and Chosen","floor":29,"turns":3},{"damage":8,"enemies":"Pondfish","floor":33,"turns":5},{"damage":15,"enemies":"3 Darklings","floor":35,"turns":4},{"damage":8,"enemies":"Orb Walker","floor":36,"turns":2},{"damage":12,"enemies":"2 Orb Walkers","floor":37,"turns":3},{"damage":8,"enemies":"3 Darklings","floor":38,"turns":3},{"damage":0,"enemies":"Jaw Worm Horde","floor":41,"turns":2},{"damage":0,"enemies":"Writhing Mass","floor":44,"turns":2},{"damage":5,"enemies":"Maw","floor":45,"turns":4},{"damage":0,"enemies":"Spire Growth","floor":46,"turns":3},{"damage":17,"enemies":"Awakened One","floor":50,"turns":7}],"seed_played":"1299554198102098848","potions_obtained":[{"floor":1,"key":"Weak Potion"},{"floor":11,"key":"Dexterity Potion"},{"floor":13,"key":"DistilledChaos"},{"floor":16,"key":"DistilledChaos"}],"is_trial":false,"path_per_floor":["M","?","?","T","M","E","R","E","T","R","M","M","M","?","R","B",null,"M","?","M","?","M","?","M","$","T","?","M","M","R","?","R","B",null,"M","M","?","M","?","R","M","R","T","M","M","M","R","?","R","B",null],"character_chosen":"Youkari","items_purchased":["HandDrill","Charmbait_purple","Replay:WaspNest"],"campfire_rested":1,"item_purchase_floors":[25,25,25],"current_hp_per_floor":[70,70,63,63,64,39,39,18,18,18,21,24,27,11,35,38,85,88,88,91,91,94,94,94,97,97,96,98,101,101,79,79,74,114,101,93,84,76,79,79,80,80,80,82,77,80,80,68,68,53],"gold":602,"neow_bonus":"BOSS_RELIC","is_daily":false,"chose_seed":false,"campfire_upgraded":8,"win_rate":0.0,"timestamp":1608258395,"path_taken":["M","?","?","?","M","E","R","E","T","R","M","M","M","?","R","BOSS","M","?","?","?","M","?","M","$","T","?","M","?","R","?","R","BOSS","M","M","?","M","?","R","M","R","T","M","M","?","R","?","R","BOSS"],"items_purchased_type":["Relic","Card","Relic"],"build_version":"2020-12-13","purchased_purges":2,"victory":true,"max_hp_per_floor":[70,70,70,70,70,70,70,73,73,73,76,79,82,82,82,85,85,88,88,91,91,94,94,94,97,97,100,103,106,106,111,111,114,114,114,114,117,117,120,120,120,120,120,120,120,120,120,123,123,123],"card_choices":[{"not_picked":["ExternalForce_HighSpeedFlying_purple","SharpContractionReality_purple"],"picked":"Bait_HighSpeedFlying_purple","floor":1},{"not_picked":["StateErode_purple","MetroBOOM_purple"],"picked":"EighthInstrument_OneDividesIntoTwo_purple","floor":5},{"not_picked":["StateErode_purple","MNeedle_purple"],"picked":"MeetDecomposer_purple","floor":6},{"not_picked":["OmniscientAndOmnipotent_Monster_purple","Erosivefilter_purple"],"picked":"MonsterNeedle_purple","floor":8},{"not_picked":["SfantasyHide_purple","Umbrella_purple"],"picked":"BarrageBoundary_PipeDream_purple","floor":11},{"not_picked":["Worldmountain_purple","StateDuplicate_purple"],"picked":"Fantasy_PerpetualMotionMachine_purple","floor":12},{"not_picked":["PositiveMatter_Antimatter_Universe_purple","MeetDecomposer_purple"],"picked":"DimensionStaggered_purple","floor":13},{"not_picked":["UniverseChoice_purple","Human_Monster_Realm_purple"],"picked":"WangLiang_OokamiKakushi_purple","floor":16},{"not_picked":["Extrememeaning_purpleEX","Fantasy_PerpetualMotionMachine_purple"],"picked":"Line_surface_state_purple+1","floor":18},{"not_picked":["Worldmountain_purple","Line_surface_state_purple"],"picked":"RuleDissolution_purple","floor":20},{"not_picked":["SfantasyHide_purple","MNeedle_purple"],"picked":"Umbrella_purple","floor":22},{"not_picked":["Worldmountain_purple","StateDuplicate_purple","Realm_recovery_purpleEX"],"picked":"SKIP","floor":24},{"not_picked":["Boundary_DreamRealityDamnation_purple","PositiveMatter_Antimatter_Universe_purple"],"picked":"Mirror_FormAndEmptin_purple","floor":27},{"not_picked":["Mirror_FormAndEmptin_purple","MeetDecomposer_purple"],"picked":"FragmentationRealm_purple+1","floor":28},{"not_picked":["RuleDissolution_purple","FragmentationRealm_purple+1"],"picked":"Human_Monster_Realm_purple","floor":29},{"not_picked":["Monsters_DoubleDeathButterfly_purple","Mirror_TwoAndThreeElementRealm_purple"],"picked":"LoveAcrossDimensions_purple","floor":33},{"not_picked":["Umbrella_purple","MeetDecomposer_purple","Fantasy_PerpetualMotionMachine_purple"],"picked":"SKIP","floor":35},{"not_picked":["MeetDecomposer_purple+1","Mirror_FourBoundary_purple","Umbrella_purple+1"],"picked":"SKIP","floor":36},{"not_picked":["MNeedle_purple","Umbrella_purple"],"picked":"Charmbait_purple+1","floor":37},{"not_picked":["AdvanceAttack_purple+1","Anti_communist_purple+1","Mirror_Drifter_purple+1"],"picked":"SKIP","floor":38},{"not_picked":["MeetDecomposer_purple+1","Erosivefilter_purple+1"],"picked":"CommonSense_AntiCommonSense_purple","floor":39},{"not_picked":["Umbrella_purple","MonsterNeedle_purple+1","Mirror_FourBoundary_purple+1"],"picked":"SKIP","floor":41},{"not_picked":["Mirror_TwoAndThreeElementRealm_purple","Worldmountain_purple","Boundary_ObjectiveBoundary_purple"],"picked":"SKIP","floor":44},{"not_picked":["DimensionStaggered_purple+1","MNeedle_purple","Shallow_ocean_purpleEX"],"picked":"SKIP","floor":45},{"not_picked":["Realm_recovery_purpleEX","MetroBOOM_purple+1","SharpContractionReality_purple"],"picked":"SKIP","floor":46}],"player_experience":598363,"relics_obtained":[{"floor":4,"key":"Ornamental Fan"},{"floor":6,"key":"Ancient Tea Set"},{"floor":8,"key":"Replay:Ringing Soul"},{"floor":9,"key":"MawBank"},{"floor":26,"key":"Bottled Lightning"},{"floor":27,"key":"Shovel"},{"floor":27,"key":"The Courier"},{"floor":37,"key":"Pocketwatch"},{"floor":43,"key":"Divine Protection"}],"event_choices":[{"damage_healed":0,"gold_gain":0,"player_choice":"Success","damage_taken":7,"relics_obtained":["Art of War"],"max_hp_gain":0,"max_hp_loss":0,"event_name":"Scrap Ooze","floor":3,"gold_loss":0},{"damage_healed":0,"gold_gain":0,"player_choice":"Entered Light","damage_taken":16,"max_hp_gain":0,"max_hp_loss":0,"event_name":"Shining Light","floor":14,"gold_loss":0,"cards_upgraded":["Defend_purpleEX","Defend_purpleEX"]},{"cards_removed":["AT_purpleEX"],"damage_healed":0,"gold_gain":0,"player_choice":"Purged","damage_taken":0,"max_hp_gain":0,"max_hp_loss":0,"event_name":"Purifier","floor":19,"gold_loss":0},{"damage_healed":0,"gold_gain":0,"player_choice":"Ignored","damage_taken":0,"max_hp_gain":0,"max_hp_loss":0,"event_name":"Vampires","floor":23,"gold_loss":0},{"damage_healed":0,"gold_gain":0,"player_choice":"Fight","damage_taken":0,"max_hp_gain":0,"max_hp_loss":0,"event_name":"Colosseum","floor":27,"gold_loss":0},{"damage_healed":0,"gold_gain":0,"player_choice":"Fought Nobs","damage_taken":0,"max_hp_gain":0,"max_hp_loss":0,"event_name":"Colosseum","floor":27,"gold_loss":0},{"damage_healed":0,"gold_gain":0,"player_choice":"Shed Blood","damage_taken":27,"max_hp_gain":5,"max_hp_loss":0,"event_name":"Forgotten Altar","floor":31,"gold_loss":0},{"damage_healed":0,"gold_gain":0,"player_choice":"Fight","damage_taken":0,"max_hp_gain":0,"max_hp_loss":0,"event_name":"Mysterious Sphere","floor":37,"gold_loss":0},{"damage_healed":0,"gold_gain":0,"player_choice":"Embrace Madness","damage_taken":15,"max_hp_gain":0,"max_hp_loss":0,"event_name":"Winding Halls","floor":48,"gold_loss":0,"cards_obtained":["Madness","Madness"]}],"is_beta":false,"boss_relics":[{"not_picked":["Replay:Bronze Core","Philosopher\u0027s Stone"],"picked":"Sozu"},{"not_picked":["Snecko Eye","Velvet Choker"],"picked":"EasyGame_NEW"}],"items_purged_floors":[25,25],"is_endless":false,"potions_floor_spawned":[1,11,13,16,24,27,29,38,41],"ascension_level":0}}