{"host":"7kj0ynzap1jglrpi","time":1608256868,"event":{"mods":["Act Like it!","BaseMod","CapriCore","Friendly Minions","Jedi Mod","Minty Spire (QoL Compilation)","MostiFishMod","Pale of the Ancients","RumiaBox-露米娅的神秘盒子","Spicy Shops","StSLib","TestMod","The Hayseed","The Mystic","【功能Mod】混沌之环修复补丁","【遗物卡牌】REMEMod"],"gold_per_floor":[118,118,130,147,159,192,202,215,238,264,264,284,284,302,302,398,398,411,411,472,533,547,579,579,91,91,150,27,27,175,190,190,291,291,309,328,389,438,155,155,218,218,218,267,280,313,378,406,406,406,417,427,476,10,10,39,39,116,116,132],"floor_reached":61,"playtime":3379,"items_purged":["Writhe","TheSimpletonMod:Strike_TheSimpleton","TheSimpletonMod:Strike_TheSimpleton","TheSimpletonMod:Strike_TheSimpleton","TheSimpletonMod:Strike_TheSimpleton"],"score":1521,"play_id":"150ae4ae-0a06-45c9-98c3-972080b7729c","local_time":"20201218100108","is_ascension_mode":false,"campfire_choices":[{"data":"TheSimpletonMod:Innovate","floor":11.0,"key":"SMITH"},{"data":"Dual Wield","floor":13.0,"key":"SMITH"},{"data":"TheSimpletonMod:FlashPasteurize","floor":15.0,"key":"SMITH"},{"data":"TheSimpletonMod:CropRotation","floor":24.0,"key":"SMITH"},{"data":"TheSimpletonMod:GoToMarket","floor":29.0,"key":"SMITH"},{"data":"TheSimpletonMod:SoilSample","floor":32.0,"key":"SMITH"},{"data":"TheSimpletonMod:OnionBloom","floor":40.0,"key":"SMITH"},{"data":"TheSimpletonMod:VineRipen","floor":42.0,"key":"SMITH"},{"data":"TheSimpletonMod:ErosionControl","floor":49.0,"key":"SMITH"},{"floor":55,"key":"RECALL"},{"data":"TheSimpletonMod:Biorefinement","floor":57,"key":"SMITH"}],"circlet_count":0,"master_deck":["TheSimpletonMod:Defend_TheSimpleton","TheSimpletonMod:Defend_TheSimpleton","TheSimpletonMod:Defend_TheSimpleton","TheSimpletonMod:Haymaker","TheSimpletonMod:ReapAndSow","Dual Wield+1","MostiFishMod:FrostNova+1","MostiFishMod:WinterMarkForm","TheSimpletonMod:Germinate+1","TheSimpletonMod:SaladShooter+1","TheSimpletonMod:OnionBloom+1","TheSimpletonMod:Fertilaser","TheSimpletonMod:CropRotation+1","TheSimpletonMod:DoubleBarrel+1","TheSimpletonMod:SoilSample+1","TheSimpletonMod:Innovate+1","TheSimpletonMod:FlashPasteurize+1","TheSimpletonMod:StockTheCellar","TheSimpletonMod:Asparagus","TheSimpletonMod:BumperCrop+1","TheSimpletonMod:Pruning","TheSimpletonMod:GoToMarket+1","TheSimpletonMod:Photosynthesis","TheSimpletonMod:KeenEdge","TheSimpletonMod:ErosionControl+1","TheSimpletonMod:VineRipen+1","TheSimpletonMod:CloseScrape+1","MostiFishMod:EE1D","MostiFishMod:EE1D","MostiFishMod:EE1D","TheSimpletonMod:Biorefinement+1"],"relics":["TheSimpletonMod:SpudOfTheInnocent","TheSimpletonMod:NightSoil","TheSimpletonMod:TheHarvester","testmod-TestBox","DaveBox","REME_ComplimentaryCards","testmod-Justice","FrostBlade","NeowsBlessing","Question Card","MealTicket","Oddly Smooth Stone","Paper Crane","ImportantClient","GuanYuAspect","SsserpentHead","SSSystem","War Paint","testmod-Charity","Dodecahedron","Matryoshka","Whetstone","GodSword7","Membership Card","JellyFishMachine","Mango","Anchor","Orichalcum","jedi:firstaidkit","Pen Nib","Darkstone Periapt","paleoftheancients:Timepiece","paleoftheancients:KeyRelic","CultistMask","paleoftheancients:SoulOfTheShapes","TheSimpletonMod:CashCrop","Boot","jedi:Pinwheel","MagicDraw1"],"acts_visited":["Exordium","TheCity","TheBeyond","paleoftheancients:PaleOfTheAncients"],"potions_floor_usage":[],"damage_taken":[{"damage":0.0,"enemies":"Cultist","floor":1.0,"turns":1.0},{"damage":0.0,"enemies":"2 Louse","floor":3.0,"turns":2.0},{"damage":0.0,"enemies":"Jaw Worm","floor":4.0,"turns":1.0},{"damage":0.0,"enemies":"Large Slime","floor":5.0,"turns":2.0},{"damage":18.0,"enemies":"Lagavulin","floor":6.0,"turns":4.0},{"damage":0.0,"enemies":"Gremlin Gang","floor":7.0,"turns":2.0},{"damage":10.0,"enemies":"Looter","floor":8.0,"turns":3.0},{"damage":3.0,"enemies":"3 Sentries","floor":10.0,"turns":3.0},{"damage":0.0,"enemies":"Exordium Thugs","floor":12.0,"turns":2.0},{"damage":24.0,"enemies":"Blue Slaver","floor":14.0,"turns":2.0},{"damage":16.0,"enemies":"The Guardian","floor":16.0,"turns":4.0},{"damage":7.0,"enemies":"3 Byrds","floor":18.0,"turns":5.0},{"damage":4.0,"enemies":"2 Thieves","floor":20.0,"turns":3.0},{"damage":24.0,"enemies":"Snake Plant","floor":21.0,"turns":5.0},{"damage":0.0,"enemies":"Cultist and Chosen","floor":22.0,"turns":4.0},{"damage":0.0,"enemies":"Book of Stabbing","floor":23.0,"turns":3.0},{"damage":0.0,"enemies":"Centurion and Healer","floor":27.0,"turns":2.0},{"damage":0.0,"enemies":"Snake Plant","floor":31.0,"turns":2.0},{"damage":2.0,"enemies":"Automaton","floor":33.0,"turns":4.0},{"damage":3.0,"enemies":"Orb Walker","floor":35.0,"turns":2.0},{"damage":18.0,"enemies":"3 Darklings","floor":36.0,"turns":2.0},{"damage":5.0,"enemies":"Maw","floor":37.0,"turns":3.0},{"damage":12.0,"enemies":"4 Shapes","floor":41.0,"turns":2.0},{"damage":0.0,"enemies":"3 Darklings","floor":45.0,"turns":2.0},{"damage":0.0,"enemies":"Reptomancer","floor":46.0,"turns":5.0},{"damage":5.0,"enemies":"Transient","floor":47.0,"turns":5.0},{"damage":10.0,"enemies":"Nemesis","floor":48.0,"turns":1.0},{"damage":0.0,"enemies":"Time Eater","floor":50.0,"turns":3.0},{"damage":20.0,"enemies":"Time Eater","floor":51.0,"turns":3.0},{"damage":0,"enemies":"Time Eater","floor":52,"turns":3},{"damage":74,"enemies":"Time Eater","floor":56,"turns":8},{"damage":9,"enemies":"paleoftheancients:N","floor":60,"turns":4}],"seed_played":"-9200013908869620434","potions_obtained":[{"floor":3.0,"key":"testmod-TestPotion"},{"floor":4.0,"key":"FearPotion"},{"floor":6.0,"key":"Explosive Potion"},{"floor":8.0,"key":"EntropicBrew"},{"floor":21.0,"key":"EssenceOfSteel"},{"floor":23.0,"key":"jedi:wingpotion"},{"floor":44.0,"key":"FairyPotion"},{"floor":47.0,"key":"testmod-TestPotion"}],"is_trial":false,"path_per_floor":["M","T","M","M","M","E","M","M","T","E","R","M","R","M","R","B",null,"M","?","M","M","M","E","R","$","T","M","$","R","?","M","R","B",null,"M","M","M","?","$","R","M","R","T","?","M","E","M","E","R","B","M","M","?","$","R","M","R","T","?","B",null],"character_chosen":"THE_SIMPLETON","items_purchased":["War Paint","testmod-Charity","Dodecahedron","Matryoshka","Membership Card","Mango","Anchor","TheSimpletonMod:CashCrop","Boot","jedi:Pinwheel"],"campfire_rested":0,"item_purchase_floors":[25,25,25,25,28,39,39,54,54,54],"current_hp_per_floor":[75,75,75,75,75,57,57,47,47,44,44,44,44,20,20,8,38,38,38,38,25,38,38,38,38,38,40,41,41,43,44,44,45,45,46,32,49,50,57,57,58,58,58,59,68,69,71,69,69,72,64,74,75,75,75,33,33,34,34,70],"gold":132,"neow_bonus":"THREE_ENEMY_KILL","is_daily":false,"chose_seed":false,"campfire_upgraded":10,"win_rate":0.0,"timestamp":1608256868,"path_taken":["M","?","M","?","M","E","M","M","T","E","R","M","R","?","R","BOSS","M","?","?","?","M","E","R","$","T","?","?","R","?","M","R","BOSS","M","M","?","?","$","R","?","R","T","?","M","E","?","E","R","BOSS","M","M","?","$","R","M","R","T","?","BOSS"],"items_purchased_type":["Relic","Relic","Relic","Relic","Relic","Relic","Relic","Relic","Relic","Relic"],"build_version":"2020-12-13","purchased_purges":5,"victory":true,"max_hp_per_floor":[75,75,75,75,75,75,75,75,75,75,75,75,75,75,75,75,38,38,38,38,38,38,38,38,38,38,40,41,41,43,44,44,45,45,46,47,49,50,64,64,66,66,66,67,68,69,71,72,72,72,73,74,75,75,75,81,81,82,82,86],"card_choices":[{"not_picked":["TheSimpletonMod:Swelter","TheSimpletonMod:RootDown"],"picked":"TheSimpletonMod:Germinate","floor":1.0},{"not_picked":["TheSimpletonMod:CropRotation","TheSimpletonMod:Swelter","TheSimpletonMod:SeedCoat"],"picked":"TheSimpletonMod:SaladShooter","floor":3.0},{"not_picked":["TheSimpletonMod:Fertilaser","TheSimpletonMod:SpiceUp","TheSimpletonMod:Thresh"],"picked":"TheSimpletonMod:OnionBloom","floor":4.0},{"not_picked":["TheSimpletonMod:Aerate","TheSimpletonMod:Potatoes","TheSimpletonMod:StockTheCellar"],"picked":"TheSimpletonMod:Fertilaser","floor":5.0},{"not_picked":["TheSimpletonMod:CloseScrape","TheSimpletonMod:SaladShooter","TheSimpletonMod:CullingStrike"],"picked":"TheSimpletonMod:CropRotation","floor":6.0},{"not_picked":["TheSimpletonMod:PestManagement","TheSimpletonMod:OnionBloom","TheSimpletonMod:SaltTheEarth"],"picked":"TheSimpletonMod:DoubleBarrel","floor":7.0},{"not_picked":["TheSimpletonMod:Rototilling","TheSimpletonMod:SeedCoat","TheSimpletonMod:PestManagement"],"picked":"TheSimpletonMod:SoilSample","floor":8.0},{"not_picked":["TheSimpletonMod:Potatoes","TheSimpletonMod:CropRotation","TheSimpletonMod:Rototilling"],"picked":"TheSimpletonMod:Innovate","floor":10.0},{"not_picked":["TheSimpletonMod:DigIn","TheSimpletonMod:BumperCrop","TheSimpletonMod:PestManagement"],"picked":"TheSimpletonMod:FlashPasteurize","floor":12.0},{"not_picked":["TheSimpletonMod:Swelter","TheSimpletonMod:DoubleBarrel","TheSimpletonMod:Ferment"],"picked":"TheSimpletonMod:StockTheCellar","floor":14.0},{"not_picked":["TheSimpletonMod:VolatileFumes","TheSimpletonMod:BuzzBomb","TheSimpletonMod:BirdFeeder"],"picked":"TheSimpletonMod:Asparagus","floor":16.0},{"not_picked":["TheSimpletonMod:Rototilling","TheSimpletonMod:PestManagement","TheSimpletonMod:CloseScrape"],"picked":"TheSimpletonMod:BumperCrop+1","floor":18.0},{"not_picked":["TheSimpletonMod:SlashAndBurn","TheSimpletonMod:Ferment","TheSimpletonMod:StockTheCellar+1"],"picked":"TheSimpletonMod:Pruning","floor":20.0},{"not_picked":["TheSimpletonMod:PestManagement","TheSimpletonMod:Innovate","TheSimpletonMod:CloseScrape"],"picked":"TheSimpletonMod:GoToMarket","floor":21.0},{"not_picked":["TheSimpletonMod:Aerate","TheSimpletonMod:Sunchoke+1","TheSimpletonMod:SpiceUp+1"],"picked":"TheSimpletonMod:Photosynthesis","floor":22.0},{"not_picked":["TheSimpletonMod:Pruning","TheSimpletonMod:Rototilling+1","TheSimpletonMod:Mulch"],"picked":"TheSimpletonMod:KeenEdge","floor":23.0},{"not_picked":["TheSimpletonMod:Swelter","TheSimpletonMod:KeenEdge","TheSimpletonMod:PestManagement","TheSimpletonMod:DigIn"],"picked":"SKIP","floor":27.0},{"not_picked":["TheSimpletonMod:Swelter","TheSimpletonMod:OnionBloom","TheSimpletonMod:Aerate","TheSimpletonMod:SoilSample+1"],"picked":"SKIP","floor":31.0},{"not_picked":["TheSimpletonMod:TakeHeart","TheSimpletonMod:FlashPasteurize","TheSimpletonMod:SaltTheEarth"],"picked":"TheSimpletonMod:ErosionControl","floor":33.0},{"not_picked":["TheSimpletonMod:ToughenUp","TheSimpletonMod:Aerate+1","TheSimpletonMod:DoubleBarrel+1","TheSimpletonMod:BumperCrop+1"],"picked":"SKIP","floor":35.0},{"not_picked":["TheSimpletonMod:GoToMarket+1","TheSimpletonMod:CropRotation+1","TheSimpletonMod:SoilSample","TheSimpletonMod:SaladShooter"],"picked":"SKIP","floor":36.0},{"not_picked":["TheSimpletonMod:KeenEdge+1","TheSimpletonMod:Fertilaser","TheSimpletonMod:Innovate","TheSimpletonMod:SpiceUp+1"],"picked":"SKIP","floor":37.0},{"not_picked":["TheSimpletonMod:StockTheCellar","TheSimpletonMod:CullingStrike+1","TheSimpletonMod:Asparagus"],"picked":"TheSimpletonMod:VineRipen","floor":41.0},{"not_picked":["TheSimpletonMod:Mulch","TheSimpletonMod:SoilSample+1","TheSimpletonMod:ToughenUp","TheSimpletonMod:CropRotation+1"],"picked":"SKIP","floor":45.0},{"not_picked":["TheSimpletonMod:SoilSample+1","TheSimpletonMod:Aerate+1","TheSimpletonMod:CropRotation+1","TheSimpletonMod:CullingStrike+1"],"picked":"SKIP","floor":46.0},{"not_picked":["TheSimpletonMod:CropRotation","TheSimpletonMod:CullingStrike","TheSimpletonMod:DoubleBarrel","TheSimpletonMod:Potatoes+1"],"picked":"SKIP","floor":47.0},{"not_picked":["TheSimpletonMod:Potatoes+1","TheSimpletonMod:GoToMarket","TheSimpletonMod:SoilSample+1"],"picked":"TheSimpletonMod:CloseScrape+1","floor":48.0},{"not_picked":["TheSimpletonMod:Rake+1","TheSimpletonMod:Potatoes+1","TheSimpletonMod:Corn","TheSimpletonMod:StockTheCellar"],"picked":"SKIP","floor":51.0},{"not_picked":["TheSimpletonMod:Aerate","TheSimpletonMod:Swelter+1","TheSimpletonMod:SpiceUp","TheSimpletonMod:Corn"],"picked":"SKIP","floor":52},{"not_picked":["TheSimpletonMod:OnionBloom","TheSimpletonMod:VineRipen","TheSimpletonMod:SpiceUp"],"picked":"TheSimpletonMod:Biorefinement","floor":56}],"player_experience":86769,"relics_obtained":[{"floor":1.0,"key":"Question Card"},{"floor":6.0,"key":"MealTicket"},{"floor":9.0,"key":"Oddly Smooth Stone"},{"floor":10.0,"key":"Paper Crane"},{"floor":16.0,"key":"ImportantClient"},{"floor":23.0,"key":"SSSystem"},{"floor":26.0,"key":"Whetstone"},{"floor":26.0,"key":"GodSword7"},{"floor":43.0,"key":"Orichalcum"},{"floor":43.0,"key":"jedi:firstaidkit"},{"floor":46.0,"key":"Pen Nib"},{"floor":48.0,"key":"Darkstone Periapt"},{"floor":52,"key":"paleoftheancients:SoulOfTheShapes"},{"floor":56,"key":"paleoftheancients:SoulOfTheBandit"},{"floor":58,"key":"MagicDraw1"}],"event_choices":[{"damage_healed":0.0,"max_hp_gain":0.0,"max_hp_loss":0.0,"gold_gain":0.0,"event_name":"FaceTrader","player_choice":"Trade","floor":19.0,"gold_loss":0.0,"damage_taken":0.0,"relics_obtained":["SsserpentHead"]},{"damage_healed":0.0,"max_hp_gain":0.0,"max_hp_loss":0.0,"gold_gain":100.0,"event_name":"Golden Shrine","player_choice":"Pray","floor":30.0,"gold_loss":0.0,"damage_taken":0.0},{"cards_removed":["TheSimpletonMod:Defend_TheSimpleton"],"damage_healed":0.0,"max_hp_gain":0.0,"max_hp_loss":0.0,"gold_gain":0.0,"event_name":"Purifier","player_choice":"Purged","floor":38.0,"gold_loss":0.0,"damage_taken":0.0},{"damage_healed":0.0,"max_hp_gain":0.0,"max_hp_loss":0.0,"gold_gain":0.0,"event_name":"Lab","player_choice":"Got Potions","floor":44.0,"gold_loss":0.0,"damage_taken":0.0},{"damage_healed":0,"gold_gain":0,"player_choice":"Swap Relic","damage_taken":0,"relics_obtained":["EE1DDrone"],"max_hp_gain":0,"max_hp_loss":0,"event_name":"给自己的盒子","floor":53,"relics_lost":["EE1DDrone"],"gold_loss":0}],"is_beta":false,"boss_relics":[{"not_picked":["AddBug","Philosopher\u0027s Stone"],"picked":"GuanYuAspect"},{"not_picked":["testmod-Recursion","Transparent"],"picked":"JellyFishMachine"}],"items_purged_floors":[25,28,39,54,54],"is_endless":false,"potions_floor_spawned":[3,4,6,8,21,22,23,41,45,47,48,60],"ascension_level":0}}