{"host":"8vqjvqze17j4iyaj","time":1608326193,"event":{"mods":["Act Like it!","BaseMod","Chen","Colored Powertips","Duelist Mod","Elementarium","Gensokyo","GifTheSpireLib","Infinite Spire","Jorbs\u0027s Wanderer Trilogy","Koishi","Marisa????????","Minty Spire (QoL Compilation)","Rare Cards Sparkle","Reimu??????","Remilia??????","Replay The Spire","StSLib","The Animator","The Cursed","The Forsaken","The Servant 0.9.4","Wandering Minibosses"],"gold_per_floor":[128,142,15,15,15,15,15,15,15,27,43,56,70,70,70,166,166,178,503,532,532,3,3,3],"floor_reached":23,"playtime":1743,"items_purged":["animator:Alexander","animator:Defend"],"score":206,"play_id":"8f1768e5-03b4-4a9f-9baa-3f4ef95f7cee","local_time":"20201218141633","is_ascension_mode":false,"campfire_choices":[{"data":"Gensokyo:CrescentMoonSlash","floor":6,"key":"SMITH"},{"data":"animator:Defend_Fate","floor":8,"key":"SMITH"},{"floor":15,"key":"REST"}],"circlet_count":0,"master_deck":["animator:Strike_Fate","animator:Defend_Fate+1","animator:Strike","animator:Strike","animator:Strike","animator:Defend","animator:Defend","animator:Rider","animator:Illya","Gensokyo:CrescentMoonSlash+1","animator:Berserker","animator:EmiyaShirou","animator:TakanashiRikka","animator:Patchouli"],"relics":["animator:LivingPicture","animator:TheMissingPiece","animator:PurgingStone","Eternal Feather","Philosopher\u0027s Stone","FossilizedHelix","ReplayTheSpireMod:ShopPack","Frozen Eye"],"acts_visited":["Gensokyo:Gensokyo","Gensokyo:Gensokyoer"],"potions_floor_usage":[10,11,13,20,23,23],"damage_taken":[{"damage":10,"enemies":"Gensokyo:Python","floor":1,"turns":5},{"damage":10,"enemies":"Gensokyo:3_Fairies","floor":2,"turns":5},{"damage":9,"enemies":"Gensokyo:Gryphon","floor":10,"turns":5},{"damage":12,"enemies":"Gensokyo:VengefulSpirit","floor":11,"turns":6},{"damage":0,"enemies":"Gensokyo:LivingMonolith","floor":12,"turns":2},{"damage":11,"enemies":"Gensokyo:Python_and_Kodama","floor":13,"turns":7},{"damage":35,"enemies":"Gensokyo:Reimu","floor":16,"turns":9},{"damage":13,"enemies":"Gensokyo:3_Dogs","floor":18,"turns":6},{"damage":42,"enemies":"Gensokyo:CosmicMonolith","floor":20,"turns":5},{"damage":38,"enemies":"Gensokyo:Koishi","floor":23,"turns":6}],"seed_played":"425684203119878738","potions_obtained":[{"floor":2,"key":"Fire Potion"},{"floor":10,"key":"SteroidPotion"},{"floor":12,"key":"FearPotion"},{"floor":16,"key":"AttackPotion"},{"floor":20,"key":"Elixir"}],"is_trial":false,"path_per_floor":["M","M","$","?","T","R","$","R","T","M","M","M","M","?","R","B",null,"M","?","M","?","$","E"],"character_chosen":"THE_ANIMATOR","items_purchased":["Swift Potion","FossilizedHelix","ReplayTheSpireMod:ShopPack"],"campfire_rested":1,"item_purchase_floors":[3,22,22],"current_hp_per_floor":[62,52,52,45,45,45,45,45,45,36,25,25,14,21,51,16,80,67,67,25,30,30,0,0],"gold":3,"neow_bonus":"TEN_PERCENT_HP_BONUS","is_daily":false,"chose_seed":false,"campfire_upgraded":2,"win_rate":0.0,"timestamp":1608326193,"path_taken":["M","M","?","?","?","R","?","R","T","M","?","M","M","?","R","BOSS","M","?","?","?","$","E"],"items_purchased_type":["Potion","Relic","Relic"],"build_version":"2020-12-13","purchased_purges":2,"victory":false,"max_hp_per_floor":[72,72,72,72,72,72,72,72,72,72,73,73,73,80,80,80,80,80,80,80,85,85,85,85],"card_choices":[{"not_picked":["animator:Demiurge","animator:Rider"],"picked":"animator:Illya","floor":1},{"not_picked":["animator:Alexander","animator:Ain","animator:Cocytus"],"picked":"SKIP","floor":2},{"not_picked":["animator:Add","animator:Hakurou","animator:MumenRider"],"picked":"SKIP","floor":10},{"not_picked":["animator:Rider","animator:Caster"],"picked":"animator:Berserker","floor":11},{"not_picked":["animator:Cocytus","animator:Gillette","animator:Verdia"],"picked":"SKIP","floor":12},{"not_picked":["animator:DolaCouronne","animator:Raven","animator:Aqua"],"picked":"SKIP","floor":13},{"not_picked":["animator:Assassin","animator:Kazuma","animator:Shalltear"],"picked":"SKIP","floor":18},{"not_picked":["animator:Assassin","animator:Caster"],"picked":"animator:EmiyaShirou","floor":20},{"not_picked":["animator:Shimakaze","animator:Emilia"],"picked":"animator:TakanashiRikka","floor":22},{"not_picked":["animator:TanyaDegurechaff","animator:HououinKyouma"],"picked":"animator:Patchouli","floor":22}],"player_experience":261665,"relics_obtained":[{"floor":5,"key":"Replay:Bottled Snecko"},{"floor":9,"key":"Eternal Feather"}],"event_choices":[],"is_beta":false,"boss_relics":[{"not_picked":["Fusion Hammer","RedLine:ReiMu"],"picked":"Philosopher\u0027s Stone"}],"items_purged_floors":[3,22],"is_endless":false,"potions_floor_spawned":[2,10,12,16,20],"killed_by":"Gensokyo:Koishi","ascension_level":0}}