{"host":"3jpwrwmmgyabjceh","time":1608304808,"event":{"mods":["AchievementEnabler","BaseMod","Colored Map","Colored Powertips","Highlight Path","Minty Spire (QoL Compilation)","StSLib"],"gold_per_floor":[113,129,129,54,54,54,88,101,101,112,112,125,151,51,51,156,456,476,138,125,125,137,162,162,162,162,176,211,225,7,20,20,20,20],"floor_reached":33,"playtime":1249,"items_purged":["Strike_G","Strike_G","Strike_G","Strike_G+1"],"score":386,"play_id":"b0eea3a1-8da3-4e66-938e-13843a5be6c9","local_time":"20201218182008","is_ascension_mode":true,"campfire_choices":[{"data":"Deflect","floor":6,"key":"SMITH"},{"data":"Noxious Fumes","floor":11,"key":"SMITH"},{"floor":15,"key":"REST"},{"floor":25,"key":"REST"},{"floor":32,"key":"REST"}],"circlet_count":0,"master_deck":["Defend_G","Defend_G","Defend_G","Defend_G+1","Defend_G+1","Survivor+1","Neutralize","Noxious Fumes+1","Deflect+1","All Out Attack","Dagger Spray","PiercingWail","Backstab","After Image","After Image","CurseOfTheBell","Backflip","Noxious Fumes","Dagger Spray","Necronomicurse","Sucker Punch+1","J.A.X.","Bouncing Flask+1","Dagger Spray+1","Crippling Poison","Footwork"],"relics":["Ring of the Snake","NeowsBlessing","TungstenRod","Letter Opener","Nunchaku","Calling Bell","War Paint","Mercury Hourglass","Old Coin","Bag of Marbles","Necronomicon","Snake Skull","Ornamental Fan"],"acts_visited":["Exordium","TheCity"],"potions_floor_usage":[16,16,22,23,28,28,29],"damage_taken":[{"damage":0,"enemies":"Cultist","floor":1,"turns":1},{"damage":0,"enemies":"Jaw Worm","floor":2,"turns":1},{"damage":0,"enemies":"Lagavulin","floor":7,"turns":1},{"damage":0,"enemies":"Small Slimes","floor":8,"turns":3},{"damage":0,"enemies":"Looter","floor":10,"turns":4},{"damage":0,"enemies":"Exordium Thugs","floor":12,"turns":5},{"damage":4,"enemies":"3 Sentries","floor":13,"turns":4},{"damage":11,"enemies":"Slime Boss","floor":16,"turns":10},{"damage":1,"enemies":"Spheric Guardian","floor":18,"turns":7},{"damage":4,"enemies":"2 Thieves","floor":20,"turns":4},{"damage":12,"enemies":"Shelled Parasite and Fungi","floor":22,"turns":6},{"damage":3,"enemies":"Gremlin Leader","floor":23,"turns":6},{"damage":2,"enemies":"3 Cultists","floor":27,"turns":2},{"damage":11,"enemies":"Book of Stabbing","floor":28,"turns":5},{"damage":0,"enemies":"Snake Plant","floor":29,"turns":3},{"damage":17,"enemies":"Chosen and Byrds","floor":31,"turns":5},{"damage":63,"enemies":"Collector","floor":33,"turns":7}],"seed_played":"-9039193056871339400","potions_obtained":[{"floor":2,"key":"PowerPotion"},{"floor":7,"key":"Dexterity Potion"},{"floor":12,"key":"BlessingOfTheForge"},{"floor":16,"key":"BlessingOfTheForge"},{"floor":23,"key":"Energy Potion"},{"floor":27,"key":"SkillPotion"},{"floor":28,"key":"DistilledChaos"}],"is_trial":false,"path_per_floor":["M","M","?","$","?","R","E","M","T","M","R","M","E","$","R","B",null,"M","$","M","?","M","E","?","R","T","M","E","M","$","M","R","B"],"character_chosen":"THE_SILENT","items_purchased":["Bag of Marbles","Noxious Fumes","Footwork"],"campfire_rested":3,"item_purchase_floors":[19,19,30],"current_hp_per_floor":[70,70,56,56,49,49,49,49,49,49,49,49,45,45,66,55,70,69,69,65,53,41,38,38,59,59,57,46,46,46,29,50,0,0],"gold":20,"neow_bonus":"THREE_ENEMY_KILL","is_daily":false,"chose_seed":false,"campfire_upgraded":2,"win_rate":0.0,"timestamp":1608304808,"path_taken":["M","?","?","?","?","R","E","M","T","M","R","M","E","$","R","BOSS","M","$","M","?","M","E","?","R","T","M","E","M","$","M","R","BOSS"],"items_purchased_type":["Relic","Card","Card"],"build_version":"2020-12-13","purchased_purges":4,"victory":false,"max_hp_per_floor":[70,70,70,70,70,70,70,70,70,70,70,70,70,70,70,70,70,70,70,70,70,70,70,70,70,70,70,70,70,70,70,70,70,70],"card_choices":[{"not_picked":["Dagger Throw","Finisher"],"picked":"Noxious Fumes","floor":1},{"not_picked":["Slice","Eviscerate"],"picked":"Deflect","floor":2},{"not_picked":["Bane","Backflip"],"picked":"All Out Attack","floor":7},{"not_picked":["Dodge and Roll","Prepared"],"picked":"Dagger Spray","floor":8},{"not_picked":["Quick Slash","Backflip"],"picked":"PiercingWail","floor":10},{"not_picked":["Dagger Throw","Dagger Spray"],"picked":"Backstab","floor":12},{"not_picked":["Flying Knee","Bane"],"picked":"After Image","floor":13},{"not_picked":["Glass Knife","Doppelganger"],"picked":"After Image","floor":16},{"not_picked":["Quick Slash","Endless Agony"],"picked":"Backflip","floor":18},{"not_picked":["Blade Dance","Deadly Poison"],"picked":"Dagger Spray","floor":20},{"not_picked":["Bane","Underhanded Strike"],"picked":"Sucker Punch+1","floor":22},{"not_picked":["Slice","Flying Knee","Finisher"],"picked":"SKIP","floor":23},{"not_picked":["PiercingWail","Tactician"],"picked":"Bouncing Flask+1","floor":27},{"not_picked":["Sucker Punch","Burst"],"picked":"Dagger Spray+1","floor":28},{"not_picked":["Blade Dance","PiercingWail"],"picked":"Crippling Poison","floor":29},{"not_picked":["Bane","Flying Knee","Underhanded Strike"],"picked":"SKIP","floor":31}],"player_experience":220082,"relics_obtained":[{"floor":7,"key":"TungstenRod"},{"floor":9,"key":"Letter Opener"},{"floor":13,"key":"Nunchaku"},{"floor":17,"key":"War Paint"},{"floor":17,"key":"Mercury Hourglass"},{"floor":17,"key":"Old Coin"},{"floor":21,"key":"Necronomicon"},{"floor":23,"key":"Snake Skull"},{"floor":28,"key":"Ornamental Fan"}],"event_choices":[{"damage_healed":0,"gold_gain":0,"player_choice":"Entered Light","damage_taken":14,"max_hp_gain":0,"max_hp_loss":0,"event_name":"Shining Light","floor":3,"gold_loss":0,"cards_upgraded":["Strike_G","Defend_G"]},{"cards_removed":["Strike_G"],"damage_healed":0,"gold_gain":0,"player_choice":"Card Removal","damage_taken":7,"max_hp_gain":0,"max_hp_loss":0,"event_name":"Golden Wing","floor":5,"gold_loss":0},{"damage_healed":0,"gold_gain":0,"player_choice":"Obtained Book","damage_taken":16,"max_hp_gain":0,"max_hp_loss":0,"event_name":"Cursed Tome","floor":21,"gold_loss":0},{"damage_healed":0,"gold_gain":0,"player_choice":"Obtain J.A.X.","damage_taken":0,"max_hp_gain":0,"max_hp_loss":0,"event_name":"Drug Dealer","floor":24,"gold_loss":0,"cards_obtained":["J.A.X."]}],"is_beta":false,"boss_relics":[{"not_picked":["Cursed Key","Philosopher\u0027s Stone"],"picked":"Calling Bell"}],"items_purged_floors":[4,14,19,30],"is_endless":false,"potions_floor_spawned":[2,7,12,16,23,27,28],"killed_by":"Collector","ascension_level":4}}