{"host":"x7u3amoxy3d4heu5","time":1608328092,"event":{"mods":["BaseMod","Colored Map","DeckTracker","Hermit","Hubris","Infinite Spire","Marisa????????","Minty Spire (QoL Compilation)","Quick Restart","Replay The Spire","StSLib","The Cursed","The IronCluck","The Jungle","The Servant 0.9.4","The Wild Card","Unceasing Turn Reminder","slay the spire mod where everything is the same but ironclad has a cowboy hat"],"gold_per_floor":[112,26,26,26,43,43,71,81,81,91,105,105,126,142,142,142,142],"floor_reached":16,"playtime":1083,"items_purged":[],"score":102,"play_id":"56c32115-9d95-4da8-a42f-c64b69fa1ffe","local_time":"20201218144812","is_ascension_mode":false,"campfire_choices":[{"data":"hermit:Gestalt","floor":6,"key":"SMITH"},{"data":"hermit:FinalCanter","floor":12,"key":"SMITH"},{"data":"hermit:FinalCanter","floor":15,"key":"SMITH"}],"circlet_count":0,"master_deck":["hermit:Strike_Hermit","hermit:Strike_Hermit","hermit:Strike_Hermit","hermit:Strike_Hermit","hermit:Defend_Hermit","hermit:Defend_Hermit","hermit:Defend_Hermit","hermit:Defend_Hermit","hermit:Snapshot","hermit:Covet","hermit:FinalCanter+1","hermit:Gestalt+1","hermit:LowProfile","hermit:BodyArmor","hermit:BodyArmor","hermit:Manifest+1","hermit:Midnight","hermit:Brawl","hermit:Desperado","hermit:FinalCanter+1","hermit:Misfire","hermit:Ricochet"],"relics":["hermit:Momento","Juzu Bracelet","Blood Vial","Odd Mushroom"],"acts_visited":["Exordium"],"potions_floor_usage":[],"damage_taken":[{"damage":6,"enemies":"Jaw Worm","floor":1,"turns":2},{"damage":0,"enemies":"Cultist","floor":5,"turns":4},{"damage":9,"enemies":"Lagavulin","floor":7,"turns":8},{"damage":1,"enemies":"Small Slimes","floor":8,"turns":4},{"damage":1,"enemies":"Red Slaver","floor":10,"turns":4},{"damage":1,"enemies":"Exordium Wildlife","floor":11,"turns":5},{"damage":10,"enemies":"The Mushroom Lair","floor":13,"turns":3},{"damage":1,"enemies":"Exordium Thugs","floor":14,"turns":3},{"damage":60,"enemies":"The Guardian","floor":16,"turns":9}],"seed_played":"637066712588239526","potions_obtained":[{"floor":8,"key":"FearPotion"},{"floor":10,"key":"Venom Potion"}],"is_trial":false,"path_per_floor":["M","$","?","?","M","R","E","M","T","M","M","R","?","M","R","B"],"character_chosen":"HERMIT","items_purchased":["hermit:LowProfile","hermit:BodyArmor"],"campfire_rested":0,"item_purchase_floors":[2,2],"current_hp_per_floor":[69,69,69,69,69,69,60,59,59,60,61,61,53,54,54,0,0],"gold":142,"neow_bonus":"ONE_RANDOM_RARE_CARD","is_daily":false,"chose_seed":false,"campfire_upgraded":3,"win_rate":0.0,"timestamp":1608328092,"path_taken":["M","$","?","?","M","R","E","M","T","M","M","R","?","M","R","BOSS"],"items_purchased_type":["Card","Card"],"build_version":"2020-12-13","purchased_purges":0,"victory":false,"max_hp_per_floor":[75,75,75,75,75,75,75,75,75,75,75,75,75,75,75,75,75],"card_choices":[{"not_picked":["hermit:LowProfile","hermit:Snipe"],"picked":"hermit:Gestalt","floor":1},{"not_picked":["hermit:TakeCover","hermit:ItchyTrigger"],"picked":"hermit:Midnight","floor":5},{"not_picked":["hermit:Shortfuse","hermit:Roulette"],"picked":"hermit:Brawl","floor":7},{"not_picked":["hermit:Vantage","hermit:Headshot","hermit:LuckOfTheDraw"],"picked":"SKIP","floor":8},{"not_picked":["hermit:WideOpen","hermit:Ricochet"],"picked":"hermit:Desperado","floor":10},{"not_picked":["hermit:Feint","hermit:Desperado"],"picked":"hermit:FinalCanter","floor":11},{"not_picked":["hermit:ItchyTrigger","hermit:HighCaliber"],"picked":"hermit:Misfire","floor":13},{"not_picked":["hermit:GoldenBullet","hermit:Manifest"],"picked":"hermit:Ricochet","floor":14}],"player_experience":539124,"relics_obtained":[{"floor":7,"key":"Juzu Bracelet"},{"floor":9,"key":"Blood Vial"},{"floor":13,"key":"Odd Mushroom"}],"event_choices":[{"damage_healed":0,"gold_gain":0,"player_choice":"Upgraded","damage_taken":0,"max_hp_gain":0,"max_hp_loss":0,"event_name":"Upgrade Shrine","floor":4,"gold_loss":0,"cards_upgraded":["hermit:Manifest"]},{"damage_healed":0,"gold_gain":0,"player_choice":"Fought Mushrooms","damage_taken":0,"max_hp_gain":0,"max_hp_loss":0,"event_name":"Mushrooms","floor":13,"gold_loss":0}],"is_beta":false,"boss_relics":[],"items_purged_floors":[],"is_endless":false,"potions_floor_spawned":[8,10],"killed_by":"The Guardian","ascension_level":0}}