{"host":"0fm1w3v00gid44jl","time":1608307760,"event":{"mods":["AchievementEnabler","BaseMod","Colored Map","Colored Powertips","Displayed Cursed Tome","Downfall","Googly Eyes","Highlight Path","Minty Spire (QoL Compilation)","Permanent Neow","Relic Stats","StSLib","SuperFastMode","slay the spire mod where everything is the same but ironclad has a cowboy hat"],"gold_per_floor":[0,11,11,11,22,47,123,141,141,141],"floor_reached":9,"playtime":400,"items_purged":[],"score":61,"play_id":"3ec0c146-2ecc-494c-9ec7-6577f707cece","local_time":"20201218100920","is_ascension_mode":false,"campfire_choices":[{"data":"champ:Duel","floor":1,"key":"SMITH"},{"data":"champ:SwordSigil","floor":3,"key":"SMITH"}],"circlet_count":0,"master_deck":["champ:Strike","champ:Strike","champ:Strike","champ:Defend","champ:Defend","champ:Defend","champ:Execute","champ:Taunt","champ:StanceDance","champ:Duel+1","champ:SwordSigil+1","champ:IronFortress","champ:ShieldWall","champ:RapidStrikes"],"relics":["champ:ChampionCrown","Meat on the Bone","Shuriken"],"acts_visited":["Exordium"],"potions_floor_usage":[],"damage_taken":[{"damage":2,"enemies":"2 Louse","floor":2,"turns":3},{"damage":0,"enemies":"Cultist","floor":5,"turns":3},{"damage":16,"enemies":"Lagavulin","floor":6,"turns":6},{"damage":5,"enemies":"Small Slimes","floor":8,"turns":4},{"damage":15,"enemies":"3 Sentries","floor":9,"turns":3}],"seed_played":"-6688058625933865938","potions_obtained":[{"floor":2,"key":"LiquidMemories"}],"is_trial":false,"path_per_floor":["R","M","R","?","M","E","T","M","E"],"character_chosen":"THE_CHAMP","items_purchased":[],"campfire_rested":0,"item_purchase_floors":[],"current_hp_per_floor":[90,88,88,88,88,81,81,81,66,66],"gold":141,"neow_bonus":"TRANSFORM_TWO_CARDS","is_daily":false,"chose_seed":false,"campfire_upgraded":2,"win_rate":0.0,"timestamp":1608307760,"path_taken":["R","M","R","?","M","E","T","M","E"],"items_purchased_type":[],"build_version":"2020-12-13","purchased_purges":0,"victory":false,"max_hp_per_floor":[90,90,90,90,90,90,90,90,90,90],"relic_stats":{"counters":[5,19],"Shuriken":[0],"obtain_stats":[{"Shuriken":7,"champ:ChampionCrown":0,"Meat on the Bone":6},{"Shuriken":3,"champ:ChampionCrown":0,"Meat on the Bone":3},{"Shuriken":12,"champ:ChampionCrown":0,"Meat on the Bone":12}],"Meat on the Bone":0},"card_choices":[{"not_picked":["champ:Backstep","champ:Haymaker"],"picked":"champ:SwordSigil","floor":2},{"not_picked":["champ:HeartStrike","champ:PreciseThrust"],"picked":"champ:IronFortress","floor":5},{"not_picked":["champ:FanOfKnives","champ:EndlessRage"],"picked":"champ:ShieldWall","floor":6},{"not_picked":["champ:TornadoPunch","champ:FlashCut"],"picked":"champ:RapidStrikes","floor":8}],"player_experience":1380910,"relics_obtained":[{"floor":6,"key":"Meat on the Bone"},{"floor":7,"key":"Shuriken"}],"event_choices":[{"damage_healed":0,"gold_gain":0,"player_choice":"Ignored","damage_taken":0,"max_hp_gain":0,"max_hp_loss":0,"event_name":"NoteForYourself","floor":4,"gold_loss":0}],"is_beta":false,"boss_relics":[],"items_purged_floors":[],"is_endless":false,"potions_floor_spawned":[2],"killed_by":"3 Sentries","ascension_level":0}}