{"host":"a5y02gvi04tqovpl","time":1608272395,"event":{"mods":["Act Like it!","BaseMod","Better Third Choice","Colored Map","Downfall","Minty Spire (QoL Compilation)","StSLib"],"gold_per_floor":[99,99,124,124,149,74,97,115,131,156,15,165,176,187,206,206,206],"floor_reached":16,"playtime":879,"items_purged":[],"score":170,"play_id":"168269bb-ceb0-46ec-b75d-058738b6db7b","local_time":"20201218164955","is_ascension_mode":false,"campfire_choices":[{"floor":1,"key":"RECALL"},{"data":"sneckomod:SnekBeam","floor":6,"key":"SMITH"}],"circlet_count":0,"master_deck":["sneckomod:Strike","sneckomod:Strike","sneckomod:Strike","sneckomod:Defend","sneckomod:Defend","sneckomod:Defend","sneckomod:TailWhip","sneckomod:SnekBite","sneckomod:Unknown","sneckomod:Unknown","sneckomod:SoulCleanse","sneckomod:UnknownUncommonAttack","sneckomod:SnekBeam+1","sneckomod:DiceCrush","sneckomod:Unknown2Cost","sneckomod:SoulDraw","sneckomod:UnknownRarePower","sneckomod:MasterEye","sneckomod:SoulRoll","Slimebound:Icky","sneckomod:UnknownUncommonSkill","sneckomod:UnknownEthereal","sneckomod:Unknown0Cost"],"relics":["sneckomod:SneckoSoul","downfall:HeartsMalice","Oddly Smooth Stone","Boot","Juzu Bracelet","downfall:HeartBlessingRed","Regal Pillow","Eternal Feather"],"acts_visited":["Exordium"],"potions_floor_usage":[15],"damage_taken":[{"damage":0,"enemies":"Small Slimes","floor":2,"turns":1},{"damage":0,"enemies":"Lagavulin","floor":3,"turns":1},{"damage":0,"enemies":"3 Sentries","floor":5,"turns":1},{"damage":11,"enemies":"Jaw Worm","floor":8,"turns":3},{"damage":6,"enemies":"Cultist","floor":9,"turns":3},{"damage":26,"enemies":"Lagavulin","floor":10,"turns":4},{"damage":5,"enemies":"downfall:FleeingMerchant","floor":11,"turns":4},{"damage":4,"enemies":"2 Fungi Beasts","floor":13,"turns":3},{"damage":16,"enemies":"Large Slime","floor":14,"turns":4},{"damage":14,"enemies":"Exordium Thugs","floor":15,"turns":5},{"damage":10,"enemies":"downfall:Silent","floor":16,"turns":1}],"seed_played":"8162240102283103014","potions_obtained":[{"floor":5,"key":"Block Potion"},{"floor":8,"key":"Strength Potion"},{"floor":13,"key":"BlessingOfTheForge"}],"is_trial":false,"path_per_floor":["R","M","E","?","E","R","T","M","M","E","$","?","M","M","M","B"],"character_chosen":"THE_SNECKO","items_purchased":["sneckomod:MasterEye","sneckomod:SoulRoll"],"campfire_rested":0,"item_purchase_floors":[11,11],"current_hp_per_floor":[90,90,91,84,84,84,84,73,68,42,38,38,35,20,7,0,0],"gold":206,"neow_bonus":"THREE_ENEMY_KILL","is_daily":false,"chose_seed":false,"campfire_upgraded":1,"win_rate":0.0,"timestamp":1608272395,"path_taken":["R","M","E","?","E","R","T","M","M","E","$","?","M","M","M","BOSS"],"items_purchased_type":["Card","Card"],"build_version":"2020-12-13","purchased_purges":0,"victory":false,"max_hp_per_floor":[90,90,91,91,91,91,91,91,92,92,93,93,94,95,96,96,96],"card_choices":[{"not_picked":["sneckomod:UnknownWeak","sneckomod:UnknownClassRED"],"picked":"sneckomod:SoulCleanse","floor":2},{"not_picked":["sneckomod:UnknownVulnerable","sneckomod:UnknownStrike"],"picked":"sneckomod:UnknownUncommonAttack","floor":3},{"not_picked":["sneckomod:Unknown1Cost","sneckomod:DefensiveFlair"],"picked":"sneckomod:SnekBeam","floor":5},{"not_picked":["sneckomod:UnknownCommonSkill","sneckomod:RainOfDice"],"picked":"sneckomod:DiceCrush","floor":8},{"not_picked":["sneckomod:IronFang","sneckomod:ImprovisedGuard"],"picked":"sneckomod:Unknown2Cost","floor":9},{"not_picked":["sneckomod:UnknownClassTHE_CHAMP_GRAY","sneckomod:WideSting"],"picked":"sneckomod:SoulDraw","floor":10},{"not_picked":["sneckomod:IronFang","sneckomod:UnknownUncommonSkill"],"picked":"sneckomod:UnknownRarePower","floor":11},{"not_picked":["sneckomod:SoulRoll","sneckomod:ImprovisedGuard"],"picked":"sneckomod:UnknownUncommonSkill","floor":13},{"not_picked":["sneckomod:QuickBite","sneckomod:RainOfDice"],"picked":"sneckomod:UnknownEthereal","floor":14},{"not_picked":["sneckomod:SoulDraw","sneckomod:UnknownCommonSkill"],"picked":"sneckomod:Unknown0Cost","floor":15}],"player_experience":12737,"relics_obtained":[{"floor":3,"key":"Oddly Smooth Stone"},{"floor":5,"key":"Juzu Bracelet"},{"floor":7,"key":"Regal Pillow"},{"floor":10,"key":"Eternal Feather"}],"event_choices":[{"damage_healed":0,"gold_gain":0,"player_choice":"Relic ","damage_taken":7,"max_hp_gain":0,"max_hp_loss":0,"event_name":"betterThird:BetterScrap","floor":4,"gold_loss":0,"cards_obtained":["Brilliance"]}],"is_beta":false,"boss_relics":[],"items_purged_floors":[],"is_endless":false,"potions_floor_spawned":[5,8,13,14],"killed_by":"downfall:Silent","ascension_level":0}}