{"host":"heub7c0qcswxubs2","time":1608275424,"event":{"mods":["2.2 Compatiblity","AchievementEnabler","BaseMod","BetterRewards","Colored Map","Colored Powertips","Downfall","Gremlin Mod","Hermit","Highlight Path","Hubris","Infinite Spire","Jorbs\u0027s Wanderer Trilogy","Marisa????????","Minty Spire (QoL Compilation)","Permanent Neow","Random Character Button","Rare Cards Sparkle","Replay The Spire","Shade Mod","Somnambulant","StSLib","The Cursed","The Disciple","The Gatherer","The Hierophant"],"gold_per_floor":[111,164,164,179,193,193,193,193],"floor_reached":6,"playtime":338,"items_purged":[],"score":36,"play_id":"117191f7-269a-4859-b91f-efaaf426bc0f","local_time":"20201218021024","is_ascension_mode":false,"metric_token":1681,"campfire_choices":[],"circlet_count":0,"master_deck":["Gatherer:Strike_Gatherer","Gatherer:Strike_Gatherer","Gatherer:Strike_Gatherer","Gatherer:Strike_Gatherer","Gatherer:Strike_Gatherer","Gatherer:Defend_Gatherer","Gatherer:Defend_Gatherer","Gatherer:Defend_Gatherer","Gatherer:Defend_Gatherer","Gatherer:Defend_Gatherer","Gatherer:Centralize","Gatherer:FlowerWhip","Gatherer:Uplift","Gatherer:TreeGrowth","Gatherer:FlowerPower","Gatherer:UpgradeBag"],"relics":["Gatherer:AlchemyBag","hubris:Potato","hubris:OldNail","Mercury Hourglass"],"acts_visited":["Exordium"],"potions_floor_usage":[],"damage_taken":[{"damage":11,"enemies":"Jaw Worm","floor":1,"turns":4},{"damage":0,"enemies":"Small Slimes","floor":4,"turns":4},{"damage":0,"enemies":"2 Louse","floor":5,"turns":2},{"damage":70,"enemies":"Lagavulin","floor":6,"turns":9}],"seed_played":"1690410616183134463","potions_obtained":[{"floor":2,"key":"Reflective Coating"},{"floor":2,"key":"GhostInAJar"}],"is_trial":false,"path_per_floor":["M","?","?","M","M","E"],"character_chosen":"THE_GATHERER","items_purchased":["Gatherer:Uplift"],"campfire_rested":0,"item_purchase_floors":[0],"current_hp_per_floor":[56,56,56,56,56,0,0,0],"gold":193,"neow_bonus":"","is_daily":false,"chose_seed":false,"campfire_upgraded":0,"win_rate":0.0,"timestamp":1608275424,"path_taken":["M","?","?","M","?","E"],"items_purchased_type":["Card"],"build_version":"2020-12-13","purchased_purges":0,"victory":false,"max_hp_per_floor":[67,67,67,67,67,67,67,67],"card_choices":[{"not_picked":["Gatherer:CollectorsShot","Gatherer:Convert"],"picked":"Gatherer:TreeGrowth","floor":1},{"not_picked":["Gatherer:CollectorsShot","Gatherer:BigPouch"],"picked":"Gatherer:FlowerPower","floor":2},{"not_picked":["Gatherer:Convert","Gatherer:CarefulStrike"],"picked":"Gatherer:UpgradeBag","floor":4},{"not_picked":["Gatherer:TreeGrowth","Gatherer:SaveValuables","Gatherer:SealedBomb"],"picked":"SKIP","floor":5}],"player_experience":460729,"relics_obtained":[{"floor":2,"key":"hubris:OldNail"}],"event_choices":[{"damage_healed":0,"gold_gain":0,"player_choice":"Gave Potion","damage_taken":0,"relics_obtained":["Mercury Hourglass"],"max_hp_gain":0,"max_hp_loss":0,"event_name":"WeMeetAgain","floor":3,"gold_loss":0}],"is_beta":false,"boss_relics":[],"items_purged_floors":[],"is_endless":false,"potions_floor_spawned":[],"killed_by":"Lagavulin","ascension_level":0}}