{"host":"utqe55yv0jihe4d6","time":1608250525,"event":{"mods":["2.2 Compatiblity","AchievementEnabler","BaseMod","Block Reminder","Colored Map","Colored Powertips","Minty Spire (QoL Compilation)","Quick Restart","Rare Cards Sparkle","Relic Stats","SuperFastMode"],"gold_per_floor":[119,136,136,136,150,150,176,176,176,186,197,197,226,44,44,121,121,135,25,37,50,64,95,95,115,115,115,115],"floor_reached":27,"playtime":823,"items_purged":[],"score":640,"play_id":"963ec393-f1fe-4fe8-974e-bb908f0461e2","local_time":"20201217191525","is_ascension_mode":true,"campfire_choices":[{"data":"Bash","floor":6,"key":"SMITH"},{"data":"Spot Weakness","floor":8,"key":"SMITH"},{"data":"True Grit","floor":12,"key":"SMITH"},{"data":"Apotheosis","floor":15,"key":"SMITH"},{"floor":24,"key":"REST"}],"circlet_count":0,"master_deck":["AscendersBane","Strike_R","Strike_R","Strike_R","Strike_R","Defend_R","Defend_R","Defend_R","Defend_R+1","Bash+1","Disarm","Pommel Strike","Headbutt","Spot Weakness+1","True Grit+1","Whirlwind","Offering","Apotheosis+1","Reaper","Spot Weakness","Second Wind","Corruption","Burning Pact","Dual Wield","Inflame"],"relics":["Burning Blood","GremlinMask","Kunai","Red Skull","Question Card","Mark of Pain","Darkstone Periapt","Girya"],"acts_visited":["Exordium","TheCity"],"potions_floor_usage":[7,22,22,27],"damage_taken":[{"damage":5,"enemies":"Small Slimes","floor":1,"turns":3},{"damage":7,"enemies":"2 Louse","floor":2,"turns":3},{"damage":6,"enemies":"Cultist","floor":5,"turns":3},{"damage":36,"enemies":"Lagavulin","floor":7,"turns":6},{"damage":13,"enemies":"Red Slaver","floor":10,"turns":3},{"damage":1,"enemies":"Looter","floor":11,"turns":3},{"damage":36,"enemies":"Gremlin Nob","floor":13,"turns":4},{"damage":6,"enemies":"Hexaghost","floor":16,"turns":9},{"damage":14,"enemies":"3 Byrds","floor":18,"turns":7},{"damage":24,"enemies":"Spheric Guardian","floor":20,"turns":5},{"damage":24,"enemies":"Snake Plant","floor":21,"turns":2},{"damage":34,"enemies":"Snecko","floor":22,"turns":7},{"damage":6,"enemies":"Gremlin Leader","floor":23,"turns":5},{"damage":56,"enemies":"Chosen and Byrds","floor":25,"turns":7},{"damage":45,"enemies":"Slavers","floor":27,"turns":3}],"seed_played":"-7813944657863792457","potions_obtained":[{"floor":1,"key":"LiquidMemories"},{"floor":5,"key":"ElixirPotion"},{"floor":16,"key":"BlessingOfTheForge"},{"floor":20,"key":"SteroidPotion"},{"floor":25,"key":"Weak Potion"}],"is_trial":false,"path_per_floor":["M","M","?","?","M","R","E","R","T","M","M","R","E","$","R","B",null,"M","?","M","M","M","E","R","M","T","E"],"character_chosen":"IRONCLAD","items_purchased":["Apotheosis"],"campfire_rested":1,"item_purchase_floors":[14],"current_hp_per_floor":[76,75,75,75,75,75,45,45,45,38,43,43,13,13,13,13,65,71,71,53,35,16,40,64,39,39,0,0],"gold":115,"neow_bonus":"TEN_PERCENT_HP_BONUS","is_daily":false,"chose_seed":false,"campfire_upgraded":4,"win_rate":0.0,"timestamp":1608250525,"path_taken":["M","M","?","?","M","R","E","R","T","M","?","R","E","?","R","BOSS","M","?","M","?","?","E","R","M","T","E"],"items_purchased_type":["Card"],"build_version":"2020-12-13","purchased_purges":0,"victory":false,"max_hp_per_floor":[82,82,82,82,82,82,82,82,82,82,82,82,82,82,82,82,82,82,82,82,82,82,82,82,82,82,82,82],"relic_stats":{"Darkstone Periapt":0,"counters":[15,70],"Kunai":[10],"Question Card":7,"obtain_stats":[{"Darkstone Periapt":23,"Girya":26,"GremlinMask":4,"Mark of Pain":17,"Kunai":7,"Question Card":13,"Burning Blood":0,"Red Skull":9},{"Darkstone Periapt":13,"Girya":14,"GremlinMask":2,"Mark of Pain":8,"Kunai":4,"Question Card":7,"Burning Blood":0,"Red Skull":4},{"Darkstone Periapt":60,"Girya":67,"GremlinMask":6,"Mark of Pain":34,"Kunai":15,"Question Card":25,"Burning Blood":0,"Red Skull":15}],"Burning Blood":84},"card_choices":[{"not_picked":["Rage","Pommel Strike"],"picked":"Disarm","floor":1},{"not_picked":["Sword Boomerang","Clash"],"picked":"Pommel Strike","floor":2},{"not_picked":["Warcry","Perfected Strike"],"picked":"Headbutt","floor":5},{"not_picked":["Inflame","Whirlwind"],"picked":"Spot Weakness","floor":7},{"not_picked":["Body Slam","Twin Strike"],"picked":"True Grit","floor":10},{"not_picked":["Carnage","Thunderclap"],"picked":"Whirlwind","floor":11},{"not_picked":["Intimidate","Pummel"],"picked":"Offering","floor":13},{"not_picked":["Offering","Demon Form","Bludgeon"],"picked":"Reaper","floor":16},{"not_picked":["Body Slam","Infernal Blade","Cleave"],"picked":"Spot Weakness","floor":18},{"not_picked":["Searing Blow","Warcry","Perfected Strike"],"picked":"Second Wind","floor":20},{"not_picked":["Havoc","Entrench+1","Pommel Strike"],"picked":"Corruption","floor":21},{"not_picked":["Second Wind+1","Iron Wave","Warcry"],"picked":"Burning Pact","floor":22},{"not_picked":["Warcry","Infernal Blade","Body Slam"],"picked":"Dual Wield","floor":23},{"not_picked":["Spot Weakness","Seeing Red","Headbutt+1"],"picked":"Inflame","floor":25}],"player_experience":2794163,"relics_obtained":[{"floor":7,"key":"Kunai"},{"floor":9,"key":"Red Skull"},{"floor":13,"key":"Question Card"},{"floor":23,"key":"Darkstone Periapt"},{"floor":26,"key":"Girya"}],"event_choices":[{"damage_healed":0,"gold_gain":0,"player_choice":"Ignored","damage_taken":0,"max_hp_gain":0,"max_hp_loss":0,"event_name":"Liars Game","floor":3,"gold_loss":0},{"damage_healed":0,"gold_gain":0,"player_choice":"Trade","damage_taken":0,"relics_obtained":["GremlinMask"],"max_hp_gain":0,"max_hp_loss":0,"event_name":"FaceTrader","floor":4,"gold_loss":0},{"cards_removed":["Strike_R"],"damage_healed":0,"gold_gain":0,"player_choice":"Upgrade and Remove","damage_taken":0,"max_hp_gain":0,"max_hp_loss":0,"event_name":"Designer","floor":19,"gold_loss":110,"cards_upgraded":["Defend_R"]}],"is_beta":false,"boss_relics":[{"not_picked":["Velvet Choker","Fusion Hammer"],"picked":"Mark of Pain"}],"items_purged_floors":[],"is_endless":false,"potions_floor_spawned":[1,5,16,20,21,25],"killed_by":"Slavers","ascension_level":20}}