{"host":"jgyoyy5iuhtvyvtg","time":1608270075,"event":{"mods":["2.2 Compatiblity","BaseMod","Challenge The Spire","Colored Map","Conspire","Downfall","Hermit","Highlight Path","Infinite Spire","Lobotomy","LobotomyExtend","Minty Spire (QoL Compilation)","Quick Restart","Replay The Spire","Spikes Relics","StSLib","The Construct","The Disciple","The Jungle","Yuri Mod"],"gold_per_floor":[212,212,231,231,10,10,36,36,60,60,75,105,123,133,133,233,233,248,91,111,111,129,129,154,154,154,165,165,197,197,197,197],"floor_reached":31,"playtime":1050,"items_purged":["hermit:Midnight","Regret"],"score":340,"play_id":"3befe0d2-a89a-4708-ab42-96f7d4d52d0c","local_time":"20201217214115","is_ascension_mode":true,"campfire_choices":[{"data":"hermit:Maintenance","floor":6,"key":"SMITH"},{"floor":8,"key":"REST"},{"data":"hermit:Brawl","floor":15,"key":"SMITH"},{"floor":23,"key":"REST"},{"floor":28,"key":"REST"}],"circlet_count":0,"master_deck":["hermit:Strike_Hermit","hermit:Strike_Hermit","hermit:Strike_Hermit","hermit:Strike_Hermit","hermit:Defend_Hermit","hermit:Defend_Hermit","hermit:Defend_Hermit","hermit:Defend_Hermit","hermit:Snapshot","hermit:WideOpen","hermit:Maintenance+1","hermit:Brawl+1","hermit:Gestalt","hermit:HighCaliber","hermit:Quickdraw","hermit:Magnum","hermit:TakeCover","Shame"],"relics":["hermit:Momento","LetterFromLob","SpikesRelics:DaevaFist","Pantograph","hexamod:BolsterEngine","Guardian:PocketSentry","conspire:TreasureMap","conspire:SeveredTorchhead","Mango","Blood Vial","Nunchaku","Incense Burner","theJungle:SneckoAutograph"],"acts_visited":["Exordium","Exordium"],"potions_floor_usage":[11,16,22,24,31],"damage_taken":[{"damage":8,"enemies":"Small Slimes","floor":1,"turns":3},{"damage":0,"enemies":"Cultist","floor":3,"turns":4},{"damage":66,"enemies":"Gremlin Nob","floor":7,"turns":6},{"damage":0,"enemies":"2 Louse","floor":11,"turns":3},{"damage":1,"enemies":"Lagavulin","floor":12,"turns":7},{"damage":1,"enemies":"Exordium Thugs","floor":13,"turns":4},{"damage":4,"enemies":"Lots of Slimes","floor":14,"turns":3},{"damage":13,"enemies":"Hexaghost","floor":16,"turns":7},{"damage":10,"enemies":"theJungle:Flameango_and_Byrd","floor":18,"turns":7},{"damage":11,"enemies":"theJungle:GiantWrat","floor":20,"turns":6},{"damage":28,"enemies":"Snake Plant","floor":22,"turns":4},{"damage":39,"enemies":"theJungle:MamaSnecko","floor":24,"turns":8},{"damage":2,"enemies":"theJungle:SlimyTreeVines","floor":27,"turns":5},{"damage":38,"enemies":"theJungle:2_Phrogs","floor":29,"turns":5},{"damage":26,"enemies":"theJungle:2_Flameangoes","floor":31,"turns":5}],"seed_played":"-3509804497174369958","potions_obtained":[{"floor":7,"key":"SneckoOil"},{"floor":12,"key":"LiquidMemories"},{"floor":13,"key":"Block Potion"},{"floor":14,"key":"Ancient Potion"},{"floor":20,"key":"sneckomod:MuddlingPotion"},{"floor":29,"key":"SkillPotion"}],"is_trial":false,"path_per_floor":["M","?","M","?","$","R","E","R","T","M","M","E","M","M","R","B",null,"M","$","M","AVR","M","R","E","?","T","M","R","E","?","M"],"character_chosen":"HERMIT","items_purchased":["hermit:Maintenance","hermit:Brawl","conspire:TreasureMap"],"campfire_rested":3,"item_purchase_floors":[5,5,19],"current_hp_per_floor":[67,67,67,67,67,67,1,23,23,41,41,40,39,35,35,47,75,65,65,54,68,40,66,27,27,27,33,59,23,23,0,0],"gold":197,"neow_bonus":"HUNDRED_GOLD","is_daily":false,"chose_seed":false,"campfire_upgraded":2,"win_rate":0.0,"timestamp":1608270075,"path_taken":["M","?","M","?","$","R","E","R","T","M","M","E","M","M","R","BOSS","M","$","M","AVR","M","R","E","?","T","?","R","E","?","M"],"items_purchased_type":["Card","Card","Relic"],"build_version":"2020-12-13","purchased_purges":2,"victory":false,"max_hp_per_floor":[75,75,75,75,75,75,75,75,75,75,75,75,75,75,75,75,75,75,75,75,89,89,89,89,89,89,89,89,89,89,89,89],"card_choices":[{"not_picked":["hermit:HighCaliber","hermit:Glare"],"picked":"hermit:Midnight","floor":1},{"not_picked":["hermit:HighCaliber","hermit:SprayPray"],"picked":"hermit:WideOpen","floor":3},{"not_picked":["hermit:Virtue","hermit:Coalescence"],"picked":"hermit:Gestalt","floor":7},{"not_picked":["hermit:Coalescence","hermit:CalledShot"],"picked":"hermit:HighCaliber","floor":11},{"not_picked":["hermit:Roulette","hermit:Glare","hermit:GhostlyPresence"],"picked":"SKIP","floor":12},{"not_picked":["hermit:Virtue","hermit:Dive"],"picked":"hermit:Quickdraw","floor":13},{"not_picked":["hermit:SprayPray","hermit:BigShot","hermit:Coalescence"],"picked":"SKIP","floor":14},{"not_picked":["hermit:DeadOrAlive","hermit:FatalDesire"],"picked":"hermit:Magnum","floor":16},{"not_picked":["hermit:Grudge","hermit:CalledShot+1","hermit:TrackingShot+1"],"picked":"SKIP","floor":18},{"not_picked":["hermit:Manifest","hermit:Desperado","hermit:EyeOfTheStorm"],"picked":"SKIP","floor":20},{"not_picked":["hermit:CalledShot","hermit:Snipe","hermit:HoleUp"],"picked":"SKIP","floor":22},{"not_picked":["hermit:Snipe+1","hermit:BigShot+1","hermit:WideOpen"],"picked":"SKIP","floor":24},{"not_picked":["hermit:FatalDesire","hermit:HighCaliber","hermit:Roulette+1"],"picked":"SKIP","floor":27},{"not_picked":["hermit:Midnight","hermit:NoHoldsBarred+1"],"picked":"hermit:TakeCover","floor":29}],"player_experience":3155617,"relics_obtained":[{"floor":1,"key":"LetterFromLob"},{"floor":7,"key":"Pantograph"},{"floor":9,"key":"hexamod:BolsterEngine"},{"floor":12,"key":"Guardian:PocketSentry"},{"floor":24,"key":"Blood Vial"},{"floor":26,"key":"Nunchaku"},{"floor":29,"key":"Incense Burner"}],"event_choices":[{"damage_healed":0,"gold_gain":0,"player_choice":"Leave","damage_taken":0,"max_hp_gain":0,"max_hp_loss":0,"event_name":"The Cleric","floor":2,"gold_loss":0},{"damage_healed":0,"gold_gain":0,"player_choice":"Box","damage_taken":0,"relics_obtained":["SpikesRelics:DaevaFist"],"max_hp_gain":0,"max_hp_loss":0,"event_name":"Big Fish","floor":4,"gold_loss":0,"cards_obtained":["Regret"]},{"cards_removed":["hermit:Covet"],"damage_healed":0,"gold_gain":0,"player_choice":"Purged","damage_taken":0,"max_hp_gain":0,"max_hp_loss":0,"event_name":"Purifier","floor":25,"gold_loss":0}],"is_beta":false,"boss_relics":[{"not_picked":["conspire:RunicOctahedron","Painkiller Herb","Runic Dome"]}],"items_purged_floors":[5,21],"is_endless":false,"potions_floor_spawned":[7,12,13,14,20,29],"killed_by":"theJungle:2_Flameangoes","ascension_level":4}}