{"host":"e4wnmsyty9uvvtwf","time":1608275368,"event":{"mods":["Aspiration","BaseMod","Colored Map","Colored Powertips","Marisa£®ÏF”Í°°ƒß¿Ì…≥£©","Minty Spire (QoL Compilation)","Rare Cards Sparkle","Replay The Spire","StSLib"],"gold_per_floor":[117,117,131,150,163,163,196,215,242,242,242],"floor_reached":10,"playtime":364,"items_purged":[],"score":112,"play_id":"f065984f-7205-4a5d-b4a3-36c2abea56df","local_time":"20201218150928","is_ascension_mode":true,"campfire_choices":[{"floor":6,"key":"REST"}],"circlet_count":0,"master_deck":["AscendersBane","Strike_B","Strike_B","Strike_B","Defend_B","Defend_B","Defend_B","Defend_B","Zap","Dualcast","BasicCrystalCard","ReplayTheSpireMod:System Scan","JustLucky","Mirror Shield","Darkness","Outmaneuver"],"relics":["Cracked Core","aspiration:Nostalgia","Replay:M_StaffOfTheSnake","Replay:Antivirus Software","Toy Ornithopter"],"acts_visited":[],"potions_floor_usage":[10],"damage_taken":[{"damage":0,"enemies":"2 Louse","floor":1,"turns":3},{"damage":1,"enemies":"Cultist","floor":3,"turns":3},{"damage":7,"enemies":"Small Slimes","floor":4,"turns":3},{"damage":59,"enemies":"Gremlin Gang","floor":5,"turns":7},{"damage":18,"enemies":"3 Sentries","floor":7,"turns":11},{"damage":0,"enemies":"Looter","floor":8,"turns":4},{"damage":0,"enemies":"Gremlin Nob","floor":10,"turns":3}],"seed_played":"-1529123047882810532","potions_obtained":[{"floor":5,"key":"Explosive Potion"},{"floor":7,"key":"FearPotion"}],"is_trial":false,"path_per_floor":["M","?","M","M","M","R","E","M","T","E"],"character_chosen":"DEFECT","items_purchased":[],"campfire_rested":1,"item_purchase_floors":[],"current_hp_per_floor":[68,68,67,60,1,23,5,5,5,10,10],"gold":242,"neow_bonus":"NOSTALGIA","is_daily":false,"chose_seed":false,"campfire_upgraded":0,"win_rate":0.0,"timestamp":1608275368,"path_taken":["M","?","M","?","M","R","E","M","T","E"],"items_purchased_type":[],"build_version":"2020-12-13","purchased_purges":0,"victory":false,"max_hp_per_floor":[75,75,75,75,75,75,75,75,75,75,75],"card_choices":[{"not_picked":["CutThroughFate","Doom and Gloom"],"picked":"BasicCrystalCard","floor":1},{"not_picked":["Cold Snap","Turbo"],"picked":"ReplayTheSpireMod:System Scan","floor":3},{"not_picked":["Compile Driver","Go for the Eyes"],"picked":"JustLucky","floor":4},{"not_picked":["Conserve Battery","ReplaySort"],"picked":"Mirror Shield","floor":5},{"not_picked":["Well Laid Plans","Fission"],"picked":"Darkness","floor":7},{"not_picked":["CutThroughFate","Acrobatics"],"picked":"Outmaneuver","floor":8}],"player_experience":624499,"relics_obtained":[{"floor":7,"key":"Replay:Antivirus Software"},{"floor":9,"key":"Toy Ornithopter"}],"event_choices":[{"cards_removed":["Strike_B"],"damage_healed":0,"gold_gain":0,"player_choice":"Purged","damage_taken":0,"max_hp_gain":0,"max_hp_loss":0,"event_name":"Purifier","floor":2,"gold_loss":0}],"is_beta":false,"boss_relics":[],"items_purged_floors":[],"is_endless":false,"potions_floor_spawned":[5,7,8],"killed_by":"Gremlin Nob","ascension_level":12}}