{"host":"bi6hp2lw0u7dctop","time":1608279877,"event":{"mods":["BaseMod","Colored Powertips","GifTheSpireLib","Minty Spire (QoL Compilation)","Relic Stats","Replay The Spire","Spicy Shops","StSLib","°æπ¶ƒ‹Mod°øªÏ„Á÷Æª∑–ﬁ∏¥≤π∂°","°æ“≈ŒÔø®≈∆°øREMEMod"],"gold_per_floor":[115,131,131,131,131,131,165,165,165,165,175,350,64,82,82,178,178,190,208,222,232,246,246,28,46,46,46,56,70,70,80,80,182,182,197,197,197],"floor_reached":36,"playtime":3226,"items_purged":["Doubt"],"score":368,"play_id":"358b2120-04b5-4e24-ba5b-483f332ded0a","local_time":"20201218162437","is_ascension_mode":false,"campfire_choices":[{"data":"Judgement","floor":6,"key":"SMITH"},{"floor":8,"key":"REST"},{"floor":15,"key":"REST"},{"data":"LessonLearned","floor":23,"key":"SMITH"},{"floor":30,"key":"REST"},{"floor":32,"key":"REST"}],"circlet_count":0,"master_deck":["Strike_P+1","Defend_P","Defend_P+1","Eruption","Vigilance","Secret Technique","Judgement+1","Prostrate+1","ForeignInfluence+1","Steam","Devotion","Weave","LessonLearned+1","Wireheading+1","Replay:LoomingThreat+1","ClearTheMind+1","REME_Repentance","SandsOfTime+1","Replay:Battleflow+1","SpiritShield","Pray+1","Protect+1"],"relics":["PureWater","REME_ComplimentaryCards","Art of War","Chemical X","REME_DuelDisc","Bag of Marbles","Empty Cage"],"acts_visited":["Exordium","TheCity","TheBeyond"],"potions_floor_usage":[16,21,21,21,25,33,33,33],"damage_taken":[{"damage":0,"enemies":"Jaw Worm","floor":1,"turns":1},{"damage":0,"enemies":"2 Louse","floor":2,"turns":1},{"damage":43,"enemies":"Lagavulin","floor":7,"turns":10},{"damage":0,"enemies":"Small Slimes","floor":11,"turns":2},{"damage":0,"enemies":"Looter","floor":14,"turns":1},{"damage":69,"enemies":"Fading Forest","floor":16,"turns":11},{"damage":0,"enemies":"3 Byrds","floor":18,"turns":3},{"damage":0,"enemies":"Spheric Guardian","floor":19,"turns":1},{"damage":5,"enemies":"Snake Plant","floor":20,"turns":3},{"damage":0,"enemies":"Chosen and Byrds","floor":21,"turns":4},{"damage":0,"enemies":"Shelled Parasite and Fungi","floor":22,"turns":1},{"damage":26,"enemies":"Centurion and Healer","floor":25,"turns":5},{"damage":5,"enemies":"Chosen and Byrds","floor":28,"turns":4},{"damage":30,"enemies":"Shelled Parasite and Fungi","floor":29,"turns":6},{"damage":0,"enemies":"Snecko","floor":31,"turns":3},{"damage":38,"enemies":"Automaton","floor":33,"turns":9},{"damage":18,"enemies":"3 Shapes","floor":35,"turns":5},{"damage":59,"enemies":"3 Darklings","floor":36,"turns":4}],"seed_played":"-6537311695277858460","potions_obtained":[{"floor":11,"key":"PowerPotion"},{"floor":16,"key":"Weak Potion"},{"floor":19,"key":"EntropicBrew"},{"floor":20,"key":"BlessingOfTheForge"},{"floor":31,"key":"Dexterity Potion"}],"is_trial":false,"path_per_floor":["M","M","$","?","?","R","E","R","T","?","M","?","$","M","R","B",null,"M","M","M","M","M","R","$","M","T","?","M","M","R","M","R","B",null,"M","M"],"character_chosen":"WATCHER","items_purchased":["Chemical X","LessonLearned","Replay:Battleflow+1","SpiritShield"],"campfire_rested":4,"item_purchase_floors":[13,13,24,24],"current_hp_per_floor":[72,72,72,65,65,65,22,43,43,29,29,29,29,29,50,1,72,72,72,67,67,67,67,67,41,41,41,36,6,27,27,48,10,72,54,0,0],"gold":197,"neow_bonus":"ONE_RANDOM_RARE_CARD","is_daily":false,"chose_seed":false,"campfire_upgraded":2,"win_rate":0.0,"timestamp":1608279877,"path_taken":["M","M","$","?","?","R","E","R","T","?","M","?","?","M","R","BOSS","M","M","M","M","?","R","$","M","T","?","M","?","R","M","R","BOSS","M","M"],"items_purchased_type":["Relic","Card","Card","Card"],"build_version":"2020-12-13","purchased_purges":1,"victory":false,"max_hp_per_floor":[72,72,72,72,72,72,72,72,72,72,72,72,72,72,72,72,72,72,72,72,72,72,72,72,72,72,72,72,72,72,72,72,72,72,72,72,72],"relic_stats":{"counters":[18,74],"Art of War":[17],"Chemical X":[2],"obtain_stats":[{"REME_DuelDisc":17,"Art of War":7,"Bag of Marbles":26,"Chemical X":13,"PureWater":0,"Empty Cage":34,"REME_ComplimentaryCards":0},{"REME_DuelDisc":6,"Art of War":3,"Bag of Marbles":12,"Chemical X":4,"PureWater":0,"Empty Cage":16,"REME_ComplimentaryCards":0},{"REME_DuelDisc":26,"Art of War":12,"Bag of Marbles":43,"Chemical X":14,"PureWater":0,"Empty Cage":65,"REME_ComplimentaryCards":0}]},"card_choices":[{"not_picked":["Study","Protect"],"picked":"Prostrate","floor":1},{"not_picked":["EmptyFist","Consecrate"],"picked":"Halt","floor":2},{"not_picked":["Wireheading","Replay:Vibes"],"picked":"Devotion","floor":7},{"not_picked":["Consecrate","EmptyMind"],"picked":"Weave","floor":11},{"not_picked":["EmptyBody","JustLucky"],"picked":"Wireheading","floor":14},{"not_picked":["Replay:AllIn","Alpha"],"picked":"Replay:LoomingThreat","floor":16},{"not_picked":["CutThroughFate+1","FollowUp+1","Study"],"picked":"SKIP","floor":18},{"not_picked":["CrushJoints","EmptyFist"],"picked":"ClearTheMind","floor":19},{"not_picked":["Pray","TalkToTheHand"],"picked":"REME_Repentance","floor":20},{"not_picked":["Wallop","Evaluate+1","EmptyMind"],"picked":"SKIP","floor":21},{"not_picked":["Prostrate","FlurryOfBlows"],"picked":"SandsOfTime+1","floor":22},{"not_picked":["CrushJoints+1","Vengeance","EmptyFist+1"],"picked":"SKIP","floor":25},{"not_picked":["ReachHeaven","REME_MusicOfDeath+1","REME_WorshipGod"],"picked":"SKIP","floor":28},{"not_picked":["Halt","EmptyBody+1","ThirdEye"],"picked":"SKIP","floor":29},{"not_picked":["CutThroughFate","Crescendo"],"picked":"Pray+1","floor":31},{"not_picked":["Replay:Battleflow","SignatureMove+1"],"picked":"Protect+1","floor":35}],"player_experience":188381,"relics_obtained":[{"floor":7,"key":"Art of War"},{"floor":26,"key":"Bag of Marbles"}],"event_choices":[{"cards_removed":["Strike_P"],"damage_healed":0,"gold_gain":0,"player_choice":"Card Removal","damage_taken":7,"max_hp_gain":0,"max_hp_loss":0,"event_name":"Golden Wing","floor":4,"gold_loss":0},{"damage_healed":0,"gold_gain":0,"player_choice":"Entered Light","damage_taken":14,"max_hp_gain":0,"max_hp_loss":0,"event_name":"Shining Light","floor":10,"gold_loss":0,"cards_upgraded":["Strike_P","ForeignInfluence"]},{"damage_healed":0,"gold_gain":175,"player_choice":"AGREE","damage_taken":0,"max_hp_gain":0,"max_hp_loss":0,"event_name":"Liars Game","floor":12,"gold_loss":0,"cards_obtained":["Doubt"]},{"cards_removed":["Halt"],"damage_healed":0,"gold_gain":0,"player_choice":"Purged","damage_taken":0,"max_hp_gain":0,"max_hp_loss":0,"event_name":"Purifier","floor":27,"gold_loss":0}],"is_beta":false,"boss_relics":[{"not_picked":["Fusion Hammer","Runic Dome"],"picked":"REME_DuelDisc"},{"not_picked":["Replay:Wanted Poster","Velvet Choker"],"picked":"Empty Cage"}],"items_purged_floors":[13],"is_endless":false,"potions_floor_spawned":[11,16,19,20,22,31],"killed_by":"3 Darklings","ascension_level":0}}