{"host":"c2vrdknshfutmcsq","time":1608318332,"event":{"mods":["BaseMod","Minty Spire (QoL Compilation)"],"gold_per_floor":[111,126,146,164,164,164,339,371,421,78,91,91,104,130,130,208,208,224,238,238,238],"floor_reached":20,"playtime":1166,"items_purged":["Shame"],"score":299,"play_id":"6f8256e3-9062-4f8d-adce-e38004d15e44","local_time":"20201218200532","is_ascension_mode":true,"campfire_choices":[{"floor":6,"key":"REST"},{"floor":12,"key":"REST"},{"data":"Dualcast","floor":15,"key":"SMITH"}],"circlet_count":0,"master_deck":["AscendersBane","Strike_B+1","Strike_B+1","Strike_B","Defend_B","Defend_B","Defend_B+1","Zap","Dualcast+1","Double Energy+1","Thunder Strike","Leap","FTL","Go for the Eyes","Streamline","Doubt","Electrodynamics","Stack","Lockon","Rebound","Sunder","Thunder Strike","Tempest","Stack"],"relics":["Cracked Core","Mummified Hand","Boot","War Paint","MealTicket","Inserter"],"acts_visited":["Exordium","TheCity"],"potions_floor_usage":[16,16],"damage_taken":[{"damage":9,"enemies":"Small Slimes","floor":1,"turns":4},{"damage":7,"enemies":"Jaw Worm","floor":2,"turns":3},{"damage":0,"enemies":"2 Louse","floor":3,"turns":2},{"damage":14,"enemies":"Looter","floor":4,"turns":3},{"damage":26,"enemies":"Gremlin Nob","floor":8,"turns":5},{"damage":0,"enemies":"3 Louse","floor":11,"turns":2},{"damage":10,"enemies":"Large Slime","floor":13,"turns":3},{"damage":32,"enemies":"The Guardian","floor":16,"turns":14},{"damage":33,"enemies":"2 Thieves","floor":18,"turns":4},{"damage":14,"enemies":"Chosen","floor":19,"turns":5}],"seed_played":"-9177455849541095436","potions_obtained":[{"floor":3,"key":"CultistPotion"},{"floor":4,"key":"EntropicBrew"},{"floor":18,"key":"Weak Potion"}],"is_trial":false,"path_per_floor":["M","M","M","M","?","R","?","E","T","$","M","R","M","T","R","B",null,"M","M","?"],"character_chosen":"DEFECT","items_purchased":["War Paint","Stack","Lockon"],"campfire_rested":2,"item_purchase_floors":[10,10,10],"current_hp_per_floor":[55,48,48,34,20,41,41,15,15,15,15,36,26,26,26,8,55,22,8,0,0],"gold":238,"neow_bonus":"TRANSFORM_TWO_CARDS","is_daily":false,"chose_seed":false,"campfire_upgraded":1,"win_rate":0.0,"timestamp":1608318332,"path_taken":["M","M","M","M","?","R","?","E","T","?","M","R","M","?","R","BOSS","M","M","?"],"items_purchased_type":["Relic","Card","Card"],"build_version":"2020-12-13","purchased_purges":1,"victory":false,"max_hp_per_floor":[71,71,71,71,71,71,71,71,71,71,71,71,71,71,71,71,71,71,71,71,71],"card_choices":[{"not_picked":["Gash","Stack"],"picked":"Leap","floor":1},{"not_picked":["Cold Snap","Loop"],"picked":"FTL","floor":2},{"not_picked":["Cold Snap","Coolheaded"],"picked":"Go for the Eyes","floor":3},{"not_picked":["Self Repair","Leap"],"picked":"Streamline","floor":4},{"not_picked":["Go for the Eyes","Hologram"],"picked":"Electrodynamics","floor":8},{"not_picked":["Scrape","Force Field"],"picked":"Rebound","floor":11},{"not_picked":["Hello World","Steam"],"picked":"Sunder","floor":13},{"not_picked":["Creative AI","Meteor Strike"],"picked":"Thunder Strike","floor":16},{"not_picked":["Consume","Fusion"],"picked":"Tempest","floor":18},{"not_picked":["Sweeping Beam","Beam Cell"],"picked":"Stack","floor":19}],"player_experience":1160434,"relics_obtained":[{"floor":8,"key":"Mummified Hand"},{"floor":9,"key":"Boot"},{"floor":14,"key":"MealTicket"}],"event_choices":[{"damage_healed":0,"gold_gain":0,"player_choice":"Entered Light","damage_taken":14,"max_hp_gain":0,"max_hp_loss":0,"event_name":"Shining Light","floor":5,"gold_loss":0,"cards_upgraded":["Strike_B","Strike_B"]},{"damage_healed":0,"gold_gain":175,"player_choice":"AGREE","damage_taken":0,"max_hp_gain":0,"max_hp_loss":0,"event_name":"Liars Game","floor":7,"gold_loss":0,"cards_obtained":["Doubt"]}],"is_beta":false,"boss_relics":[{"not_picked":["Snecko Eye","Velvet Choker"],"picked":"Inserter"}],"items_purged_floors":[10],"is_endless":false,"potions_floor_spawned":[3,4,8,18],"ascension_level":14}}