{"host":"4qin5krp9hszysdc","time":1608271729,"event":{"mods":["AchievementEnabler","BaseMod","BetterRewards","Infinite Spire","Minty Spire (QoL Compilation)","Quick Restart","StSLib"],"gold_per_floor":[118,118,131,131,143,173,173,207,207,207,263,289,75,90,90,189,189,201,201,221,74,87,87,106,138,161,194,211,245,262,262,262,366,366,382,25,44,62,77,105,0,34,34,34,309,325,325,355,355,454,454,457,463,463,474,476,469,469,451,451],"floor_reached":59,"playtime":3094,"items_purged":["Strike_B","Defend_B","Strike_B","Defend_B","Strike_B","Defend_B"],"score":1970,"play_id":"9792a9aa-2e61-4cec-8f3a-09ddd26021a4","local_time":"20201218010849","is_ascension_mode":true,"campfire_choices":[{"floor":7.0,"key":"REST"},{"data":"Defragment","floor":10.0,"key":"SMITH"},{"data":"Blizzard","floor":15.0,"key":"SMITH"},{"data":"Fission","floor":23.0,"key":"SMITH"},{"data":"Capacitor","floor":32.0,"key":"SMITH"},{"data":"Defragment","floor":44.0,"key":"SMITH"},{"data":"Beam Cell","floor":49,"key":"SMITH"},{"data":"Coolheaded","floor":58,"key":"SMITH"}],"circlet_count":0,"master_deck":["AscendersBane","Strike_B+1","Zap","Dualcast","FTL","Capacitor+1","Glacier+1","Loop+1","Blizzard+1","Darkness","Coolheaded+1","Rebound","Chill","Defragment+1","Ball Lightning","Barrage","Loop","Self Repair","Hologram","Fission+1","Defragment+1","Coolheaded","Beam Cell+1","Loop","Loop","Defragment+1","Coolheaded+1","Force Field","Echo Form","Sweeping Beam+1","Fission+1","Capacitor","Core Surge+1","Creative AI","Blizzard+1","Regret","Recycle","Biased Cognition"],"relics":["Cracked Core","Turnip","infinitespire:Golems Mask","infinitespire:Joker Card","Membership Card","Shovel","Symbiotic Virus","infinitespire:WardingShard","The Courier","War Paint","Bronze Scales","ClockworkSouvenir","Coffee Dripper","infinitespire:PuzzleCube","Vajra","DataDisk","Molten Egg 2","infinitespire:Cupcake","Chemical X","Ancient Tea Set","Oddly Smooth Stone","Bag of Preparation","Red Mask","Smiling Mask","Emotion Chip","Sundial","Question Card","Black Star","NlothsMask","Juzu Bracelet","Akabeko"],"acts_visited":["Exordium","TheCity","TheBeyond","Exordium"],"potions_floor_usage":[48,48,50],"damage_taken":[{"damage":0.0,"enemies":"Small Slimes","floor":1.0,"turns":3.0},{"damage":0.0,"enemies":"Cultist","floor":3.0,"turns":4.0},{"damage":0.0,"enemies":"2 Louse","floor":5.0,"turns":3.0},{"damage":0.0,"enemies":"Gremlin Nob","floor":6.0,"turns":3.0},{"damage":2.0,"enemies":"3 Sentries","floor":8.0,"turns":4.0},{"damage":4.0,"enemies":"3 Sentries","floor":11.0,"turns":6.0},{"damage":0.0,"enemies":"Large Slime","floor":14.0,"turns":5.0},{"damage":0.0,"enemies":"The Guardian","floor":16.0,"turns":6.0},{"damage":2.0,"enemies":"2 Thieves","floor":18.0,"turns":3.0},{"damage":0.0,"enemies":"3 Byrds","floor":20.0,"turns":2.0},{"damage":0.0,"enemies":"3 Cultists","floor":22.0,"turns":4.0},{"damage":0.0,"enemies":"Centurion and Healer","floor":24.0,"turns":6.0},{"damage":0.0,"enemies":"Book of Stabbing","floor":25.0,"turns":5.0},{"damage":0.0,"enemies":"Slavers","floor":27.0,"turns":5.0},{"damage":13.0,"enemies":"Snecko","floor":28.0,"turns":4.0},{"damage":22.0,"enemies":"Nightmare","floor":29.0,"turns":7.0},{"damage":0.0,"enemies":"Cultist and Chosen","floor":30.0,"turns":5.0},{"damage":6.0,"enemies":"Automaton","floor":33.0,"turns":7.0},{"damage":1.0,"enemies":"3 Shapes","floor":35.0,"turns":4.0},{"damage":7.0,"enemies":"Orb Walker","floor":37.0,"turns":5.0},{"damage":6.0,"enemies":"Sphere and 2 Shapes","floor":38.0,"turns":5.0},{"damage":0.0,"enemies":"3 Darklings","floor":39.0,"turns":5.0},{"damage":0.0,"enemies":"Nemesis","floor":40.0,"turns":7.0},{"damage":4.0,"enemies":"Giant Head","floor":42.0,"turns":5.0},{"damage":0.0,"enemies":"4 Shapes","floor":46.0,"turns":3.0},{"damage":16,"enemies":"Nemesis","floor":48,"turns":5},{"damage":33,"enemies":"Donu and Deca","floor":50,"turns":8},{"damage":4,"enemies":"Cultist","floor":52,"turns":3},{"damage":19,"enemies":"Jaw Worm","floor":53,"turns":4},{"damage":0,"enemies":"2 Louse","floor":55,"turns":1},{"damage":3,"enemies":"2 Fungi Beasts","floor":56,"turns":2},{"damage":45,"enemies":"3 Sentries","floor":57,"turns":5},{"damage":30,"enemies":"Nightmare","floor":59,"turns":2}],"seed_played":"-445535416089140733","potions_obtained":[{"floor":1.0,"key":"SneckoOil"},{"floor":3.0,"key":"EntropicBrew"},{"floor":5.0,"key":"FocusPotion"},{"floor":14.0,"key":"DuplicationPotion"},{"floor":16.0,"key":"Block Potion"},{"floor":27.0,"key":"Fruit Juice"},{"floor":33.0,"key":"Swift Potion"},{"floor":38.0,"key":"FocusPotion"},{"floor":40.0,"key":"SkillPotion"},{"floor":46.0,"key":"DuplicationPotion"},{"floor":53,"key":"Regen Potion"},{"floor":56,"key":"BlessingOfTheForge"}],"is_trial":false,"path_per_floor":["M","?","M","?","M","E","R","E","T","R","?","T","$","M","R","B",null,"M","?","M","$","M","R","M","E","T","E","M","NM","M","?","R","B",null,"M","$","M","M","M","E","?","E","T","R","?","M","?","E","R","B",null,"M","M","?","M","M","E","R","NM"],"character_chosen":"DEFECT","items_purchased":["FTL","Capacitor","Glacier","Loop","Membership Card","Shovel","Blizzard","ClockworkSouvenir","Barrage","Loop","Self Repair","infinitespire:PuzzleCube","Coolheaded","Beam Cell","Loop","Loop","Capacitor","Core Surge+1","Chemical X","Ancient Tea Set","Oddly Smooth Stone"],"campfire_rested":1,"item_purchase_floors":[0,0,0,0,0,0,0,13,13,13,13,21,21,21,21,21,36,36,36,36,36],"current_hp_per_floor":[21,21,21,6,6,6,28,26,26,26,22,22,22,29,29,36,65,70,70,70,70,75,75,75,75,75,75,69,54,61,61,61,67,77,80,80,80,74,80,80,80,80,80,80,80,80,80,71,71,52,73,80,61,61,61,65,27,27,0,0],"gold":451,"neow_bonus":"","is_daily":false,"chose_seed":false,"campfire_upgraded":7,"win_rate":0.0,"timestamp":1608271729,"path_taken":["M","?","?","?","M","E","R","E","T","R","?","?","$","M","R","BOSS","M","?","M","$","M","R","M","E","T","E","M","NM","M","?","R","BOSS","M","$","M","M","?","E","?","E","T","R","?","?","?","E","R","BOSS","M","?","?","?","M","E","R","NM"],"items_purchased_type":["Card","Card","Card","Card","Relic","Relic","Card","Relic","Card","Card","Card","Relic","Card","Card","Card","Card","Card","Card","Relic","Relic","Relic"],"build_version":"2020-12-13","purchased_purges":6,"victory":false,"max_hp_per_floor":[75,75,75,75,75,75,75,75,75,75,75,75,75,75,75,75,75,75,75,75,75,75,75,75,75,75,75,75,75,75,75,75,80,80,80,80,80,80,80,80,80,80,80,80,80,80,80,80,80,80,80,80,80,80,80,80,80,80,80,80],"card_choices":[{"not_picked":["Redo","Beam Cell","Stack"],"picked":"SKIP","floor":1.0},{"not_picked":["Stack","Steam"],"picked":"Coolheaded","floor":3.0},{"not_picked":["Turbo","Redo"],"picked":"Rebound","floor":5.0},{"not_picked":["All For One","Redo"],"picked":"Chill","floor":6.0},{"not_picked":["Force Field","Sunder"],"picked":"Defragment","floor":8.0},{"not_picked":["Beam Cell","Conserve Battery"],"picked":"Ball Lightning","floor":11.0},{"not_picked":["Beam Cell","Ball Lightning"],"picked":"Hologram","floor":14.0},{"not_picked":["Reboot","Machine Learning"],"picked":"Fission","floor":16.0},{"not_picked":["White Noise","Ball Lightning","FTL"],"picked":"SKIP","floor":18.0},{"not_picked":["Glacier+1","Coolheaded+1"],"picked":"Defragment+1","floor":20.0},{"not_picked":["Reprogram","Barrage","Beam Cell"],"picked":"SKIP","floor":22.0},{"not_picked":["Streamline","Steam"],"picked":"Defragment","floor":24.0},{"not_picked":["Ball Lightning","Undo+1","Coolheaded"],"picked":"SKIP","floor":25.0},{"not_picked":["Ball Lightning","Undo+1"],"picked":"Coolheaded","floor":25.0},{"not_picked":["Meteor Strike","Thunder Strike","Rebound"],"picked":"SKIP","floor":27.0},{"not_picked":["Streamline","Reinforced Body+1"],"picked":"Force Field","floor":28.0},{"not_picked":["Capacitor","Rainbow"],"picked":"Echo Form","floor":29.0},{"not_picked":["Heatsinks","Reprogram"],"picked":"Sweeping Beam+1","floor":30.0},{"not_picked":["Stack+1","Streamline+1","Recycle"],"picked":"SKIP","floor":35.0},{"not_picked":["FTL+1","Auto Shields","Stack+1"],"picked":"SKIP","floor":37.0},{"not_picked":["Streamline+1","Coolheaded","Hologram+1"],"picked":"SKIP","floor":38.0},{"not_picked":["Streamline+1","Gash+1","Stack"],"picked":"SKIP","floor":39.0},{"not_picked":["Turbo","Rebound+1"],"picked":"Creative AI","floor":40.0},{"not_picked":["Beam Cell+1","Reinforced Body+1"],"picked":"Blizzard+1","floor":42.0},{"not_picked":["Beam Cell+1","Stack"],"picked":"Recycle","floor":46.0},{"not_picked":["Reboot","Sweeping Beam+1","Redo+1"],"picked":"SKIP","floor":48},{"not_picked":["Creative AI","Reboot","Amplify"],"picked":"Biased Cognition","floor":50},{"not_picked":["Coolheaded","Gash+1","Turbo","Reboot"],"picked":"SKIP","floor":52},{"not_picked":["Aggregate","White Noise","Hologram","Coolheaded"],"picked":"SKIP","floor":53},{"not_picked":["Hologram","Static Discharge","Melter+1","Redo"],"picked":"SKIP","floor":55},{"not_picked":["Steam","Capacitor","Hologram","Loop"],"picked":"SKIP","floor":56},{"not_picked":["Redo","Cold Snap+1","Rebound+1","Hello World"],"picked":"SKIP","floor":57}],"player_experience":2715277,"relics_obtained":[{"floor":6.0,"key":"Symbiotic Virus"},{"floor":8.0,"key":"infinitespire:WardingShard"},{"floor":9.0,"key":"The Courier"},{"floor":11.0,"key":"War Paint"},{"floor":12.0,"key":"Bronze Scales"},{"floor":25.0,"key":"Vajra"},{"floor":27.0,"key":"DataDisk"},{"floor":29.0,"key":"Molten Egg 2"},{"floor":40.0,"key":"Bag of Preparation"},{"floor":42.0,"key":"Smiling Mask"},{"floor":43.0,"key":"Emotion Chip"},{"floor":47.0,"key":"Sundial"},{"floor":48,"key":"Question Card"},{"floor":57,"key":"Juzu Bracelet"},{"floor":57,"key":"Akabeko"}],"event_choices":[{"damage_healed":0.0,"max_hp_gain":0.0,"max_hp_loss":0.0,"gold_gain":0.0,"cards_transformed":["Defend_B"],"event_name":"Transmorgrifier","player_choice":"Transformed","floor":2.0,"gold_loss":0.0,"damage_taken":0.0,"cards_obtained":["Darkness"]},{"damage_healed":0.0,"max_hp_gain":0.0,"max_hp_loss":0.0,"gold_gain":0.0,"event_name":"Shining Light","player_choice":"Entered Light","floor":4.0,"gold_loss":0.0,"damage_taken":15.0,"cards_upgraded":["Strike_B","Loop"]},{"damage_healed":0.0,"max_hp_gain":0.0,"max_hp_loss":0.0,"gold_gain":30.0,"event_name":"Dead Adventurer","player_choice":"Searched \u00272\u0027 times","floor":11.0,"gold_loss":0.0,"damage_taken":0.0},{"damage_healed":0.0,"max_hp_gain":0.0,"max_hp_loss":0.0,"gold_gain":0.0,"event_name":"Vampires","player_choice":"Ignored","floor":19.0,"gold_loss":0.0,"damage_taken":0.0},{"damage_healed":0.0,"max_hp_gain":0.0,"max_hp_loss":0.0,"gold_gain":0.0,"event_name":"Duplicator","player_choice":"Copied","floor":31.0,"gold_loss":0.0,"damage_taken":0.0,"cards_obtained":["Fission"]},{"damage_healed":0.0,"max_hp_gain":0.0,"max_hp_loss":0.0,"gold_gain":0.0,"event_name":"Tomb of Lord Red Mask","player_choice":"Paid","floor":41.0,"gold_loss":105.0,"damage_taken":0.0,"relics_obtained":["Red Mask"]},{"damage_healed":0.0,"max_hp_gain":0.0,"max_hp_loss":0.0,"gold_gain":275.0,"event_name":"Golden Shrine","player_choice":"Desecrate","floor":45.0,"gold_loss":0.0,"damage_taken":0.0,"cards_obtained":["Regret"]},{"damage_healed":0.0,"max_hp_gain":0.0,"max_hp_loss":0.0,"gold_gain":0.0,"event_name":"Wheel of Change","player_choice":"Relic","floor":47.0,"gold_loss":0.0,"damage_taken":0.0},{"damage_healed":0,"gold_gain":0,"player_choice":"Trade","damage_taken":0,"relics_obtained":["NlothsMask"],"max_hp_gain":0,"max_hp_loss":0,"event_name":"FaceTrader","floor":54,"gold_loss":0}],"is_beta":false,"boss_relics":[{"not_picked":["Tiny House","Runic Dome"],"picked":"Coffee Dripper"},{"not_picked":["Sozu","Pandora\u0027s Box"],"picked":"infinitespire:Cupcake"},{"not_picked":["Astrolabe","Velvet Choker"],"picked":"Black Star"}],"items_purged_floors":[0,0,0,0,13,36],"is_endless":true,"potions_floor_spawned":[1,3,5,14,16,20,22,27,30,33,38,40,46,53,56],"killed_by":"Nightmare","ascension_level":10}}