{"host":"p4v0hquynnreu717","time":1608311101,"event":{"mods":["BaseMod","Better Vampires","DeckTracker","Googly Eyes","Minty Spire (QoL Compilation)","Quick Restart","StSLib","SuperFastMode"],"gold_per_floor":[109,34,34,34,49,49,82,82,82,94,181,193,17,50,50,50,50],"floor_reached":16,"playtime":257,"items_purged":["Strike_G","Pain"],"score":226,"play_id":"ba8df4c7-c751-4989-988b-a98ff9b18d99","local_time":"20201219010501","is_ascension_mode":true,"campfire_choices":[{"data":"Neutralize","floor":6,"key":"SMITH"},{"data":"Acrobatics","floor":8,"key":"SMITH"},{"data":"Escape Plan","floor":10,"key":"SMITH"},{"data":"Outmaneuver","floor":15,"key":"SMITH"}],"circlet_count":0,"master_deck":["AscendersBane","Strike_G","Strike_G","Strike_G","Strike_G","Defend_G","Defend_G","Defend_G","Defend_G","Survivor","Neutralize+1","Acrobatics+1","Escape Plan+1","Blade Dance","Dash","Outmaneuver+1"],"relics":["Ring of the Snake","NeowsBlessing","WarpedTongs","Thread and Needle","MawBank","Tough Bandages"],"acts_visited":["Exordium"],"potions_floor_usage":[],"damage_taken":[{"damage":0.0,"enemies":"Small Slimes","floor":1.0,"turns":1.0},{"damage":0,"enemies":"Cultist","floor":5,"turns":1},{"damage":1,"enemies":"Gremlin Nob","floor":7,"turns":1},{"damage":6,"enemies":"3 Sentries","floor":14,"turns":11},{"damage":50,"enemies":"Slime Boss","floor":16,"turns":9}],"seed_played":"-7191968074953151067","potions_obtained":[{"floor":1.0,"key":"SpeedPotion"}],"is_trial":false,"path_per_floor":["M","$","?","?","M","R","E","R","T","R","?","$","$","E","R","B"],"character_chosen":"THE_SILENT","items_purchased":["Blade Dance","Dash"],"campfire_rested":0,"item_purchase_floors":[13,13],"current_hp_per_floor":[59,59,59,59,59,59,58,58,58,58,47,47,47,41,41,0,0],"gold":50,"neow_bonus":"THREE_ENEMY_KILL","is_daily":false,"chose_seed":false,"campfire_upgraded":4,"win_rate":0.0,"timestamp":1608311101,"path_taken":["M","$","?","?","?","R","E","R","T","R","?","?","$","E","R","BOSS"],"items_purchased_type":["Card","Card"],"build_version":"2020-12-13","purchased_purges":2,"victory":false,"max_hp_per_floor":[66,66,66,66,66,66,66,66,66,66,66,66,66,66,66,66,66],"card_choices":[{"not_picked":["Dagger Spray","PiercingWail"],"picked":"Acrobatics","floor":1.0},{"not_picked":["Flying Knee","Outmaneuver","Deflect"],"picked":"SKIP","floor":5},{"not_picked":["Prepared","Quick Slash"],"picked":"Escape Plan","floor":7},{"not_picked":["Expertise","Die Die Die"],"picked":"Outmaneuver","floor":14}],"player_experience":742947,"relics_obtained":[{"floor":7,"key":"Thread and Needle"},{"floor":9,"key":"MawBank"},{"floor":14,"key":"Tough Bandages"}],"event_choices":[{"cards_removed":["Defend_G"],"damage_healed":0,"gold_gain":0,"player_choice":"Forget","damage_taken":0,"max_hp_gain":0,"max_hp_loss":0,"event_name":"Living Wall","floor":3,"gold_loss":0},{"damage_healed":0,"gold_gain":0,"player_choice":"Rummage","damage_taken":0,"relics_obtained":["WarpedTongs"],"max_hp_gain":0,"max_hp_loss":0,"event_name":"Accursed Blacksmith","floor":4,"gold_loss":0,"cards_obtained":["Pain"]},{"damage_healed":0,"gold_gain":75,"player_choice":"Gather Gold","damage_taken":11,"max_hp_gain":0,"max_hp_loss":0,"event_name":"World of Goop","floor":11,"gold_loss":0}],"is_beta":false,"boss_relics":[],"items_purged_floors":[2,13],"is_endless":false,"potions_floor_spawned":[1],"killed_by":"Slime Boss","ascension_level":15}}