{"host":"bq4pt811tk9yrmjl","time":1608253333,"event":{"mods":["AchievementEnabler","BaseMod","Colored Map","Colored Powertips","Defuse TimeMaze Blight","Minty Spire (QoL Compilation)","StSLib","SuperFastMode","UnlockEverythingMod"],"gold_per_floor":[119,119,132,151,151,151,185,209,209,61,100,100,113,137,137,261,324,340,62,62,87,24,24,123,154,180,180,200,200,220,244,244,244,244],"floor_reached":33,"playtime":641,"items_purged":["Writhe"],"score":343,"play_id":"2301a606-446c-4084-8f2f-e995b350ff05","local_time":"20201217230213","is_ascension_mode":true,"campfire_choices":[{"data":"Loop","floor":6.0,"key":"SMITH"},{"floor":12,"key":"REST"},{"data":"Defragment","floor":15,"key":"SMITH"},{"data":"Capacitor","floor":23,"key":"SMITH"},{"floor":27,"key":"REST"},{"floor":32,"key":"REST"}],"circlet_count":0,"master_deck":["Strike_B","Strike_B","Strike_B","Strike_B","Defend_B","Defend_B","Defend_B","Defend_B","Zap+1","Dualcast","Loop+1","Reinforced Body","Ball Lightning","Tempest","Defragment+1","Leap+1","Conserve Battery","Go for the Eyes","Echo Form","Capacitor+1","Double Energy+1"],"relics":["Cracked Core","NeowsBlessing","Golden Idol","Bottled Tornado","FossilizedHelix","MealTicket","Calipers","Tiny House","Cables","MawBank","Omamori"],"acts_visited":["Exordium","TheCity"],"potions_floor_usage":[11,18,25,25,33],"damage_taken":[{"damage":0.0,"enemies":"Jaw Worm","floor":1.0,"turns":1.0},{"damage":0.0,"enemies":"Cultist","floor":3.0,"turns":1.0},{"damage":0.0,"enemies":"2 Louse","floor":4.0,"turns":1.0},{"damage":12.0,"enemies":"Lagavulin","floor":7.0,"turns":7.0},{"damage":1.0,"enemies":"2 Fungi Beasts","floor":8.0,"turns":3.0},{"damage":12,"enemies":"3 Sentries","floor":11,"turns":5},{"damage":0,"enemies":"Looter","floor":13,"turns":2},{"damage":14,"enemies":"3 Louse","floor":14,"turns":3},{"damage":0,"enemies":"Slime Boss","floor":16,"turns":6},{"damage":17,"enemies":"2 Thieves","floor":18,"turns":4},{"damage":7,"enemies":"Spheric Guardian","floor":21,"turns":4},{"damage":58,"enemies":"Slavers","floor":25,"turns":5},{"damage":5,"enemies":"Chosen and Byrds","floor":28,"turns":5},{"damage":32,"enemies":"Shelled Parasite and Fungi","floor":30,"turns":6},{"damage":8,"enemies":"Snecko","floor":31,"turns":4},{"damage":33,"enemies":"Champ","floor":33,"turns":9}],"seed_played":"-2927994460897127845","potions_obtained":[{"floor":1.0,"key":"Swift Potion"},{"floor":3.0,"key":"SpeedPotion"},{"floor":7.0,"key":"Fruit Juice"},{"floor":8.0,"key":"Swift Potion"},{"floor":16,"key":"PowerPotion"},{"floor":17,"key":"SneckoOil"},{"floor":21,"key":"Block Potion"},{"floor":31,"key":"SkillPotion"}],"is_trial":false,"path_per_floor":["M","?","M","M","?","R","E","M","T","$","E","R","M","M","R","B",null,"M","$","?","M","$","R","?","E","T","R","M","?","M","M","R","B"],"character_chosen":"DEFECT","items_purchased":["MealTicket","Cables","Capacitor"],"campfire_rested":3,"item_purchase_floors":[10,19,19],"current_hp_per_floor":[75,75,75,75,57,57,50,49,49,49,37,61,61,47,47,47,85,68,83,83,76,85,85,85,27,27,52,47,47,15,7,32,0,0],"gold":244,"neow_bonus":"THREE_ENEMY_KILL","is_daily":false,"chose_seed":false,"campfire_upgraded":3,"win_rate":0.0,"timestamp":1608253333,"path_taken":["M","?","M","?","?","R","E","M","T","$","E","R","M","M","R","BOSS","M","$","?","M","$","R","?","E","T","R","M","?","M","M","R","BOSS"],"items_purchased_type":["Relic","Relic","Card"],"build_version":"2020-12-13","purchased_purges":1,"victory":false,"max_hp_per_floor":[75,75,75,75,75,75,80,80,80,80,80,80,80,80,80,80,85,85,85,85,85,85,85,85,85,85,85,85,85,85,85,85,85,85],"card_choices":[{"not_picked":["Tempest","Force Field"],"picked":"Loop","floor":1.0},{"not_picked":["Fusion","Loop"],"picked":"Reinforced Body","floor":3.0},{"not_picked":["Doom and Gloom","Self Repair"],"picked":"Ball Lightning","floor":4.0},{"not_picked":["Hello World","Recycle"],"picked":"Tempest","floor":7.0},{"not_picked":["Beam Cell","Streamline"],"picked":"Defragment","floor":8.0},{"not_picked":["Turbo","Gash"],"picked":"Leap","floor":11},{"not_picked":["Streamline","All For One"],"picked":"Conserve Battery","floor":13},{"not_picked":["Beam Cell","Redo"],"picked":"Go for the Eyes","floor":14},{"not_picked":["Creative AI","Hyperbeam"],"picked":"Echo Form","floor":16},{"not_picked":["Gash","Ball Lightning","Coolheaded"],"picked":"SKIP","floor":18},{"not_picked":["Rebound","Chaos","Turbo"],"picked":"SKIP","floor":21},{"not_picked":["Biased Cognition","FTL","Leap"],"picked":"SKIP","floor":25},{"not_picked":["Glacier+1","Steam"],"picked":"Double Energy+1","floor":28},{"not_picked":["Conserve Battery","Gash","Leap"],"picked":"SKIP","floor":30},{"not_picked":["Genetic Algorithm","Leap","Lockon"],"picked":"SKIP","floor":31}],"player_experience":69197,"relics_obtained":[{"floor":7.0,"key":"Bottled Tornado"},{"floor":9.0,"key":"FossilizedHelix"},{"floor":11,"key":"Calipers"},{"floor":25,"key":"Omamori"}],"event_choices":[{"damage_healed":0.0,"max_hp_gain":0.0,"max_hp_loss":0.0,"gold_gain":0.0,"event_name":"Accursed Blacksmith","player_choice":"Forge","floor":2.0,"gold_loss":0.0,"damage_taken":0.0,"cards_upgraded":["Zap"]},{"damage_healed":0.0,"max_hp_gain":0.0,"max_hp_loss":0.0,"gold_gain":0.0,"event_name":"Golden Idol","player_choice":"Take Damage","floor":5.0,"gold_loss":0.0,"damage_taken":18.0,"relics_obtained":["Golden Idol"]},{"damage_healed":0,"gold_gain":0,"player_choice":"Opened","damage_taken":0,"relics_obtained":["MawBank"],"max_hp_gain":0,"max_hp_loss":0,"event_name":"The Mausoleum","floor":20,"gold_loss":0,"cards_obtained":["Writhe"]},{"damage_healed":0,"gold_gain":99,"player_choice":"Stole From Cult","damage_taken":0,"max_hp_gain":0,"max_hp_loss":0,"event_name":"Nest","floor":24,"gold_loss":0},{"damage_healed":0,"gold_gain":0,"player_choice":"Cursed","damage_taken":0,"max_hp_gain":0,"max_hp_loss":0,"event_name":"Wheel of Change","floor":29,"gold_loss":0,"cards_obtained":["Decay"]}],"is_beta":false,"boss_relics":[{"not_picked":["Pandora\u0027s Box","Coffee Dripper"],"picked":"Tiny House"}],"items_purged_floors":[22],"is_endless":false,"potions_floor_spawned":[1,3,7,8,16,21,31],"killed_by":"Champ","ascension_level":1}}