{"host":"eav5i5w47nlnv2l1","time":1608325491,"event":{"mods":["BaseMod","Minty Spire (QoL Compilation)"],"gold_per_floor":[110,110,129,129,54,54,71,71,71,82,97,97,128,128,128,228,228,243,255,255,266,279,279,292,292,319,319,350,350,162,179,179,282,282,298,227,241,241,255,280,280,311,337,5,5,5,19,39,39,39,39],"floor_reached":50,"playtime":3647,"items_purged":["Strike_P","Regret","Decay"],"score":522,"play_id":"ae447aed-c7a7-473f-bbc0-ef3414ea7493","local_time":"20201218160451","is_ascension_mode":false,"campfire_choices":[{"data":"Eruption","floor":6,"key":"SMITH"},{"data":"Defend_P","floor":8,"key":"SMITH"},{"data":"EmptyFist","floor":12,"key":"SMITH"},{"data":"Vault","floor":15,"key":"SMITH"},{"floor":23,"key":"REST"},{"floor":25,"key":"REST"},{"data":"DevaForm","floor":27,"key":"SMITH"},{"floor":32,"key":"REST"},{"floor":41,"key":"REST"},{"data":"Alpha","floor":46,"key":"SMITH"},{"floor":49,"key":"REST"}],"circlet_count":0,"master_deck":["Defend_P","Defend_P+1","Defend_P","Defend_P","Eruption+1","Vigilance+1","EmptyFist+1","FlyingSleeves","ClearTheMind","Wallop","Pray+1","ClearTheMind+1","Vault+1","DevaForm+1","ReachHeaven+1","Prostrate+1","SashWhip+1","LessonLearned+1","Dramatic Entrance+1","Vault","TalkToTheHand+1","Alpha+1","DeceiveReality","Perseverance"],"relics":["PureWater","Pantograph","Molten Egg 2","InkBottle","Cursed Key","Boot","Shuriken","Black Star","Bottled Flame","Happy Flower","Thread and Needle","PreservedInsect","Dream Catcher","MawBank"],"acts_visited":["Exordium","TheCity","TheBeyond"],"potions_floor_usage":[13,16,19,19,28,37,39,40,42,50,50],"damage_taken":[{"damage":0,"enemies":"Small Slimes","floor":1,"turns":2},{"damage":0,"enemies":"2 Louse","floor":3,"turns":1},{"damage":0,"enemies":"Cultist","floor":7,"turns":2},{"damage":0,"enemies":"2 Fungi Beasts","floor":10,"turns":3},{"damage":0,"enemies":"Red Slaver","floor":11,"turns":4},{"damage":6,"enemies":"Lagavulin","floor":13,"turns":5},{"damage":11,"enemies":"Slime Boss","floor":16,"turns":12},{"damage":7,"enemies":"Spheric Guardian","floor":18,"turns":5},{"damage":1,"enemies":"2 Thieves","floor":19,"turns":4},{"damage":16,"enemies":"Sentry and Sphere","floor":21,"turns":5},{"damage":16,"enemies":"Snake Plant","floor":22,"turns":6},{"damage":3,"enemies":"Shelled Parasite and Fungi","floor":24,"turns":5},{"damage":15,"enemies":"Slavers","floor":28,"turns":8},{"damage":0,"enemies":"Centurion and Healer","floor":31,"turns":2},{"damage":6,"enemies":"Champ","floor":33,"turns":9},{"damage":0,"enemies":"3 Shapes","floor":35,"turns":7},{"damage":0,"enemies":"3 Darklings","floor":37,"turns":8},{"damage":6,"enemies":"4 Shapes","floor":39,"turns":6},{"damage":7,"enemies":"Giant Head","floor":40,"turns":8},{"damage":15,"enemies":"Reptomancer","floor":42,"turns":9},{"damage":13,"enemies":"Transient","floor":47,"turns":5},{"damage":16,"enemies":"Writhing Mass","floor":48,"turns":8},{"damage":66,"enemies":"Time Eater","floor":50,"turns":12}],"seed_played":"-8918670553344291197","potions_obtained":[{"floor":3,"key":"EssenceOfSteel"},{"floor":7,"key":"SpeedPotion"},{"floor":11,"key":"Explosive Potion"},{"floor":13,"key":"PowerPotion"},{"floor":18,"key":"SpeedPotion"},{"floor":19,"key":"FearPotion"},{"floor":22,"key":"SpeedPotion"},{"floor":29,"key":"SkillPotion"},{"floor":39,"key":"EntropicBrew"}],"is_trial":false,"path_per_floor":["M","?","M","?","$","R","M","R","T","M","M","R","E","$","R","B",null,"M","M","?","M","M","R","M","R","T","R","E","?","$","M","R","B",null,"M","$","M","T","M","E","R","E","T","$","?","R","M","M","R","B"],"character_chosen":"WATCHER","items_purchased":["Dramatic Entrance+1","TalkToTheHand+1","Alpha","DeceiveReality"],"campfire_rested":5,"item_purchase_floors":[30,36,44,44],"current_hp_per_floor":[65,58,58,51,51,51,51,51,51,51,51,51,45,45,45,54,65,58,57,57,41,25,44,41,60,60,60,45,45,45,45,64,59,65,65,65,65,65,59,52,65,50,50,50,50,50,37,21,40,0,0],"gold":39,"neow_bonus":"TRANSFORM_TWO_CARDS","is_daily":false,"chose_seed":false,"campfire_upgraded":6,"win_rate":0.0,"timestamp":1608325491,"path_taken":["M","?","M","?","$","R","M","R","T","M","M","R","E","$","R","BOSS","M","M","?","M","M","R","M","R","T","R","E","?","$","M","R","BOSS","M","$","M","?","M","E","R","E","T","$","?","R","?","M","R","BOSS"],"items_purchased_type":["Card","Card","Card","Card"],"build_version":"2020-12-13","purchased_purges":3,"victory":false,"max_hp_per_floor":[65,65,65,65,65,65,65,65,65,65,65,65,65,65,65,65,65,65,65,65,65,65,65,65,65,65,65,65,65,65,65,65,65,65,65,65,65,65,65,65,65,65,65,65,65,65,65,65,65,65,65],"card_choices":[{"not_picked":["BowlingBash","Protect","FollowUp"],"picked":"SKIP","floor":1},{"not_picked":["FlurryOfBlows","Worship"],"picked":"ClearTheMind","floor":3},{"not_picked":["CutThroughFate","PathToVictory"],"picked":"Wallop","floor":7},{"not_picked":["Weave+1","WreathOfFlame"],"picked":"Pray","floor":10},{"not_picked":["Sanctity","BowlingBash+1"],"picked":"ClearTheMind","floor":11},{"not_picked":["EmptyFist+1","Indignation"],"picked":"Vault","floor":13},{"not_picked":["LessonLearned+1","Blasphemy"],"picked":"DevaForm","floor":16},{"not_picked":["CutThroughFate+1","FlyingSleeves+1"],"picked":"ReachHeaven+1","floor":18},{"not_picked":["CrushJoints+1","Pray","Protect"],"picked":"SKIP","floor":19},{"not_picked":["PathToVictory","Halt"],"picked":"SashWhip+1","floor":21},{"not_picked":["FearNoEvil+1","Tantrum+1"],"picked":"LessonLearned+1","floor":22},{"not_picked":["SashWhip+1","FlurryOfBlows+1","Crescendo"],"picked":"SKIP","floor":24},{"not_picked":["WreathOfFlame","CarveReality+1","Conclude+1"],"picked":"SKIP","floor":28},{"not_picked":["CarveReality+1","PathToVictory+1","ClearTheMind"],"picked":"SKIP","floor":31},{"not_picked":["DeusExMachina","Omniscience"],"picked":"Vault","floor":33},{"not_picked":["EmptyMind+1","PathToVictory+1","EmptyFist+1"],"picked":"SKIP","floor":35},{"not_picked":["ForeignInfluence+1","FlurryOfBlows+1","FearNoEvil+1"],"picked":"SKIP","floor":37},{"not_picked":["BowlingBash+1","Halt","FollowUp+1"],"picked":"SKIP","floor":39},{"not_picked":["Nirvana","FlurryOfBlows+1","ThirdEye"],"picked":"SKIP","floor":40},{"not_picked":["Evaluate+1","FearNoEvil+1","Consecrate+1"],"picked":"SKIP","floor":42},{"not_picked":["Crescendo+1","EmptyBody+1"],"picked":"Perseverance","floor":47},{"not_picked":["JustLucky+1","Crescendo","WindmillStrike+1"],"picked":"SKIP","floor":48}],"player_experience":1403554,"relics_obtained":[{"floor":9,"key":"Molten Egg 2"},{"floor":13,"key":"InkBottle"},{"floor":26,"key":"Boot"},{"floor":28,"key":"Shuriken"},{"floor":38,"key":"Bottled Flame"},{"floor":40,"key":"Happy Flower"},{"floor":40,"key":"Thread and Needle"},{"floor":42,"key":"PreservedInsect"},{"floor":42,"key":"Dream Catcher"},{"floor":43,"key":"MawBank"}],"event_choices":[{"damage_healed":0,"gold_gain":0,"player_choice":"Success","damage_taken":7,"relics_obtained":["Pantograph"],"max_hp_gain":0,"max_hp_loss":0,"event_name":"Scrap Ooze","floor":2,"gold_loss":0},{"cards_removed":["Strike_P"],"damage_healed":0,"gold_gain":0,"player_choice":"Card Removal","damage_taken":7,"max_hp_gain":0,"max_hp_loss":0,"event_name":"Golden Wing","floor":4,"gold_loss":0},{"damage_healed":0,"gold_gain":0,"player_choice":"Read","damage_taken":0,"max_hp_gain":0,"max_hp_loss":0,"event_name":"The Library","floor":20,"gold_loss":0,"cards_obtained":["Prostrate"]},{"damage_healed":0,"gold_gain":0,"player_choice":"Got Potions","damage_taken":0,"max_hp_gain":0,"max_hp_loss":0,"event_name":"Lab","floor":29,"gold_loss":0},{"cards_removed":["Regret"],"damage_healed":0,"gold_gain":0,"player_choice":"Purged","damage_taken":0,"max_hp_gain":0,"max_hp_loss":0,"event_name":"Purifier","floor":45,"gold_loss":0}],"is_beta":false,"boss_relics":[{"not_picked":["HolyWater","Busted Crown"],"picked":"Cursed Key"},{"not_picked":["VioletLotus","Velvet Choker"],"picked":"Black Star"}],"items_purged_floors":[5,30,44],"is_endless":false,"potions_floor_spawned":[3,7,11,13,18,19,22,33,39,48],"killed_by":"Time Eater","ascension_level":0}}