{"host":"u2dm6glrpyjr66v9","time":1608277978,"event":{"mods":["AchievementEnabler","BaseMod","CapriCore","Colored Map","Colored Powertips","DeckTracker","Friendly Minions","KomeijiMod","Minty Spire (QoL Compilation)","Quick Restart","StSLib","SuperFastMode"],"gold_per_floor":[112,177,177,24,24,58,58,86,110,110,144,175,32,66,66,163,163,192,204,234,246,290,302,331,374,386,398,443,455,467,497,509,622,634,664,576,588,600,600],"floor_reached":38,"playtime":1513,"items_purged":["Regret"],"score":562,"play_id":"42342162-ce37-4311-9685-a309954df3b8","local_time":"20201218165258","daily_mods":["Draft","Heirloom","Time Dilation","Flight","DeadlyEvents","Elite Swarm"],"is_ascension_mode":false,"campfire_choices":[{"data":"HagoromoKu","floor":7,"key":"SMITH"},{"data":"GroundStardust+1","floor":10,"key":"SWEEP"},{"data":"HisouTensoku","floor":15,"key":"SMITH"},{"data":"TerribleSouvenir","floor":23,"key":"SMITH"},{"data":"NarrowSpark","floor":27,"key":"SMITH"},{"data":"KokorosuKi+1","floor":29,"key":"SWEEP"},{"data":"DemonLordCradle","floor":32,"key":"SMITH"}],"circlet_count":0,"master_deck":["DochyakuKami+1","RikonNoKama+1","Agarareta+1","RoshinSou+1","DochyakuKami+1","Mishyaguji+1","RikonNoKama+1","Mishyaguji+1","YoukiSo+1","DemonLordCradle+1","Sabishigari+1","KinbakuJin+1","Sabishigari+1","HagoromoKu+1","Sabishigari+1","HisouTensoku+1","NarrowSpark+1","JigokuNoTaiyou","GroundStardust+1","TerribleSouvenir+1","CurseOfTheBell","KouPou+1","AbyssNova+1","KokorosuKi+1","KokorosuKi+1","DochyakuKami+1","CS_Komachi","RikonNoKama+1","LittleLegion+1"],"relics":["KomeijisEye","SpellCardsRule","MusicBox","Bird Faced Urn","Incense Burner","CrystalOfMemory","Blue Candle","Happy Flower","FossilizedHelix","Bag of Preparation","Lantern","Ginger","Calling Bell","MawBank","Molten Egg 2","Lizard Tail","Frozen Egg 2","Bottled Flame","TungstenRod","MealTicket","Pocketwatch","Black Star"],"acts_visited":["Exordium","TheCity","TheBeyond"],"potions_floor_usage":[],"damage_taken":[{"damage":2,"enemies":"Small Slimes","floor":1,"turns":3},{"damage":12,"enemies":"Gremlin Nob","floor":6,"turns":3},{"damage":17,"enemies":"3 Sentries","floor":8,"turns":4},{"damage":7,"enemies":"Lagavulin","floor":11,"turns":4},{"damage":6,"enemies":"3 Sentries","floor":12,"turns":3},{"damage":0,"enemies":"Lagavulin","floor":14,"turns":4},{"damage":0,"enemies":"Hexaghost","floor":16,"turns":3},{"damage":7,"enemies":"Shell Parasite","floor":18,"turns":4},{"damage":0,"enemies":"Chosen","floor":20,"turns":4},{"damage":33,"enemies":"Slavers","floor":22,"turns":5},{"damage":1,"enemies":"Centurion and Healer","floor":24,"turns":3},{"damage":2,"enemies":"Book of Stabbing","floor":25,"turns":3},{"damage":20,"enemies":"Slavers","floor":28,"turns":7},{"damage":0,"enemies":"3 Cultists","floor":31,"turns":3},{"damage":56,"enemies":"Champ","floor":33,"turns":10},{"damage":10,"enemies":"3 Shapes","floor":35,"turns":4},{"damage":65,"enemies":"Giant Head","floor":38,"turns":9}],"seed_played":"2149579068929060245","potions_obtained":[{"floor":6,"key":"LiquidBronze"},{"floor":16,"key":"Energy Potion"},{"floor":18,"key":"Fire Potion"}],"is_trial":true,"path_per_floor":["M","?","?","$","?","E","R","E","T","R","E","E","$","E","R","B",null,"M","?","M","?","E","R","M","E","T","R","E","R","T","M","R","B",null,"M","?","$","E"],"character_chosen":"KomeijiSatori","items_purchased":["HisouTensoku","Lantern"],"campfire_rested":0,"item_purchase_floors":[4,13],"current_hp_per_floor":[48,48,48,48,48,38,38,27,27,32,28,30,30,39,39,50,50,48,48,50,50,21,21,22,30,30,30,20,25,25,28,28,30,50,41,41,50,0,0],"gold":600,"neow_bonus":"","is_daily":false,"chose_seed":false,"campfire_upgraded":5,"win_rate":0.0,"timestamp":1608277978,"path_taken":["M","?","?","$","?","E","R","E","T","R","E","?","$","E","R","BOSS","M","?","?","?","?","R","?","E","T","R","?","R","?","?","R","BOSS","M","?","?","?"],"items_purchased_type":["Card","Relic"],"build_version":"2020-12-13","purchased_purges":1,"victory":false,"max_hp_per_floor":[50,50,50,50,50,50,50,50,50,50,50,50,50,50,50,50,50,50,50,50,50,50,50,50,50,50,50,50,50,50,50,50,50,50,50,50,50,50,50],"card_choices":[{"not_picked":["Agarareta+1","ArtfulChanter"],"picked":"DochyakuKami+1","floor":0},{"not_picked":["NingyouOkisou+1","SelfTokamak"],"picked":"RikonNoKama+1","floor":0},{"not_picked":["KeiseiJin+1","ShyakuBuku"],"picked":"Agarareta+1","floor":0},{"not_picked":["Melting","SeekerWire+1"],"picked":"RoshinSou+1","floor":0},{"not_picked":["SeekerWire+1","NingyouKasou+1"],"picked":"DochyakuKami+1","floor":0},{"not_picked":["SeekerDolls","NingyouSousou+1"],"picked":"Mishyaguji+1","floor":0},{"not_picked":["NingyouKisou+1","DochyakuKami+1"],"picked":"RikonNoKama+1","floor":0},{"not_picked":["NingyouShinki+1","DemonLordCradle"],"picked":"Mishyaguji+1","floor":0},{"not_picked":["NingyouKisou+1","KimairaNoYoku"],"picked":"YoukiSo+1","floor":0},{"not_picked":["NingyouSP+1","Mishyaguji+1"],"picked":"DemonLordCradle","floor":0},{"not_picked":["Mishyaguji+1","InscribeRedSoul"],"picked":"Sabishigari+1","floor":0},{"not_picked":["KeiseiJin+1","NingyouKisou+1"],"picked":"KinbakuJin+1","floor":0},{"not_picked":["NingyouKasou+1","HisouNoKen"],"picked":"MajikuruSanhai+1","floor":0},{"not_picked":["NingyouOkisou+1","RoshinSou+1"],"picked":"Sabishigari+1","floor":0},{"not_picked":["NarrowSpark","DemonLordCradle"],"picked":"HagoromoKu","floor":0},{"not_picked":["Melting","NingyouKisou+1"],"picked":"Sabishigari+1","floor":1},{"not_picked":["TenguhouSokujitsuken","AbyssNova","EverywhereHibernate"],"picked":"SKIP","floor":6},{"not_picked":["WumiGaWareru","MiraiBunraku","MunenMusou"],"picked":"SKIP","floor":8},{"not_picked":["HelanNingyou","WumiGaWareru","HisouTensoku"],"picked":"SKIP","floor":11},{"not_picked":["MiraiBunraku","SemiAutomaton"],"picked":"TerribleSouvenir","floor":12},{"not_picked":["ShanghaiNingyou","AbyssNova","MiraiBunraku"],"picked":"SKIP","floor":14},{"not_picked":["KinbakuJin+1","Mishyaguji+1"],"picked":"SeishiRoten+1","floor":18},{"not_picked":["HisouNoKen+1","KinbakuJin+1"],"picked":"KouPou+1","floor":20},{"not_picked":["MiraiBunraku+1","JigokuNoTaiyou+1"],"picked":"AbyssNova+1","floor":22},{"not_picked":["SuitokuNoKyoryu+1","KeiseiJin+1"],"picked":"KokorosuKi+1","floor":24},{"not_picked":["AbyssNova+1","TenguhouSokujitsuken+1","ShanghaiNingyou"],"picked":"SKIP","floor":25},{"not_picked":["TerribleSouvenir","JigokuNoTaiyou+1","LunaticRedEyes+1"],"picked":"SKIP","floor":28},{"not_picked":["NingyouSousou+1","MusuNoYume","NingyouKisou+1"],"picked":"SKIP","floor":31},{"not_picked":["DemonLordCradle+1","KouPou+1","NingyouSP+1"],"picked":"SKIP","floor":35},{"not_picked":["SeekerDolls","NingyouSousou+1"],"picked":"DochyakuKami+1","floor":36},{"not_picked":["JyouchiJin+1","GroundStardust+1"],"picked":"RikonNoKama+1","floor":36},{"not_picked":["HisouNoKen+1","ArtfulChanter+1"],"picked":"LittleLegion+1","floor":36}],"player_experience":112112,"relics_obtained":[{"floor":6,"key":"CrystalOfMemory"},{"floor":8,"key":"Blue Candle"},{"floor":9,"key":"Happy Flower"},{"floor":11,"key":"FossilizedHelix"},{"floor":12,"key":"Bag of Preparation"},{"floor":14,"key":"Ginger"},{"floor":17,"key":"MawBank"},{"floor":17,"key":"Molten Egg 2"},{"floor":17,"key":"Lizard Tail"},{"floor":22,"key":"Frozen Egg 2"},{"floor":25,"key":"Bottled Flame"},{"floor":26,"key":"TungstenRod"},{"floor":28,"key":"MealTicket"},{"floor":30,"key":"Pocketwatch"}],"event_choices":[{"damage_healed":0,"gold_gain":65,"player_choice":"Gained Gold","damage_taken":0,"max_hp_gain":0,"max_hp_loss":0,"event_name":"Golden Wing","floor":2,"gold_loss":0},{"damage_healed":0,"gold_gain":0,"player_choice":"Box","damage_taken":0,"relics_obtained":["Incense Burner"],"max_hp_gain":0,"max_hp_loss":0,"event_name":"Big Fish","floor":3,"gold_loss":0,"cards_obtained":["Regret"]},{"damage_healed":0,"gold_gain":0,"player_choice":"2 cards matched","damage_taken":0,"max_hp_gain":0,"max_hp_loss":0,"event_name":"Match and Keep!","floor":5,"gold_loss":0,"cards_obtained":["NarrowSpark","JigokuNoTaiyou"]},{"damage_healed":0,"gold_gain":0,"player_choice":"Ignored","damage_taken":0,"max_hp_gain":0,"max_hp_loss":0,"event_name":"Vampires","floor":19,"gold_loss":0},{"cards_removed":["CS_Komachi"],"damage_healed":0,"gold_gain":0,"player_choice":"Purged","damage_taken":0,"max_hp_gain":0,"max_hp_loss":0,"event_name":"Purifier","floor":21,"gold_loss":0}],"is_beta":false,"boss_relics":[{"not_picked":["Runic Dome","Empty Cage"],"picked":"Calling Bell"},{"not_picked":["Philosopher\u0027s Stone","Coffee Dripper"],"picked":"Black Star"}],"items_purged_floors":[4],"is_endless":false,"potions_floor_spawned":[6,16,18,22,28,31],"killed_by":"Giant Head","ascension_level":0}}