{"host":"npubv26u89aif4fa","time":1608275333,"event":{"mods":["Astrologer","BaseMod","Better Vampires","Colored Powertips","GifTheSpireLib","GungeonMod","HornydragonMod","Hubris","Jedi Mod","Minty Spire (QoL Compilation)","Nova Terra(诺娃・泰拉)","Quick Restart","Remilia（蕾米莉亚）","Replay The Spire","StSLib","Td1madao Mod","The Administrix","The Alterego","The Bug Knight","The Cursed","The Dragon Tamer","The Hayseed","The Runesmith","TheWitcher","Yuri Mod","Yuyuko","【东方二次创作】八云紫mod"],"gold_per_floor":[117,166,166,177,177,192,192,207,207,207,232,232,262,42,42,139,139,151,256,276,293,312,345,345,359,386,386,404,704,498,498],"floor_reached":30,"playtime":2530,"items_purged":["Regret"],"score":285,"play_id":"7835c53f-b4cb-48b2-9eba-bffa7dd2daa2","local_time":"20201218150853","is_ascension_mode":false,"campfire_choices":[{"floor":10.0,"key":"RECALL"},{"data":"alterego_mod:BigMeatyClaws","floor":24.0,"key":"SMITH"}],"circlet_count":0,"master_deck":["alterego_mod:Strike","alterego_mod:Strike","alterego_mod:Strike","alterego_mod:Strike","alterego_mod:Defend","alterego_mod:Defend","alterego_mod:Defend","alterego_mod:Impale","alterego_mod:BigMeatyClaws+1","alterego_mod:BrynhildrsRune","Hallucinations","alterego_mod:Mirror","alterego_mod:RocketPunch+1","alterego_mod:Lift+1","alterego_mod:Support","alterego_mod:VirginLaserPalladion","alterego_mod:DiscoLights+1","alterego_mod:DiscoLights","alterego_mod:PurpleHair","alterego_mod:Lingerie","alterego_mod:BeGentle","alterego_mod:SakuraFive","alterego_mod:Undulate","alterego_mod:Punishment","alterego_mod:MagicResistance","J.A.X.","alterego_mod:Crossover","Greed_TH"],"relics":["alterego_mod:MasochisticConstitution","Gambling Chip","ReplayTheSpireMod:Ring of Exchange","hubris:TinFlute","jedi:crownofsimplicity","Vajra","Replay:Kaleidoscope","Bronze Scales","hubris:VirtuousBlindfold","Bottled Tornado","jedi:shrinkray","DemoMod:GlassGuonStoneRelic","ReplayTheSpireMod:Lightbulb"],"acts_visited":["Exordium","TheCity"],"potions_floor_usage":[],"damage_taken":[{"damage":0.0,"enemies":"Cultist","floor":1.0,"turns":4.0},{"damage":10.0,"enemies":"Small Slimes","floor":4.0,"turns":3.0},{"damage":0.0,"enemies":"Jaw Worm","floor":6.0,"turns":5.0},{"damage":6.0,"enemies":"Large Slime","floor":8.0,"turns":4.0},{"damage":24.0,"enemies":"3 Sentries","floor":11.0,"turns":7.0},{"damage":0.0,"enemies":"Gremlin Nob","floor":13.0,"turns":2.0},{"damage":13.0,"enemies":"Fading Forest","floor":16.0,"turns":11.0},{"damage":10.0,"enemies":"2 Thieves","floor":18.0,"turns":3.0},{"damage":3.0,"enemies":"Spheric Guardian","floor":20.0,"turns":3.0},{"damage":10.0,"enemies":"3 Cultists","floor":21.0,"turns":7.0},{"damage":7.0,"enemies":"Snecko","floor":22.0,"turns":5.0},{"damage":25.0,"enemies":"HollowMod:Nosk","floor":23.0,"turns":7.0},{"damage":22.0,"enemies":"Snake Plant","floor":25.0,"turns":2.0},{"damage":10.0,"enemies":"Shelled Parasite and Fungi","floor":28.0,"turns":3.0}],"seed_played":"5408937449479912388","potions_obtained":[{"floor":8.0,"key":"Swift Potion"},{"floor":11.0,"key":"AttackPotion"},{"floor":20.0,"key":"ColorlessPotion"},{"floor":22.0,"key":"Adrenaline Potion"},{"floor":28.0,"key":"DemoMod:LeadSkinPotion"}],"is_trial":false,"path_per_floor":["M","T","?","M","?","M","?","M","T","R","E","?","E","$","R","B",null,"M","?","M","M","M","E","R","M","T","?","M","?","$"],"character_chosen":"The_Alterego","items_purchased":["Bronze Scales","ReplayTheSpireMod:Lightbulb"],"campfire_rested":0,"item_purchase_floors":[14,30],"current_hp_per_floor":[49,49,49,40,40,40,40,35,35,35,12,12,12,12,33,31,74,65,65,63,61,62,38,38,17,17,17,8,8,0,0],"gold":498,"neow_bonus":"ONE_RARE_RELIC","is_daily":false,"chose_seed":false,"campfire_upgraded":1,"win_rate":0.0,"timestamp":1608275333,"path_taken":["M","?","?","M","?","M","?","?","T","R","E","?","E","$","R","BOSS","M","?","M","M","M","E","R","M","T","?","M","?","$"],"items_purchased_type":["Relic","Relic"],"build_version":"2020-12-13","purchased_purges":1,"victory":false,"max_hp_per_floor":[70,70,70,71,71,71,71,72,72,72,73,73,73,73,73,74,74,75,75,76,77,78,79,79,80,80,80,81,81,81,81],"card_choices":[{"not_picked":["alterego_mod:1TonWallop","alterego_mod:GoddessCore"],"picked":"alterego_mod:Clap","floor":1.0},{"not_picked":["alterego_mod:DestructionOfProperty","alterego_mod:Skirt"],"picked":"alterego_mod:Mirror","floor":4.0},{"not_picked":["alterego_mod:Pet","alterego_mod:PerceptionDisorder"],"picked":"alterego_mod:RocketPunch","floor":6.0},{"not_picked":["alterego_mod:Skirt","alterego_mod:IdEs","alterego_mod:Jiggle"],"picked":"SKIP","floor":8.0},{"not_picked":["alterego_mod:Complex","alterego_mod:Jiggle","alterego_mod:DiscoLights"],"picked":"SKIP","floor":11.0},{"not_picked":["alterego_mod:1TonWallop","alterego_mod:SakuraPetals"],"picked":"alterego_mod:Support","floor":13.0},{"not_picked":["alterego_mod:SideboobHour","alterego_mod:Tantrum"],"picked":"alterego_mod:VirginLaserPalladion","floor":16.0},{"not_picked":["alterego_mod:DeftHands+1","alterego_mod:Complex"],"picked":"alterego_mod:DiscoLights+1","floor":18.0},{"not_picked":["alterego_mod:HighServant","alterego_mod:SakuraPetals"],"picked":"alterego_mod:DiscoLights","floor":19.0},{"not_picked":["alterego_mod:DeftHands+1","alterego_mod:Cooking"],"picked":"alterego_mod:PurpleHair","floor":19.0},{"not_picked":["alterego_mod:Bounce+1","alterego_mod:Valentines"],"picked":"alterego_mod:Lingerie","floor":19.0},{"not_picked":["alterego_mod:HighServant","alterego_mod:GIGAMILK"],"picked":"alterego_mod:BeGentle","floor":20.0},{"not_picked":["alterego_mod:HighServant","alterego_mod:MagicResistance"],"picked":"alterego_mod:SakuraFive","floor":21.0},{"not_picked":["alterego_mod:Complex","alterego_mod:PerceptionDisorder"],"picked":"alterego_mod:Undulate","floor":22.0},{"not_picked":["alterego_mod:HighServant","alterego_mod:Complex"],"picked":"alterego_mod:Punishment","floor":23.0},{"not_picked":["alterego_mod:PresenceConcealment","alterego_mod:Cooking+1"],"picked":"alterego_mod:MagicResistance","floor":25.0},{"not_picked":["alterego_mod:Maid+1","alterego_mod:PerceptionDisorder"],"picked":"alterego_mod:Crossover","floor":28.0}],"player_experience":104994,"relics_obtained":[{"floor":3.0,"key":"ReplayTheSpireMod:Ring of Exchange"},{"floor":9.0,"key":"hubris:TinFlute"},{"floor":11.0,"key":"jedi:crownofsimplicity"},{"floor":13.0,"key":"Replay:Kaleidoscope"},{"floor":23.0,"key":"Bottled Tornado"},{"floor":26.0,"key":"jedi:shrinkray"}],"event_choices":[{"damage_healed":0.0,"max_hp_gain":0.0,"max_hp_loss":0.0,"gold_gain":0.0,"event_name":"Big Fish","player_choice":"Box","floor":12.0,"gold_loss":0.0,"damage_taken":0.0,"relics_obtained":["Vajra"],"cards_obtained":["Regret"]},{"damage_healed":0.0,"max_hp_gain":0.0,"max_hp_loss":0.0,"gold_gain":0.0,"event_name":"Drug Dealer","player_choice":"Obtain J.A.X.","floor":27.0,"gold_loss":0.0,"damage_taken":0.0,"cards_obtained":["J.A.X."]}],"is_beta":false,"boss_relics":[{"not_picked":["Painkiller Herb","Fusion Hammer"],"picked":"hubris:VirtuousBlindfold"}],"items_purged_floors":[14],"is_endless":false,"potions_floor_spawned":[8,11,20,22,28],"ascension_level":0}}