{"host":"1tl36azeqm6yhdgj","time":1608333865,"event":{"mods":["AchievementEnabler","BaseMod","Minty Spire (QoL Compilation)","StSLib","The IronCluck","everything is the same but u backflip on backflip"],"gold_per_floor":[116,127,127,137,148,148,176,101,169,185,205,217,84,115,115,115,115],"floor_reached":16,"playtime":440,"items_purged":["Defend_R"],"score":187,"play_id":"fc08d900-d8c6-4eae-8eed-64fa716b0495","local_time":"20201218182425","is_ascension_mode":true,"campfire_choices":[{"data":"Flame Barrier","floor":6.0,"key":"SMITH"},{"floor":15.0,"key":"REST"}],"circlet_count":0,"master_deck":["AscendersBane","Strike_R","Strike_R","Strike_R","Defend_R","Defend_R","Defend_R","Bash","Dropkick","Inflame","Carnage","Flame Barrier+1","Spot Weakness","Clash","Clothesline","Evolve","Flex","Shrug It Off","Feed"],"relics":["Burning Blood","NeowsBlessing","Odd Mushroom","Kunai","Potion Belt"],"acts_visited":["Exordium"],"potions_floor_usage":[],"damage_taken":[{"damage":0.0,"enemies":"2 Louse","floor":1.0,"turns":1.0},{"damage":0.0,"enemies":"Cultist","floor":2.0,"turns":1.0},{"damage":0.0,"enemies":"Small Slimes","floor":4.0,"turns":1.0},{"damage":19.0,"enemies":"3 Louse","floor":5.0,"turns":4.0},{"damage":30.0,"enemies":"The Mushroom Lair","floor":7.0,"turns":4.0},{"damage":20.0,"enemies":"Gremlin Gang","floor":10.0,"turns":4.0},{"damage":0.0,"enemies":"Exordium Wildlife","floor":11.0,"turns":4.0},{"damage":0.0,"enemies":"2 Fungi Beasts","floor":12.0,"turns":3.0},{"damage":11.0,"enemies":"Gremlin Nob","floor":14.0,"turns":3.0},{"damage":53,"enemies":"The Guardian","floor":16,"turns":7}],"seed_played":"2349316177795342261","potions_obtained":[{"floor":1.0,"key":"FearPotion"},{"floor":5.0,"key":"SpeedPotion"},{"floor":10.0,"key":"LiquidMemories"}],"is_trial":false,"path_per_floor":["M","M","?","M","M","R","?","?","T","M","M","M","$","E","R","B"],"character_chosen":"IRONCLAD","items_purchased":["Shrug It Off"],"campfire_rested":1,"item_purchase_floors":[13],"current_hp_per_floor":[74,75,75,75,62,62,38,38,38,24,30,36,36,31,53,0,0],"gold":115,"neow_bonus":"THREE_ENEMY_KILL","is_daily":false,"chose_seed":false,"campfire_upgraded":1,"win_rate":0.0,"timestamp":1608333865,"path_taken":["M","M","?","?","M","R","?","?","T","M","M","M","$","E","R","BOSS"],"items_purchased_type":["Card"],"build_version":"2020-12-13","purchased_purges":1,"victory":false,"max_hp_per_floor":[75,75,75,75,75,75,75,75,75,75,75,75,75,75,75,75,75],"card_choices":[{"not_picked":["Rupture","Cleave"],"picked":"Dropkick","floor":1.0},{"not_picked":["Cleave","Rupture"],"picked":"Inflame","floor":2.0},{"not_picked":["Thunderclap","Body Slam"],"picked":"Flame Barrier","floor":4.0},{"not_picked":["Flex","Havoc"],"picked":"Spot Weakness","floor":5.0},{"not_picked":["Battle Trance","Havoc"],"picked":"Clash","floor":7.0},{"not_picked":["Wild Strike","Inflame"],"picked":"Clothesline","floor":10.0},{"not_picked":["Perfected Strike","Headbutt"],"picked":"Evolve","floor":11.0},{"not_picked":["Searing Blow","Pummel"],"picked":"Flex","floor":12.0},{"not_picked":["Warcry","Headbutt"],"picked":"Feed","floor":14.0}],"player_experience":1966932,"relics_obtained":[{"floor":7.0,"key":"Odd Mushroom"},{"floor":9.0,"key":"Kunai"},{"floor":14.0,"key":"Potion Belt"}],"event_choices":[{"damage_healed":0.0,"max_hp_gain":0.0,"max_hp_loss":0.0,"gold_gain":0.0,"cards_transformed":["Strike_R"],"event_name":"Transmorgrifier","player_choice":"Transformed","floor":3.0,"gold_loss":0.0,"damage_taken":0.0,"cards_obtained":["Carnage"]},{"damage_healed":0.0,"max_hp_gain":0.0,"max_hp_loss":0.0,"gold_gain":0.0,"event_name":"Mushrooms","player_choice":"Fought Mushrooms","floor":7.0,"gold_loss":0.0,"damage_taken":0.0},{"cards_removed":["Strike_R"],"damage_healed":0.0,"max_hp_gain":0.0,"max_hp_loss":0.0,"gold_gain":0.0,"event_name":"The Cleric","player_choice":"Card Removal","floor":8.0,"gold_loss":75.0,"damage_taken":0.0}],"is_beta":false,"boss_relics":[],"items_purged_floors":[13],"is_endless":false,"potions_floor_spawned":[1,5,10,12],"killed_by":"The Guardian","ascension_level":16}}