{"host":"26mrfot5w7uj2ebc","time":1608310145,"event":{"mods":["AchievementEnabler","BaseMod","Colored Map","Minty Spire (QoL Compilation)"],"gold_per_floor":[109,34,109,12,12,45,220,254,279,335,349,349,364,378,378,475,475,494,34,34,48,59,59,73,73,73,73,73,73,86,46,46,145,145,164,180,200,200,200,200,200],"floor_reached":40,"playtime":1340,"items_purged":["Defend_B"],"score":444,"play_id":"81b713cc-9e69-4e33-b2d9-c05f1065f9ba","local_time":"20201219014905","is_ascension_mode":false,"campfire_choices":[{"data":"Hello World","floor":12.0,"key":"SMITH"},{"floor":15.0,"key":"REST"},{"floor":23.0,"key":"REST"},{"floor":25.0,"key":"REST"},{"floor":27.0,"key":"RECALL"},{"floor":32.0,"key":"REST"}],"circlet_count":0,"master_deck":["Strike_B","Strike_B","Strike_B","Strike_B","Defend_B","Defend_B","Defend_B","Zap","Dualcast","Loop","Rebound","Conserve Battery","Skim","Hello World+1","Turbo+1","Echo Form","Ball Lightning","Hyperbeam","Ball Lightning","Reboot","Aggregate+1","Glacier","Storm","Rainbow","Force Field","Biased Cognition","Lockon+1","Redo+1","Loop+1","Mind Blast"],"relics":["Cracked Core","NeowsBlessing","Smiling Mask","Anchor","Omamori","Oddly Smooth Stone","Nuclear Battery","DataDisk","Runic Capacitor","Torii","Inserter"],"acts_visited":["Exordium","TheCity","TheBeyond"],"potions_floor_usage":[40,40],"damage_taken":[{"damage":0.0,"enemies":"2 Louse","floor":1.0,"turns":1.0},{"damage":0.0,"enemies":"3 Sentries","floor":6.0,"turns":1.0},{"damage":0.0,"enemies":"Lagavulin","floor":8.0,"turns":1.0},{"damage":22.0,"enemies":"Lagavulin Event","floor":10.0,"turns":5.0},{"damage":1.0,"enemies":"Cultist","floor":11.0,"turns":4.0},{"damage":0.0,"enemies":"Small Slimes","floor":13.0,"turns":4.0},{"damage":2.0,"enemies":"Blue Slaver","floor":14.0,"turns":3.0},{"damage":51.0,"enemies":"The Guardian","floor":16.0,"turns":8.0},{"damage":27.0,"enemies":"3 Byrds","floor":18.0,"turns":4.0},{"damage":0.0,"enemies":"Spheric Guardian","floor":21.0,"turns":4.0},{"damage":22.0,"enemies":"Centurion and Healer","floor":22.0,"turns":4.0},{"damage":30.0,"enemies":"3 Cultists","floor":24.0,"turns":5.0},{"damage":16.0,"enemies":"Snecko","floor":30.0,"turns":4.0},{"damage":27,"enemies":"Collector","floor":33,"turns":12},{"damage":1,"enemies":"Orb Walker","floor":35,"turns":4},{"damage":27,"enemies":"3 Shapes","floor":36,"turns":4},{"damage":27,"enemies":"Transient","floor":37,"turns":5},{"damage":34,"enemies":"Nemesis","floor":40,"turns":2}],"seed_played":"7047504301485951892","potions_obtained":[{"floor":6.0,"key":"FearPotion"},{"floor":14.0,"key":"CultistPotion"},{"floor":16.0,"key":"BlessingOfTheForge"},{"floor":22.0,"key":"PotionOfCapacity"},{"floor":30.0,"key":"Block Potion"},{"floor":33,"key":"SkillPotion"}],"is_trial":false,"path_per_floor":["M","$","?","$","$","E","?","E","T","?","M","R","M","M","R","B",null,"M","$","?","M","M","R","M","R","T","R","?","T","M","?","R","B",null,"M","M","M","?","?","E"],"character_chosen":"DEFECT","items_purchased":["Loop","Rebound","DataDisk","Runic Capacitor","Reboot"],"campfire_rested":4,"item_purchase_floors":[4,4,19,19,19],"current_hp_per_floor":[75,75,68,68,68,68,68,68,68,46,45,45,45,43,65,14,75,48,48,48,48,26,48,18,40,40,40,40,40,24,24,46,19,75,74,47,20,20,20,0,0],"gold":200,"neow_bonus":"THREE_ENEMY_KILL","is_daily":false,"chose_seed":false,"campfire_upgraded":1,"win_rate":0.0,"timestamp":1608310145,"path_taken":["M","$","?","?","$","E","?","E","T","?","?","R","M","M","R","BOSS","M","$","?","M","M","R","M","R","T","R","?","?","M","?","R","BOSS","M","?","M","?","?","E"],"items_purchased_type":["Card","Card","Relic","Relic","Card"],"build_version":"2020-12-13","purchased_purges":1,"victory":false,"max_hp_per_floor":[75,75,75,75,75,75,75,75,75,75,75,75,75,75,75,75,75,75,75,75,75,75,75,75,75,75,75,75,75,75,75,75,75,75,75,75,75,75,75,75,75],"card_choices":[{"not_picked":["Sweeping Beam","Darkness"],"picked":"Turbo","floor":1.0},{"not_picked":["Tempest","Beam Cell"],"picked":"Conserve Battery","floor":6.0},{"not_picked":["Compile Driver","Leap"],"picked":"Skim","floor":8.0},{"not_picked":["Force Field","Beam Cell"],"picked":"Hello World","floor":10.0},{"not_picked":["Compile Driver","Rebound"],"picked":"Turbo","floor":11.0},{"not_picked":["Auto Shields","Barrage"],"picked":"Echo Form","floor":13.0},{"not_picked":["Redo","Undo"],"picked":"Ball Lightning","floor":14.0},{"not_picked":["All For One","Meteor Strike"],"picked":"Hyperbeam","floor":16.0},{"not_picked":["Chaos","Compile Driver"],"picked":"Ball Lightning","floor":18.0},{"not_picked":["Scrape","Coolheaded"],"picked":"Aggregate","floor":21.0},{"not_picked":["Gash","Conserve Battery"],"picked":"Glacier","floor":22.0},{"not_picked":["Genetic Algorithm","Ball Lightning"],"picked":"Storm","floor":24.0},{"not_picked":["Sweeping Beam","Reboot"],"picked":"Force Field","floor":30.0},{"not_picked":["Reboot","Meteor Strike"],"picked":"Biased Cognition","floor":33},{"not_picked":["Sweeping Beam+1","Cold Snap"],"picked":"Lockon+1","floor":35},{"not_picked":["Recycle","Streamline"],"picked":"Redo+1","floor":36},{"not_picked":["Cold Snap","Ball Lightning"],"picked":"Loop+1","floor":37},{"not_picked":["Madness","Purity"],"picked":"Mind Blast","floor":38}],"player_experience":169834,"relics_obtained":[{"floor":6.0,"key":"Smiling Mask"},{"floor":8.0,"key":"Anchor"},{"floor":9.0,"key":"Omamori"},{"floor":10.0,"key":"Oddly Smooth Stone"},{"floor":26.0,"key":"Torii"}],"event_choices":[{"damage_healed":0.0,"max_hp_gain":0.0,"max_hp_loss":0.0,"gold_gain":75.0,"event_name":"FaceTrader","player_choice":"Touch","floor":3.0,"gold_loss":0.0,"damage_taken":7.0},{"damage_healed":0.0,"max_hp_gain":0.0,"max_hp_loss":0.0,"gold_gain":175.0,"event_name":"Liars Game","player_choice":"AGREE","floor":7.0,"gold_loss":0.0,"damage_taken":0.0,"cards_obtained":["Doubt"]},{"damage_healed":0.0,"max_hp_gain":0.0,"max_hp_loss":0.0,"gold_gain":0.0,"event_name":"Dead Adventurer","player_choice":"Searched \u00271\u0027 times","floor":10.0,"gold_loss":0.0,"damage_taken":0.0},{"damage_healed":0.0,"max_hp_gain":0.0,"max_hp_loss":0.0,"gold_gain":0.0,"event_name":"Ghosts","player_choice":"Ignored","floor":20.0,"gold_loss":0.0,"damage_taken":0.0},{"damage_healed":0.0,"max_hp_gain":0.0,"max_hp_loss":0.0,"gold_gain":0.0,"cards_transformed":["Doubt","Turbo"],"event_name":"Drug Dealer","player_choice":"Became Test Subject","floor":28.0,"gold_loss":0.0,"damage_taken":0.0,"cards_obtained":["Decay","Rainbow"]},{"damage_healed":0.0,"max_hp_gain":0.0,"max_hp_loss":0.0,"gold_gain":0.0,"event_name":"Designer","player_choice":"Upgraded Two","floor":31.0,"gold_loss":40.0,"damage_taken":0.0,"cards_upgraded":["Turbo","Aggregate"]},{"damage_healed":0,"gold_gain":0,"player_choice":"Memory 1","damage_taken":0,"max_hp_gain":0,"max_hp_loss":0,"event_name":"SensoryStone","floor":38,"gold_loss":0},{"damage_healed":0,"gold_gain":0,"player_choice":"Ignored","damage_taken":0,"max_hp_gain":0,"max_hp_loss":0,"event_name":"Mysterious Sphere","floor":39,"gold_loss":0}],"is_beta":false,"boss_relics":[{"not_picked":["SlaversCollar","Runic Dome"],"picked":"Nuclear Battery"},{"not_picked":["Black Star","Coffee Dripper"],"picked":"Inserter"}],"items_purged_floors":[2],"is_endless":false,"potions_floor_spawned":[6,14,16,22,30,33,36],"killed_by":"Nemesis","ascension_level":0}}