{"host":"8fjsnt81u6xsmhji","time":1608322983,"event":{"mods":["BaseMod","Colored Powertips","Downfall","Glutton Mod","Minty Spire (QoL Compilation)","Quick Restart","Somnambulant","StSLib","The Bug Knight","The Construct","The Forsaken","The Hierophant","The Mystic"],"gold_per_floor":[99,99,99,134,134,151,225,251,275,125,137,147,167,179,194,293,293,293,307,342,342,267,283,583,583,597,597,614,54,68,88,103,202,202,202,212,243,261,99,129,174,174,209,209,209,255,272,272,291,291,291,323,41,41,41],"floor_reached":56,"playtime":6155,"items_purged":["HollowMod:SoulEater+1","HollowMod:LifebloodCocoon+1"],"score":1219,"play_id":"40a672c2-9684-4c70-a1c8-984687e27de0","local_time":"20201218142303","is_ascension_mode":false,"campfire_choices":[{"floor":1.0,"key":"REST"},{"floor":5.0,"key":"REST"},{"floor":10.0,"key":"REST"},{"floor":18.0,"key":"RECALL"},{"floor":22.0,"key":"REST"},{"floor":25.0,"key":"REST"},{"floor":27.0,"key":"REST"},{"data":"HollowMod:FocusHealStart","floor":35.0,"key":"SMITH"},{"floor":42.0,"key":"REST"},{"data":"HollowMod:SlysStrikes","floor":44.0,"key":"SMITH"},{"floor":54.0,"key":"REST"}],"circlet_count":0,"master_deck":["HollowMod:NailStrikeStart","HollowMod:NailStrikeStart","HollowMod:QuickDashStart","HollowMod:QuickDashStart","HollowMod:QuickDashStart","HollowMod:FocusHealStart+1","HollowMod:PogoStrike","HollowMod:VoidDash","HollowMod:SlysStrikes","HollowMod:BlackTendrils","HollowMod:GreatSlash","HollowMod:VengefulVoid+1","HollowMod:SlysStrikes+1","HollowMod:SiblingsSouls+1","HollowMod:SharpenedShadows","HollowMod:HornetsHelp","HollowMod:LifebloodCore+1","HollowMod:SiblingsShadow","HollowMod:BlackTendrils","HollowMod:VengefulVoid+1","HollowMod:SiblingsShadow","HollowMod:PerfectDash+1","expansioncontent:StudyTheSpire+1","HollowMod:PerfectDash","HollowMod:SoulMaster","HollowMod:SiblingsShadow+1","HollowMod:HuntersJournal","expansioncontent:QuickStudy","HollowMod:HerrahsAnger","HollowMod:MawleksShell+1","HollowMod:DescendingDark+1","Apotheosis+1"],"relics":["HollowMod:VesselMask","HollowMod:StagPassRelic","Lantern","theForsaken:HumbleEgg","Darkstone Periapt","downfall:HeartBlessingGreen","downfall:HeartBlessingBlue","Astrolabe","Tiny Chest","downfall:HeartBlessingRed","Old Coin","Regal Pillow","Oddly Smooth Stone","construct:WeddingRing","Happy Flower","Ice Cream","hexamod:BolsterEngine","Omamori","PreservedInsect","HollowMod:KingsBrand","Gremlin Horn"],"acts_visited":["Exordium","TheCity","TheBeyond","TheEnding"],"potions_floor_usage":[55],"damage_taken":[{"damage":28.0,"enemies":"Lagavulin","floor":4.0,"turns":6.0},{"damage":6.0,"enemies":"Cultist","floor":6.0,"turns":4.0},{"damage":22.0,"enemies":"Gremlin Nob","floor":8.0,"turns":4.0},{"damage":0.0,"enemies":"Jaw Worm","floor":11.0,"turns":2.0},{"damage":0.0,"enemies":"Small Slimes","floor":12.0,"turns":3.0},{"damage":16.0,"enemies":"HollowMod:HuskWarrior","floor":13.0,"turns":3.0},{"damage":9.0,"enemies":"Large Slime","floor":14.0,"turns":3.0},{"damage":9.0,"enemies":"Blue Slaver","floor":15.0,"turns":3.0},{"damage":80.0,"enemies":"downfall:Defect","floor":16.0,"turns":7.0},{"damage":5.0,"enemies":"Chosen","floor":19.0,"turns":6.0},{"damage":70.0,"enemies":"Gremlin Leader","floor":20.0,"turns":7.0},{"damage":33.0,"enemies":"Spheric Guardian","floor":23.0,"turns":6.0},{"damage":24.0,"enemies":"Centurion and Healer","floor":26.0,"turns":6.0},{"damage":44.0,"enemies":"Cultist and Chosen","floor":28.0,"turns":7.0},{"damage":4.0,"enemies":"downfall:FleeingMerchant","floor":29.0,"turns":4.0},{"damage":11.0,"enemies":"3 Cultists","floor":30.0,"turns":4.0},{"damage":30.0,"enemies":"Centurion and Healer","floor":31.0,"turns":7.0},{"damage":14.0,"enemies":"Snake Plant","floor":32.0,"turns":5.0},{"damage":47.0,"enemies":"downfall:Silent","floor":33.0,"turns":7.0},{"damage":17.0,"enemies":"3 Shapes","floor":36.0,"turns":4.0},{"damage":20.0,"enemies":"Nemesis","floor":37.0,"turns":9.0},{"damage":10.0,"enemies":"Orb Walker","floor":38.0,"turns":3.0},{"damage":1.0,"enemies":"downfall:FleeingMerchant","floor":39.0,"turns":4.0},{"damage":47.0,"enemies":"Reptomancer","floor":40.0,"turns":5.0},{"damage":24.0,"enemies":"HollowMod:StalkingDevout","floor":43.0,"turns":9.0},{"damage":14.0,"enemies":"Sphere and 2 Shapes","floor":47.0,"turns":8.0},{"damage":19.0,"enemies":"Jaw Worm Horde","floor":49.0,"turns":5.0},{"damage":61.0,"enemies":"downfall:Watcher","floor":50.0,"turns":8.0},{"damage":57.0,"enemies":"downfall:CharBossMerchant","floor":52.0,"turns":9.0},{"damage":88,"enemies":"downfall:NeowBoss","floor":55,"turns":17}],"seed_played":"6262767442636527856","potions_obtained":[{"floor":4.0,"key":"FairyPotion"},{"floor":11.0,"key":"Swift Potion"},{"floor":12.0,"key":"SteroidPotion"},{"floor":15.0,"key":"Guardian:BlockOnCardUsePotion"},{"floor":20.0,"key":"FearPotion"},{"floor":28.0,"key":"PowerPotion"},{"floor":31.0,"key":"FairyPotion"},{"floor":36.0,"key":"BlessingOfTheForge"},{"floor":49.0,"key":"Guardian:BlockOnCardUsePotion"}],"is_trial":false,"path_per_floor":["R","T","?","E","R","M","T","E","T","R","M","M","M","M","M","B",null,"R","M","E","?","R","M","T","R","M","R","M","$","M","M","M","B",null,"R","M","E","M","$","E","T","R","E","R","?","T","M","?","M","B",null,"E","$","R","B",null],"character_chosen":"THE_BUGKNIGHT","items_purchased":["Regal Pillow","expansioncontent:StudyTheSpire","Oddly Smooth Stone","Ice Cream","expansioncontent:QuickStudy","Apotheosis"],"campfire_rested":8,"item_purchase_floors":[29,29,29,39,39,53],"current_hp_per_floor":[75,75,75,47,69,69,69,49,49,84,84,85,75,70,64,1,85,85,80,20,20,45,17,17,42,32,57,26,33,28,27,28,26,85,85,77,76,76,79,45,45,85,73,73,73,73,69,69,75,52,85,39,39,79,62],"gold":41,"neow_bonus":"THREE_RARE_CARDS","is_daily":false,"chose_seed":false,"campfire_upgraded":2,"win_rate":0.0,"timestamp":1608322983,"path_taken":["R","?","?","E","R","M","T","E","?","R","M","M","M","M","M","BOSS","R","M","E","?","R","M","T","R","?","R","M","$","M","M","M","BOSS","R","M","E","M","$","E","T","R","E","R","?","?","M","?","M","BOSS","E","$","R","BOSS"],"items_purchased_type":["Relic","Card","Relic","Relic","Card","Card"],"build_version":"2020-12-13","purchased_purges":2,"victory":true,"max_hp_per_floor":[75,75,75,75,75,75,75,75,75,85,85,85,85,85,85,85,85,85,85,85,85,85,85,85,85,85,85,85,85,85,85,85,85,85,85,85,85,85,85,85,85,85,85,85,85,85,85,85,85,85,85,85,85,85,85],"card_choices":[{"not_picked":["HollowMod:AwokenDreamNail","HollowMod:theNailsmith"],"picked":"HollowMod:VoidDash","floor":0.0},{"not_picked":["HollowMod:BrokenVessel","HollowMod:InfectedCysts"],"picked":"HollowMod:SlysStrikes","floor":4.0},{"not_picked":["HollowMod:LifebloodCocoon","HollowMod:CornifersMapStart"],"picked":"HollowMod:BlackTendrils","floor":6.0},{"not_picked":["HollowMod:SoulVessel","HollowMod:SoulStrike+1","HollowMod:GreatSlash"],"picked":"SKIP","floor":8.0},{"not_picked":["HollowMod:SoulVessel","HollowMod:SoulStrike+1"],"picked":"HollowMod:GreatSlash","floor":8.0},{"not_picked":["HollowMod:MonomonsArchive","HollowMod:CloakDash+1"],"picked":"HollowMod:VengefulVoid+1","floor":11.0},{"not_picked":["HollowMod:GreatSlash","HollowMod:DashSlash+1"],"picked":"HollowMod:SlysStrikes","floor":12.0},{"not_picked":["HollowMod:DesolateDive","HollowMod:SharpenedNail+1","HollowMod:GoodIntentions+1"],"picked":"SKIP","floor":13.0},{"not_picked":["HollowMod:LifebloodCocoon+1","HollowMod:SoulStrike+1"],"picked":"HollowMod:SiblingsSouls+1","floor":14.0},{"not_picked":["HollowMod:InfectedCysts+1","HollowMod:Grubsong"],"picked":"HollowMod:SharpenedShadows","floor":15.0},{"not_picked":["HollowMod:ElderbugsWisdom","HollowMod:Hiveblood"],"picked":"HollowMod:HornetsHelp","floor":16.0},{"not_picked":["HollowMod:HowlingWraiths+1","HollowMod:WraithStrike+1"],"picked":"HollowMod:SiblingsShadow","floor":19.0},{"not_picked":["HollowMod:LuriensSpire","HollowMod:SoulSplash+1","HollowMod:MonarchWings"],"picked":"SKIP","floor":20.0},{"not_picked":["HollowMod:CornifersMapStart+1","HollowMod:PureVessel","HollowMod:NewGlowingWomb+1"],"picked":"SKIP","floor":23.0},{"not_picked":["HollowMod:CycloneSlash+1","HollowMod:HeavyBlow+1"],"picked":"HollowMod:VengefulVoid+1","floor":26.0},{"not_picked":["HollowMod:LuriensSpire","HollowMod:MawleksShell+1"],"picked":"HollowMod:SiblingsShadow","floor":28.0},{"not_picked":["HollowMod:SiblingsSouls+1","HollowMod:TaintedHusks+1"],"picked":"HollowMod:PerfectDash","floor":29.0},{"not_picked":["HollowMod:FastStrike","HollowMod:DungDefenderAura","HollowMod:CoiledNail+1"],"picked":"SKIP","floor":30.0},{"not_picked":["HollowMod:DoubleDash+1","HollowMod:CoiledNail+1"],"picked":"HollowMod:PerfectDash","floor":31.0},{"not_picked":["HollowMod:BrokenVessel","HollowMod:HowlingWraiths+1","HollowMod:MawleksShell+1"],"picked":"SKIP","floor":32.0},{"not_picked":["HollowMod:PureVessel","HollowMod:VoidDash"],"picked":"HollowMod:SoulMaster","floor":33.0},{"not_picked":["HollowMod:ChannelNail+1","HollowMod:DescendingDark+1"],"picked":"HollowMod:SiblingsShadow+1","floor":36.0},{"not_picked":["HollowMod:DreamGate","HollowMod:NewGlowingWomb+1","HollowMod:CloakDash+1"],"picked":"SKIP","floor":37.0},{"not_picked":["HollowMod:ChannelNail+1","HollowMod:NewLittleFool+1"],"picked":"HollowMod:HuntersJournal","floor":38.0},{"not_picked":["HollowMod:ZotesMagnificence","HollowMod:TaintedHusks+1"],"picked":"HollowMod:HerrahsAnger","floor":40.0},{"not_picked":["HollowMod:DoubleDash+1","HollowMod:SiblingsSouls+1","HollowMod:DreamGate+1"],"picked":"SKIP","floor":43.0},{"not_picked":["HollowMod:InfectedCysts+1","HollowMod:GoodIntentions+1","HollowMod:SoulEater"],"picked":"SKIP","floor":47.0},{"not_picked":["HollowMod:LifebloodCocoon+1","HollowMod:TaintedHusks+1"],"picked":"HollowMod:MawleksShell+1","floor":49.0},{"not_picked":["HollowMod:DungDefenderAura","HollowMod:FastStrike+1"],"picked":"HollowMod:DescendingDark+1","floor":52.0}],"player_experience":558743,"relics_obtained":[{"floor":2.0,"key":"HollowMod:StagPassRelic"},{"floor":4.0,"key":"Lantern"},{"floor":7.0,"key":"theForsaken:HumbleEgg"},{"floor":8.0,"key":"Darkstone Periapt"},{"floor":20.0,"key":"Tiny Chest"},{"floor":24.0,"key":"Old Coin"},{"floor":37.0,"key":"Happy Flower"},{"floor":40.0,"key":"hexamod:BolsterEngine"},{"floor":41.0,"key":"Omamori"},{"floor":43.0,"key":"PreservedInsect"},{"floor":46.0,"key":"HollowMod:KingsBrand"},{"floor":52.0,"key":"Gremlin Horn"}],"event_choices":[{"damage_healed":0.0,"max_hp_gain":0.0,"max_hp_loss":0.0,"gold_gain":0.0,"event_name":"Duplicator","player_choice":"Copied","floor":21.0,"gold_loss":0.0,"damage_taken":0.0,"cards_obtained":["HollowMod:BlackTendrils"]},{"damage_healed":0.0,"max_hp_gain":0.0,"max_hp_loss":0.0,"gold_gain":0.0,"event_name":"Transmorgrifier","player_choice":"Ignored","floor":45.0,"gold_loss":0.0,"damage_taken":0.0},{"damage_healed":0.0,"max_hp_gain":0.0,"max_hp_loss":0.0,"gold_gain":0.0,"event_name":"Transmorgrifier","player_choice":"Ignored","floor":48.0,"gold_loss":0.0,"damage_taken":0.0}],"is_beta":false,"boss_relics":[{"not_picked":["Snecko Eye","Runic Dome"],"picked":"Astrolabe"},{"not_picked":["Empty Cage","Sozu"],"picked":"construct:WeddingRing"}],"items_purged_floors":[29,53],"is_endless":false,"potions_floor_spawned":[4,11,12,15,20,28,30,31,32,36,37,40,49],"ascension_level":0}}