{"host":"f5pfdf07lxwkzoqo","time":1608329469,"event":{"mods":["Act Like it!","Aspiration","BaseMod","BetterRewards","Colored Powertips","Conspire","Downfall","Duelist Mod","GifTheSpireLib","GungeonMod","Hallownest","Highlight Path","Hubris","Jorbs\u0027s Wanderer Trilogy","Minty Spire (QoL Compilation)","Rare Cards Sparkle","StSLib","The Animator"],"gold_per_floor":[142,158,176,191,202,232,248,275,275,259,259,277,277,310,310,408,408,420,468,482,482,497,531,531,531,578,593,625,625,654,61,61,163,163,183,198,198,211,244,269,269,301,346,363,390,350,350,53,53,53,53,53,17,48,48],"floor_reached":56,"playtime":14976,"items_purged":[],"score":1468,"play_id":"b4c8d4ab-c18d-4f4a-83b4-ae1ab54f9dde","local_time":"20201218221109","is_ascension_mode":true,"campfire_choices":[{"data":"Apotheosis","floor":32,"key":"SMITH"},{"floor":41,"key":"RECALL"},{"data":"theDuelist:BigFire","floor":47,"key":"SMITH"},{"data":"theDuelist:ArmageddonDragonEmp","floor":49,"key":"SMITH"},{"data":"theDuelist:HymnOfLight","floor":52,"key":"SMITH"}],"circlet_count":0,"master_deck":["theDuelist:BabyDragon","theDuelist:CastleWalls","theDuelist:CastleWalls","theDuelist:CaveDragon","theDuelist:CaveDragon","theDuelist:LesserDragon","theDuelist:LesserDragon","theDuelist:Sparks","theDuelist:Sparks","theDuelist:YamataDragon","Hallownest:curseDreamersLament","theDuelist:CyberTwinDragon","theDuelist:BigFire+1","theDuelist:MaskedDragon","theDuelist:TwinHeadedBehemoth","theDuelist:TotemDragon","theDuelist:MadFlameKaiju","theDuelist:AncientPixieDragon","theDuelist:CyberDragonVier","theDuelist:LavaDragon","theDuelist:PsiCurse","theDuelist:SummoningCurse","theDuelist:CurseAnubis","theDuelist:GaiaDragonChamp+1","theDuelist:SnowDragon","theDuelist:ArmageddonDragonEmp+1","theDuelist:BlackPtera+1","theDuelist:BlackBrachios","theDuelist:Babycerasaurus+1","RitualDagger","theDuelist:GreyGreedOni","theDuelist:BoosterDragon","theDuelist:VeilDarkness+1","theDuelist:AncientPixieDragon","Apotheosis+1","theDuelist:MiraculousDescent","theDuelist:DianKeto","theDuelist:DragonMastery+1","theDuelist:ThreateningRoar","theDuelist:MegafleetDragon+1","theDuelist:DragonMastery+1","theDuelist:GalaxyTyranno","theDuelist:DragonMirror+1","theDuelist:CyberDragonCore+1","theDuelist:HymnOfLight+1","theDuelist:EvolutionBurst","theDuelist:BlacklandFireDragon+1"],"relics":["theDuelist:MillenniumPuzzle","theDuelist:CardPoolRelic","theDuelist:CardPoolBasicRelic","theDuelist:BoosterPackPoolRelic","theDuelist:CardPoolAddRelic","theDuelist:CardPoolMinusRelic","theDuelist:CardPoolSaveRelic","theDuelist:CardPoolOptionsRelic","Du-Vu Doll","Juzu Bracelet","aspiration:HiddenCompartment","Pear","hubris:Towel","aspiration:ArtOfWarUpgrade","aspiration:RitualDagger","Thread and Needle","hubris:FunFungus","DemoMod:GreenGuonStone","Vajra","aspiration:RitualStick","PreservedInsect","DemoMod:BlueGuonStone","DemoMod:LamentConfigurum","Shuriken","Matryoshka","Coffee Dripper","Calipers","hubris:AncientText","Potion Belt","theDuelist:MillenniumRod","hubris:AstralHammer","DemoMod:PartiallyEatenCheese","Anchor"],"acts_visited":["Exordium","TheCity","TheBeyond","TheEnding"],"potions_floor_usage":[5,8,16,16,19,28,28,46,54],"damage_taken":[{"damage":1,"enemies":"Jaw Worm","floor":1,"turns":2},{"damage":0,"enemies":"2 Louse","floor":2,"turns":2},{"damage":0,"enemies":"conspire:RoseBush","floor":3,"turns":2},{"damage":1,"enemies":"2 Fungi Beasts","floor":4,"turns":2},{"damage":2,"enemies":"Large Slime","floor":5,"turns":3},{"damage":11,"enemies":"3 Sentries","floor":6,"turns":4},{"damage":1,"enemies":"Blue Slaver","floor":7,"turns":3},{"damage":8,"enemies":"Lagavulin","floor":8,"turns":6},{"damage":20,"enemies":"Exordium Thugs","floor":10,"turns":4},{"damage":13,"enemies":"Red Slaver","floor":12,"turns":2},{"damage":9,"enemies":"3 Sentries","floor":14,"turns":6},{"damage":20,"enemies":"Hexaghost","floor":16,"turns":10},{"damage":50,"enemies":"Shell Parasite","floor":18,"turns":6},{"damage":45,"enemies":"Shell Parasite","floor":19,"turns":10},{"damage":13,"enemies":"Chosen","floor":20,"turns":3},{"damage":33,"enemies":"3 Cultists","floor":22,"turns":5},{"damage":34,"enemies":"theDuelist:KaibaA2","floor":23,"turns":5},{"damage":9,"enemies":"Centurion and Healer","floor":27,"turns":3},{"damage":18,"enemies":"Gremlin Leader","floor":28,"turns":3},{"damage":7,"enemies":"theDuelist:KaibaA2","floor":30,"turns":2},{"damage":77,"enemies":"Collector","floor":33,"turns":9},{"damage":18,"enemies":"3 Shapes","floor":35,"turns":6},{"damage":30,"enemies":"3 Darklings","floor":36,"turns":6},{"damage":16,"enemies":"Transient","floor":38,"turns":5},{"damage":15,"enemies":"Writhing Mass","floor":39,"turns":5},{"damage":25,"enemies":"Giant Head","floor":40,"turns":9},{"damage":50,"enemies":"Reptomancer","floor":42,"turns":6},{"damage":22,"enemies":"Jaw Worm Horde","floor":44,"turns":4},{"damage":21,"enemies":"Transient","floor":45,"turns":5},{"damage":61,"enemies":"conspire:OrnateMirror","floor":50,"turns":6},{"damage":44,"enemies":"Shield and Spear","floor":54,"turns":8},{"damage":23,"enemies":"The Heart","floor":55,"turns":8}],"seed_played":"3306883570855483449","potions_obtained":[{"floor":1,"key":"theDuelist:StunPotion"},{"floor":4,"key":"SteroidPotion"},{"floor":7,"key":"sneckomod:MuddlingPotion"},{"floor":10,"key":"champ:CounterPotion"},{"floor":18,"key":"FocusPotion"},{"floor":20,"key":"theDuelist:StunPotion"},{"floor":27,"key":"PowerPotion"},{"floor":35,"key":"Energy Potion"},{"floor":36,"key":"SteroidPotion"},{"floor":39,"key":"theDuelist:BigTributeBottle"},{"floor":42,"key":"Dexterity Potion"},{"floor":46,"key":"theDuelist:ExtraOrbsBottle"},{"floor":46,"key":"Fruit Juice"},{"floor":46,"key":"theDuelist:ElectricBrew"}],"is_trial":false,"path_per_floor":["M","M","M","M","M","E","M","E","T","M","?","M","?","E","R","B",null,"M","?","M","?","M","E","R","?","T","M","E","T","E","$","R","B",null,"M","M","?","M","M","E","R","E","T","M","M","?","R","$","R","B",null,"R","$","E","B",null],"character_chosen":"THE_DUELIST","items_purchased":["Apotheosis","Matryoshka","theDuelist:MiraculousDescent","theDuelist:DianKeto","hubris:AstralHammer","theDuelist:EvolutionBurst"],"campfire_rested":0,"item_purchase_floors":[31,31,31,31,48,53],"current_hp_per_floor":[79,79,79,78,76,65,64,56,66,46,58,45,45,36,36,16,102,52,7,101,95,87,69,69,49,49,69,70,70,73,73,73,47,102,102,99,102,102,102,102,102,96,96,99,102,107,107,107,107,108,124,124,124,118,118],"gold":48,"neow_bonus":"ONE_RARE_RELIC","is_daily":false,"chose_seed":false,"campfire_upgraded":4,"win_rate":0.0,"timestamp":1608329469,"path_taken":["M","M","M","M","M","E","M","E","T","M","?","M","?","E","R","BOSS","M","?","M","?","M","E","R","?","T","M","E","?","E","$","R","BOSS","M","M","?","M","M","E","R","E","T","M","M","?","R","$","R","BOSS","R","$","E","BOSS"],"items_purchased_type":["Card","Relic","Card","Card","Relic","Card"],"build_version":"2020-12-13","purchased_purges":0,"victory":true,"max_hp_per_floor":[80,80,80,80,80,80,80,80,90,90,102,102,102,102,102,102,102,102,102,102,102,102,102,102,102,102,102,102,102,102,102,102,102,102,102,102,102,102,102,102,102,102,102,102,102,107,107,107,107,124,124,124,124,121,118],"card_choices":[{"not_picked":["theDuelist:TrihornedDragon","theDuelist:Kabazauls","theDuelist:BlackPtera","theDuelist:BarrelDragon"],"picked":"theDuelist:CyberTwinDragon","floor":1},{"not_picked":["theDuelist:BattleguardKing","theDuelist:Hinotama","theDuelist:RainbowOverdragon","theDuelist:LightningDarts"],"picked":"theDuelist:BigFire","floor":2},{"not_picked":["theDuelist:Pyrorex","theDuelist:DarkHorus","theDuelist:BlackStego","theDuelist:Beatraptor"],"picked":"theDuelist:MaskedDragon","floor":3},{"not_picked":["theDuelist:YamataDragon","theDuelist:TwinHeadedFire","theDuelist:CyberDinosaur","theDuelist:BusterBlader"],"picked":"theDuelist:TwinHeadedBehemoth","floor":4},{"not_picked":["theDuelist:Vandalgyon","theDuelist:SilverWing","theDuelist:CyberDragonSieger","theDuelist:BoosterDragon"],"picked":"theDuelist:TotemDragon","floor":5},{"not_picked":["theDuelist:GiantRex","theDuelist:BlackStego","theDuelist:BarrelDragon","theDuelist:BlackTyranno"],"picked":"theDuelist:MadFlameKaiju","floor":6},{"not_picked":["theDuelist:WhiteNightDragon","theDuelist:StampingDestruction","theDuelist:HazyFlameHydra","theDuelist:SauropodBrachion"],"picked":"theDuelist:AncientPixieDragon","floor":7},{"not_picked":["theDuelist:ViceDragon","theDuelist:Pyrorex","theDuelist:BlackPtera","theDuelist:CyberDragon"],"picked":"theDuelist:CyberDragonVier","floor":8},{"not_picked":["theDuelist:TwinHeadedFire","theDuelist:Pyrorex","theDuelist:CyberDragonVier","theDuelist:GalaxyTyranno"],"picked":"theDuelist:LavaDragon","floor":10},{"not_picked":["theDuelist:CyberTwinDragon+1","theDuelist:BSkullDragon+1"],"picked":"theDuelist:GaiaDragonChamp+1","floor":12},{"not_picked":["theDuelist:Hydrogeddon","theDuelist:Beatraptor","theDuelist:ScrapIronScarecrow","theDuelist:GoldSarcophagus"],"picked":"theDuelist:SnowDragon","floor":14},{"not_picked":["theDuelist:SurvivalFittest","theDuelist:Scapegoat","theDuelist:FiveHeaded","theDuelist:ChimeratechOverdragon"],"picked":"theDuelist:ArmageddonDragonEmp","floor":16},{"not_picked":["theDuelist:TrihornedDragon","theDuelist:Kabazauls","theDuelist:CyberTwinDragon","theDuelist:BlackBrachios+1"],"picked":"theDuelist:BlackPtera+1","floor":18},{"not_picked":["theDuelist:CyberTwinDragon+1","theDuelist:BlackPtera","theDuelist:BarrelDragon+1","theDuelist:TrihornedDragon"],"picked":"theDuelist:BlackBrachios","floor":19},{"not_picked":["theDuelist:SauropodBrachion+1","theDuelist:Duoterion","theDuelist:DarkDriceratops","theDuelist:Lancephorhynchus"],"picked":"theDuelist:Babycerasaurus+1","floor":20},{"not_picked":["theDuelist:TwinHeadedFire","theDuelist:ScrapIronScarecrow+1","theDuelist:SphereChaos","theDuelist:ViceDragon","theDuelist:AncientGearGadjiltron"],"picked":"SKIP","floor":22},{"not_picked":["theDuelist:Hinotama","theDuelist:LabyrinthWall","theDuelist:BigFire","theDuelist:DarkFactory"],"picked":"theDuelist:GreyGreedOni","floor":23},{"not_picked":["theDuelist:GenesisDragon","theDuelist:ClawHermos","theDuelist:AmuletDragon+1","theDuelist:CyberDragon+1"],"picked":"theDuelist:BoosterDragon","floor":27},{"not_picked":["theDuelist:TyrantWing","theDuelist:SafeZone","theDuelist:DragonShield+1","theDuelist:DefenseDraw"],"picked":"theDuelist:VeilDarkness+1","floor":28},{"not_picked":["theDuelist:CyberValley","theDuelist:CyberDragonVier","theDuelist:SnowDragon","theDuelist:MadFlameKaiju"],"picked":"theDuelist:AncientPixieDragon","floor":30},{"not_picked":["theDuelist:TailSwipe","theDuelist:Scapegoat","theDuelist:FiveHeaded","theDuelist:BSkullDragon"],"picked":"theDuelist:DragonMastery+1","floor":33},{"not_picked":["theDuelist:BlackPtera","theDuelist:BlizzardDragon+1","theDuelist:HorusServant","theDuelist:AxeDespair"],"picked":"theDuelist:ThreateningRoar","floor":35},{"not_picked":["theDuelist:TwinBarrelDragon","theDuelist:Destroyersaurus+1","theDuelist:AmuletDragon+1","theDuelist:CyberValley+1"],"picked":"theDuelist:MegafleetDragon+1","floor":36},{"not_picked":["theDuelist:BigFire","theDuelist:AncientRules","theDuelist:CastleDragonSouls","theDuelist:ThreateningRoar"],"picked":"theDuelist:DragonMastery+1","floor":38},{"not_picked":["theDuelist:GiantRex+1","theDuelist:Freezadon","theDuelist:DarkDriceratops+1","theDuelist:Carboneddon+1"],"picked":"theDuelist:GalaxyTyranno","floor":39},{"not_picked":["theDuelist:SpiralSpearStrike+1","theDuelist:CyberRevsystem+1","theDuelist:DragonTreasure","theDuelist:SuperStridentBlaze"],"picked":"theDuelist:DragonMirror+1","floor":40},{"not_picked":["theDuelist:YamataDragon","theDuelist:BlackBrutdrago","theDuelist:Freezadon+1","theDuelist:DarkHorus"],"picked":"theDuelist:CyberDragonCore+1","floor":42},{"not_picked":["theDuelist:ViceDragon","theDuelist:SnowdustDragon","theDuelist:SphereChaos","theDuelist:BackgroundDragon"],"picked":"theDuelist:HymnOfLight","floor":44},{"not_picked":["theDuelist:BattleguardKing","theDuelist:OrbMetronome","theDuelist:SlotMachine+1","theDuelist:Solidarity+1"],"picked":"theDuelist:DestructPotion+2","floor":45},{"not_picked":["theDuelist:ViceDragon+1","theDuelist:RedEyes+1","theDuelist:BarrelDragon+1","theDuelist:BabyDragon+1"],"picked":"theDuelist:BlacklandFireDragon+1","floor":54}],"player_experience":486368,"relics_obtained":[{"floor":6,"key":"Juzu Bracelet"},{"floor":8,"key":"aspiration:HiddenCompartment"},{"floor":9,"key":"Pear"},{"floor":14,"key":"Art of War"},{"floor":19,"key":"Thread and Needle"},{"floor":19,"key":"hubris:FunFungus"},{"floor":19,"key":"DemoMod:GreenGuonStone"},{"floor":23,"key":"Vajra"},{"floor":26,"key":"PreservedInsect"},{"floor":28,"key":"DemoMod:BlueGuonStone"},{"floor":29,"key":"DemoMod:LamentConfigurum"},{"floor":30,"key":"Shuriken"},{"floor":40,"key":"hubris:AncientText"},{"floor":42,"key":"Potion Belt"},{"floor":43,"key":"theDuelist:MillenniumRod"},{"floor":54,"key":"Anchor"}],"event_choices":[{"damage_healed":0,"gold_gain":0,"player_choice":"Break - +12 Max HP","duelist":true,"damage_taken":0,"max_hp_gain":0,"max_hp_loss":0,"event_name":"Tomb of the Nameless","floor":11,"gold_loss":0},{"damage_healed":0,"gold_gain":0,"player_choice":"Fight","duelist":true,"damage_taken":0,"max_hp_gain":0,"max_hp_loss":0,"event_name":"Battle City","floor":19,"gold_loss":0},{"damage_healed":0,"gold_gain":0,"player_choice":"Joined the Cult","damage_taken":6,"max_hp_gain":0,"max_hp_loss":0,"event_name":"Nest","floor":21,"gold_loss":0,"cards_obtained":["RitualDagger"]},{"damage_healed":0,"gold_gain":0,"player_choice":"Bought 3 Potions","damage_taken":0,"max_hp_gain":0,"max_hp_loss":0,"event_name":"The Woman in Blue","floor":46,"gold_loss":0}],"is_beta":false,"boss_relics":[{"not_picked":["aspiration:PoetsPen_weak","Astrolabe"],"picked":"aspiration:RitualDagger"},{"not_picked":["hubris:Stopwatch","aspiration:WatcherSkillbook"],"picked":"Coffee Dripper"}],"items_purged_floors":[],"is_endless":false,"potions_floor_spawned":[1,4,7,10,18,20,27,35,36,39,42],"ascension_level":1}}