{"host":"5gc11emcm5chfr5t","time":1608263434,"event":{"mods":["2.2 Compatiblity","AchievementEnabler","BaseMod","Bestiary","Better Note","Colored Map","Colored Powertips","Downfall","Googly Eyes","Minty Spire (QoL Compilation)","Rare Cards Sparkle","StSLib"],"gold_per_floor":[99,99,99,99,99,99,122,152,252,102,87,102,122,136,150,150,150],"floor_reached":16,"playtime":454,"items_purged":[],"score":162,"play_id":"b0e7c389-37df-4289-b0c2-b0761a39d840","local_time":"20201217225034","is_ascension_mode":true,"campfire_choices":[{"floor":1,"key":"RECALL"},{"data":"sneckomod:DiceBoulder","floor":10,"key":"SMITH"}],"circlet_count":0,"master_deck":["AscendersBane","sneckomod:Strike","sneckomod:Strike","sneckomod:Strike","sneckomod:Defend","sneckomod:Defend","sneckomod:Defend","sneckomod:TailWhip","sneckomod:SnekBite","sneckomod:Unknown","sneckomod:Unknown","sneckomod:MasterEye","sneckomod:UnknownWeak","sneckomod:UnknownCommonSkill","sneckomod:DiceBoulder+1","sneckomod:QuickBite","sneckomod:Nope","sneckomod:MorePower","sneckomod:CheapStock","sneckomod:UnknownEthereal"],"relics":["sneckomod:SneckoSoul","downfall:HeartsMalice","Smiling Mask","Nunchaku","Oddly Smooth Stone","downfall:HeartBlessingGreen","downfall:HeartBlessingRed"],"acts_visited":["Exordium"],"potions_floor_usage":[15,16],"damage_taken":[{"damage":0,"enemies":"Jaw Worm","floor":3,"turns":1},{"damage":0,"enemies":"Small Slimes","floor":5,"turns":1},{"damage":0,"enemies":"Cultist","floor":6,"turns":1},{"damage":28,"enemies":"Gremlin Nob","floor":8,"turns":4},{"damage":7,"enemies":"downfall:FleeingMerchant","floor":11,"turns":4},{"damage":12,"enemies":"3 Louse","floor":12,"turns":2},{"damage":3,"enemies":"Lots of Slimes","floor":13,"turns":3},{"damage":8,"enemies":"Large Slime","floor":14,"turns":5},{"damage":9,"enemies":"Exordium Wildlife","floor":15,"turns":4},{"damage":60,"enemies":"downfall:Ironclad","floor":16,"turns":6}],"seed_played":"-7429300053238472484","potions_obtained":[{"floor":4,"key":"FairyPotion"},{"floor":4,"key":"Strength Potion"},{"floor":15,"key":"Block Potion"}],"is_trial":false,"path_per_floor":["R","?","M","?","M","M","T","E","?","R","$","M","M","M","M","B"],"character_chosen":"THE_SNECKO","items_purchased":[],"campfire_rested":0,"item_purchase_floors":[],"current_hp_per_floor":[81,74,74,74,75,76,76,48,48,48,45,37,34,26,18,0,0],"gold":150,"neow_bonus":"THREE_ENEMY_KILL","is_daily":false,"chose_seed":false,"campfire_upgraded":1,"win_rate":0.0,"timestamp":1608263434,"path_taken":["R","?","M","?","M","?","T","E","?","R","$","M","M","M","M","BOSS"],"items_purchased_type":[],"build_version":"2020-12-13","purchased_purges":0,"victory":false,"max_hp_per_floor":[90,90,90,90,91,92,92,92,92,92,92,92,92,92,93,93,93],"card_choices":[{"not_picked":["sneckomod:RainOfDice","sneckomod:DiceCrush"],"picked":"sneckomod:MasterEye","floor":3},{"not_picked":["sneckomod:Unknown1Cost","sneckomod:UnknownClassTHE_CHAMP_GRAY"],"picked":"sneckomod:UnknownWeak","floor":5},{"not_picked":["sneckomod:DiceCrush","sneckomod:CheapStock"],"picked":"sneckomod:UnknownCommonSkill","floor":6},{"not_picked":["sneckomod:MasterEye","sneckomod:Unknown0Cost"],"picked":"sneckomod:DiceBoulder","floor":8},{"not_picked":["sneckomod:Nope","sneckomod:DiceCrush"],"picked":"sneckomod:QuickBite","floor":11},{"not_picked":["sneckomod:QuickBite","sneckomod:SoulDraw"],"picked":"sneckomod:Nope","floor":12},{"not_picked":["sneckomod:DiceBlock","sneckomod:UnknownVulnerable"],"picked":"sneckomod:MorePower","floor":13},{"not_picked":["sneckomod:MixItUp","sneckomod:UnknownCommonAttack"],"picked":"sneckomod:CheapStock","floor":14},{"not_picked":["sneckomod:DiceBlock","sneckomod:UnknownCommonAttack"],"picked":"sneckomod:UnknownEthereal","floor":15}],"player_experience":422801,"relics_obtained":[{"floor":7,"key":"Nunchaku"},{"floor":8,"key":"Oddly Smooth Stone"}],"event_choices":[{"damage_healed":0,"gold_gain":0,"player_choice":"Success","damage_taken":7,"relics_obtained":["Smiling Mask"],"max_hp_gain":0,"max_hp_loss":0,"event_name":"Scrap Ooze","floor":2,"gold_loss":0},{"damage_healed":0,"gold_gain":0,"player_choice":"Got Potions","damage_taken":0,"max_hp_gain":0,"max_hp_loss":0,"event_name":"Lab","floor":4,"gold_loss":0}],"is_beta":false,"boss_relics":[],"items_purged_floors":[],"is_endless":false,"potions_floor_spawned":[8,12,14,15],"killed_by":"downfall:Ironclad","ascension_level":13}}