{"host":"22l09gq0pwxrzbq5","time":1608276713,"event":{"mods":["BaseMod","Downfall","Marisa????????","Minty Spire (QoL Compilation)","StSLib","The Servant 0.9.4"],"gold_per_floor":[99,99,118,118,131,143,143,143,128,128,139,139,62,75,100,217,217,142,174,191,191,291,291,338,372,372,372],"floor_reached":26,"playtime":2553,"items_purged":[],"score":198,"play_id":"42354365-7d91-4dca-90d5-dcb161fb7fbd","local_time":"20201217233153","is_ascension_mode":false,"campfire_choices":[{"data":"Strike_MRS","floor":1,"key":"SMITH"},{"floor":4,"key":"REST"},{"floor":10,"key":"RECALL"},{"data":"AsteroidBelt","floor":18,"key":"SMITH"},{"floor":21,"key":"REST"}],"circlet_count":0,"master_deck":["Strike_MRS+1","Strike_MRS","Strike_MRS","Strike_MRS","Defend_MRS","Defend_MRS","Defend_MRS","Defend_MRS","MasterSpark+1","UpSweep+1","IllusionStar","AlicesGift","PowerUp","WitchOfGreed","AsteroidBelt+1","DeepEcoloBomb","GasGiant","AsteroidBelt","DC","BigCrunch","DC","6A","AsteroidBelt+1","ManaConvection"],"relics":["MiniHakkero","Whetstone","Nunchaku","Runic Pyramid","downfall:HeartBlessingRed"],"acts_visited":["Exordium","TheCity"],"potions_floor_usage":[13,14,16,19],"damage_taken":[{"damage":9,"enemies":"2 Louse","floor":3,"turns":2},{"damage":3,"enemies":"Small Slimes","floor":5,"turns":2},{"damage":0,"enemies":"Cultist","floor":6,"turns":2},{"damage":10,"enemies":"downfall:FleeingMerchant","floor":9,"turns":4},{"damage":2,"enemies":"2 Fungi Beasts","floor":11,"turns":3},{"damage":7,"enemies":"downfall:FleeingMerchant","floor":13,"turns":4},{"damage":15,"enemies":"Exordium Wildlife","floor":14,"turns":4},{"damage":13,"enemies":"Red Slaver","floor":15,"turns":4},{"damage":30,"enemies":"downfall:Ironclad","floor":16,"turns":9},{"damage":14,"enemies":"Spheric Guardian","floor":19,"turns":4},{"damage":5,"enemies":"Chosen","floor":20,"turns":4},{"damage":13,"enemies":"Snake Plant","floor":25,"turns":4},{"damage":71,"enemies":"Gremlin Leader","floor":26,"turns":7}],"seed_played":"4927640110582075058","potions_obtained":[{"floor":5,"key":"ColorlessPotion"},{"floor":6,"key":"AttackPotion"},{"floor":8,"key":"Regen Potion"},{"floor":8,"key":"Explosive Potion"},{"floor":13,"key":"BottledSpark"},{"floor":15,"key":"FearPotion"},{"floor":16,"key":"Ancient Potion"},{"floor":16,"key":"SteroidPotion"},{"floor":19,"key":"Energy Potion"}],"is_trial":false,"path_per_floor":["R","?","M","R","M","M","T","?","$","R","M","?","$","M","M","B",null,"R","M","M","R","?","?","T","M","E"],"character_chosen":"MARISA","items_purchased":["GasGiant"],"campfire_rested":2,"item_purchase_floors":[13],"current_hp_per_floor":[75,75,66,75,72,72,72,72,62,62,60,60,65,50,37,7,75,75,61,56,75,75,75,75,62,0,0],"gold":372,"neow_bonus":"RANDOM_COMMON_RELIC","is_daily":false,"chose_seed":false,"campfire_upgraded":2,"win_rate":0.0,"timestamp":1608276713,"path_taken":["R","?","M","R","M","M","T","?","$","R","?","?","?","?","M","BOSS","R","?","M","R","?","?","T","?","E"],"items_purchased_type":["Card"],"build_version":"2020-12-13","purchased_purges":0,"victory":false,"max_hp_per_floor":[75,75,75,75,75,75,75,75,75,75,75,75,75,75,75,75,75,75,75,75,75,75,75,75,75,75,75],"card_choices":[{"not_picked":["DC","FairyDestructionRay"],"picked":"IllusionStar","floor":3},{"not_picked":["ShootingEcho","MilkyWay"],"picked":"AlicesGift","floor":5},{"not_picked":["DC","EnergyRecoil"],"picked":"PowerUp","floor":6},{"not_picked":["Robbery","Acceleration"],"picked":"WitchOfGreed","floor":9},{"not_picked":["GalacticHalo","MysteriousBeam"],"picked":"AsteroidBelt","floor":11},{"not_picked":["ManaConvection","CasketOfStar"],"picked":"DeepEcoloBomb","floor":13},{"not_picked":["WitchOfGreed","Singularity"],"picked":"AsteroidBelt","floor":14},{"not_picked":["EnergyRecoil","MysteriousBeam"],"picked":"DC","floor":15},{"not_picked":["AbsoluteMagnitude","UltimateShortwave"],"picked":"BigCrunch","floor":16},{"not_picked":["Acceleration","6A"],"picked":"DC","floor":19},{"not_picked":["MysteriousBeam+1","MeteoricShower"],"picked":"6A","floor":20},{"not_picked":["WitchLeyline","IllusionStar"],"picked":"ManaConvection","floor":25}],"player_experience":1542,"relics_obtained":[{"floor":7,"key":"Nunchaku"}],"event_choices":[{"damage_healed":0,"gold_gain":0,"player_choice":"Got Potions","damage_taken":0,"max_hp_gain":0,"max_hp_loss":0,"event_name":"Lab","floor":8,"gold_loss":0},{"damage_healed":0,"gold_gain":0,"player_choice":"Copied","damage_taken":0,"max_hp_gain":0,"max_hp_loss":0,"event_name":"Duplicator","floor":23,"gold_loss":0,"cards_obtained":["AsteroidBelt"]}],"is_beta":false,"boss_relics":[{"not_picked":["SlaversCollar","Cursed Key"],"picked":"Runic Pyramid"}],"items_purged_floors":[],"is_endless":false,"potions_floor_spawned":[5,6,15,16,25],"killed_by":"Gremlin Leader","ascension_level":0}}