{"host":"rmsq46plbpwfbxcc","time":1608301839,"event":{"mods":["AchievementEnabler","BaseMod","Colored Map","DeckTracker","Minty Spire (QoL Compilation)","Permanent Neow","SuperFastMode"],"gold_per_floor":[116,88,88,102,119,119,133,149,173,200,229,248,248,285,285,285,285],"floor_reached":16,"playtime":719,"items_purged":[],"score":205,"play_id":"20307811-5006-4083-84f7-bac606e20cba","local_time":"20201218233039","is_ascension_mode":true,"campfire_choices":[{"data":"Neutralize","floor":6,"key":"SMITH"},{"data":"Eviscerate","floor":13,"key":"SMITH"},{"data":"Malaise","floor":15,"key":"SMITH"}],"circlet_count":0,"master_deck":["AscendersBane","Strike_G","Strike_G","Strike_G","Defend_G","Defend_G","Defend_G","Defend_G","Defend_G","Survivor","Neutralize+1","Tactician","Well Laid Plans","Dagger Throw","Eviscerate+1","PiercingWail","PiercingWail","Acrobatics","Escape Plan","Malaise+1","Blade Dance"],"relics":["Ring of the Snake","Strawberry","CeramicFish","Bag of Preparation"],"acts_visited":["Exordium"],"potions_floor_usage":[10,14,16,16],"damage_taken":[{"damage":0,"enemies":"2 Louse","floor":1,"turns":3},{"damage":2,"enemies":"Cultist","floor":4,"turns":4},{"damage":0,"enemies":"Jaw Worm","floor":5,"turns":3},{"damage":3,"enemies":"Looter","floor":7,"turns":3},{"damage":10,"enemies":"Lots of Slimes","floor":8,"turns":7},{"damage":11,"enemies":"3 Sentries","floor":10,"turns":10},{"damage":1,"enemies":"Blue Slaver","floor":11,"turns":5},{"damage":16,"enemies":"Exordium Wildlife","floor":12,"turns":6},{"damage":4,"enemies":"Gremlin Nob","floor":14,"turns":3},{"damage":18,"enemies":"Hexaghost","floor":16,"turns":16}],"seed_played":"6289850488959941835","potions_obtained":[{"floor":1,"key":"DuplicationPotion"},{"floor":10,"key":"Fruit Juice"},{"floor":11,"key":"EntropicBrew"},{"floor":12,"key":"FearPotion"}],"is_trial":false,"path_per_floor":["M","$","?","M","M","R","M","M","T","E","M","M","R","E","R","B"],"character_chosen":"THE_SILENT","items_purchased":["Dagger Throw"],"campfire_rested":0,"item_purchase_floors":[2],"current_hp_per_floor":[59,59,52,50,50,50,47,37,44,38,37,21,21,17,17,0,0],"gold":285,"neow_bonus":"TRANSFORM_CARD","is_daily":false,"chose_seed":false,"campfire_upgraded":3,"win_rate":0.0,"timestamp":1608301839,"path_taken":["M","$","?","M","M","R","M","M","T","E","M","M","R","E","R","BOSS"],"items_purchased_type":["Card"],"build_version":"2020-12-13","purchased_purges":0,"victory":false,"max_hp_per_floor":[66,66,66,66,66,66,66,66,73,78,78,78,78,78,78,78,78],"card_choices":[{"not_picked":["Outmaneuver","Quick Slash"],"picked":"Well Laid Plans","floor":1},{"not_picked":["Outmaneuver","Bane"],"picked":"Eviscerate","floor":4},{"not_picked":["Skewer","Quick Slash"],"picked":"PiercingWail","floor":5},{"not_picked":["Catalyst","Prepared"],"picked":"PiercingWail","floor":7},{"not_picked":["Slice","Night Terror"],"picked":"Acrobatics","floor":8},{"not_picked":["Bane","Quick Slash","Poisoned Stab"],"picked":"SKIP","floor":10},{"not_picked":["Outmaneuver","PiercingWail"],"picked":"Escape Plan","floor":11},{"not_picked":["Sucker Punch","Crippling Poison"],"picked":"Malaise","floor":12},{"not_picked":["Choke","Underhanded Strike"],"picked":"Blade Dance","floor":14}],"player_experience":1330953,"relics_obtained":[{"floor":9,"key":"Strawberry"},{"floor":10,"key":"CeramicFish"},{"floor":14,"key":"Bag of Preparation"}],"event_choices":[{"cards_removed":["Strike_G"],"damage_healed":0,"gold_gain":0,"player_choice":"Card Removal","damage_taken":7,"max_hp_gain":0,"max_hp_loss":0,"event_name":"Golden Wing","floor":3,"gold_loss":0}],"is_beta":false,"boss_relics":[],"items_purged_floors":[],"is_endless":false,"potions_floor_spawned":[1,10,11,12],"killed_by":"Hexaghost","ascension_level":16}}