{"host":"r2b8ojg4o4pyvjvq","time":1608301229,"event":{"mods":["BaseMod","Colored Map","Downfall","Highlight Path","Hubris","Marisa????????","Minty Spire (QoL Compilation)","Quick Restart","Replay The Spire","StSLib","SuperFastMode"],"gold_per_floor":[210,224,67,67,67,96,109,134,134,146,146,146,146,146],"floor_reached":13,"playtime":306,"items_purged":[],"score":135,"play_id":"9b5b4e16-5dd1-46c9-a6d0-178bda68b73d","local_time":"20201218152029","is_ascension_mode":true,"campfire_choices":[{"floor":11,"key":"REST"}],"circlet_count":0,"master_deck":["Strike_MRS","Strike_MRS","Strike_MRS","Strike_MRS","Defend_MRS","Defend_MRS","Defend_MRS","Defend_MRS","MasterSpark","UpSweep","PropBag+1","Singularity","EnergyFlow","MysteriousBeam+1","MysteriousBeam"],"relics":["MiniHakkero","Replay:Mystery Machine","hubris:Towel","Bag of Marbles","Lantern","hubris:FunFungus","AmplifyWand"],"acts_visited":["Exordium"],"potions_floor_usage":[6,8],"damage_taken":[{"damage":5,"enemies":"2 Louse","floor":1,"turns":3},{"damage":7,"enemies":"Small Slimes","floor":2,"turns":3},{"damage":24,"enemies":"Gremlin Nob","floor":6,"turns":4},{"damage":3,"enemies":"Jaw Worm","floor":7,"turns":2},{"damage":20,"enemies":"Lagavulin","floor":8,"turns":7},{"damage":0,"enemies":"Large Slime","floor":10,"turns":3},{"damage":34,"enemies":"Replay:BlueRogue","floor":13,"turns":3}],"seed_played":"-5239842166029453730","potions_obtained":[{"floor":1,"key":"ColorlessPotion"},{"floor":6,"key":"Energy Potion"},{"floor":8,"key":"Strength Potion"},{"floor":10,"key":"Guardian:BlockOnCardUsePotion"}],"is_trial":false,"path_per_floor":["M","M","$","?","?","E","M","E","T","M","R","?","E"],"character_chosen":"MARISA","items_purchased":["Replay:Mystery Machine"],"campfire_rested":1,"item_purchase_floors":[3],"current_hp_per_floor":[63,56,56,56,56,32,29,9,9,9,31,31,0,0],"gold":146,"neow_bonus":"HUNDRED_GOLD","is_daily":false,"chose_seed":false,"campfire_upgraded":0,"win_rate":0.0,"timestamp":1608301229,"path_taken":["M","M","$","?","?","E","M","E","T","M","R","?","E"],"items_purchased_type":["Relic"],"build_version":"2020-12-13","purchased_purges":0,"victory":false,"max_hp_per_floor":[75,75,75,75,75,75,75,75,75,75,75,75,75,75],"card_choices":[{"not_picked":["ChargeUpSpray","MilkyWay"],"picked":"PropBag","floor":1},{"not_picked":["PropBag","BlazeAway"],"picked":"Singularity","floor":2},{"not_picked":["UnstableBomb","IllusionStar"],"picked":"EnergyFlow","floor":6},{"not_picked":["WitchLeyline","StarBarrage"],"picked":"MysteriousBeam","floor":7},{"not_picked":["6A","MachineGunSpark","Acceleration"],"picked":"SKIP","floor":8},{"not_picked":["MilkyWay","UnstableBomb"],"picked":"MysteriousBeam","floor":10}],"player_experience":451032,"relics_obtained":[{"floor":6,"key":"Bag of Marbles"},{"floor":8,"key":"Lantern"},{"floor":9,"key":"hubris:FunFungus"}],"event_choices":[{"damage_healed":0,"gold_gain":0,"player_choice":"Grow","damage_taken":0,"max_hp_gain":0,"max_hp_loss":0,"event_name":"Living Wall","floor":4,"gold_loss":0,"cards_upgraded":["PropBag"]}],"is_beta":false,"boss_relics":[],"items_purged_floors":[],"is_endless":false,"potions_floor_spawned":[1,6,8,10],"killed_by":"Replay:BlueRogue","ascension_level":9}}