{"host":"hjw1ay65n7jm40lc","time":1608255762,"event":{"mods":["AchievementEnabler","BaseMod","Colored Map","Colored Powertips","Googly Eyes","Highlight Path","Minty Spire (QoL Compilation)","Quick Restart","Relic Stats"],"gold_per_floor":[113,113,113,113,125,156,156,187,187,204,220,249,174,186,186,259,259,274,274,302,302,302,328,348,380,380,380,326,356,107,123,123,123,123],"floor_reached":33,"playtime":3684,"items_purged":[],"score":772,"play_id":"5c32c47f-d04c-49ad-a914-b85b7d48dfa5","local_time":"20201217204242","is_ascension_mode":true,"campfire_choices":[{"data":"Bash","floor":7,"key":"SMITH"},{"data":"Offering","floor":15,"key":"SMITH"},{"floor":27,"key":"REST"},{"floor":32,"key":"REST"}],"circlet_count":0,"master_deck":["AscendersBane","Strike_R+1","Defend_R+1","Defend_R","Defend_R","Defend_R","Bash+1","Twin Strike","Seeing Red","Wild Strike","Cleave","Metallicize","True Grit","Offering+1","Infernal Blade","Corruption","Seeing Red","Double Tap","Anger","Offering+1","Shockwave+1","Feed","Sentinel","Whirlwind","Infernal Blade","Flame Barrier","True Grit"],"relics":["Burning Blood","NeowsBlessing","Gremlin Horn","Sundial","Happy Flower","Blue Candle","Bronze Scales","Runic Pyramid","Red Mask","Meat on the Bone","Dream Catcher","Nunchaku","Thread and Needle"],"acts_visited":["Exordium","TheCity"],"potions_floor_usage":[8,12,20,23,24,33],"damage_taken":[{"damage":0,"enemies":"Small Slimes","floor":1,"turns":1},{"damage":0,"enemies":"2 Louse","floor":5,"turns":1},{"damage":0,"enemies":"Gremlin Nob","floor":6,"turns":1},{"damage":12,"enemies":"3 Sentries","floor":8,"turns":6},{"damage":1,"enemies":"Cultist","floor":10,"turns":3},{"damage":0,"enemies":"Exordium Thugs","floor":11,"turns":3},{"damage":14,"enemies":"Lagavulin","floor":12,"turns":6},{"damage":0,"enemies":"Lots of Slimes","floor":14,"turns":2},{"damage":6,"enemies":"Slime Boss","floor":16,"turns":4},{"damage":12,"enemies":"2 Thieves","floor":18,"turns":3},{"damage":36,"enemies":"Masked Bandits","floor":20,"turns":4},{"damage":7,"enemies":"Book of Stabbing","floor":23,"turns":4},{"damage":6,"enemies":"Chosen","floor":24,"turns":3},{"damage":32,"enemies":"Slavers","floor":25,"turns":4},{"damage":15,"enemies":"Gremlin Leader","floor":29,"turns":4},{"damage":26,"enemies":"Shelled Parasite and Fungi","floor":31,"turns":3},{"damage":110,"enemies":"Collector","floor":33,"turns":11}],"seed_played":"-5955574206386010009","potions_obtained":[{"floor":5,"key":"Explosive Potion"},{"floor":6,"key":"DuplicationPotion"},{"floor":8,"key":"ElixirPotion"},{"floor":11,"key":"Energy Potion"},{"floor":14,"key":"ElixirPotion"},{"floor":16,"key":"SpeedPotion"},{"floor":20,"key":"PowerPotion"},{"floor":23,"key":"Fruit Juice"}],"is_trial":false,"path_per_floor":["M","?","?","?","M","E","R","E","T","M","M","E","?","M","R","B",null,"M","?","?","?","?","E","M","E","T","R","$","E","$","M","R","B"],"character_chosen":"IRONCLAD","items_purchased":["FearPotion","Sentinel","Whirlwind","Infernal Blade"],"campfire_rested":2,"item_purchase_floors":[28,30,30,30],"current_hp_per_floor":[74,63,40,40,46,52,52,46,46,51,57,49,49,55,55,55,70,64,64,34,34,34,33,50,36,36,60,60,51,51,46,70,0,0],"gold":123,"neow_bonus":"THREE_ENEMY_KILL","is_daily":false,"chose_seed":false,"campfire_upgraded":2,"win_rate":0.0,"timestamp":1608255762,"path_taken":["M","?","?","?","M","E","R","E","T","M","M","E","?","M","R","BOSS","M","?","?","?","?","E","M","E","T","R","$","E","$","M","R","BOSS"],"items_purchased_type":["Potion","Card","Card","Card"],"build_version":"2020-12-13","purchased_purges":0,"victory":false,"max_hp_per_floor":[75,75,75,75,75,75,75,75,75,75,75,75,75,75,75,75,75,75,75,75,75,75,75,80,80,80,80,80,80,80,83,83,83,83],"relic_stats":{"Dream Catcher":2,"Nunchaku":[6],"Gremlin Horn":[18,18],"Happy Flower":[18],"counters":[17,63],"Sundial":[8],"Blue Candle":[0],"Bronze Scales":[97],"obtain_stats":[{"NeowsBlessing":0,"Gremlin Horn":2,"Happy Flower":8,"Blue Candle":9,"Thread and Needle":29,"Burning Blood":0,"Dream Catcher":25,"Nunchaku":26,"Sundial":6,"Bronze Scales":12,"Red Mask":20,"Runic Pyramid":17,"Meat on the Bone":23},{"NeowsBlessing":0,"Gremlin Horn":1,"Happy Flower":4,"Blue Candle":4,"Thread and Needle":15,"Burning Blood":0,"Dream Catcher":14,"Nunchaku":14,"Sundial":3,"Bronze Scales":7,"Red Mask":11,"Runic Pyramid":9,"Meat on the Bone":12},{"NeowsBlessing":0,"Gremlin Horn":1,"Happy Flower":9,"Blue Candle":9,"Thread and Needle":49,"Burning Blood":0,"Dream Catcher":45,"Nunchaku":45,"Sundial":3,"Bronze Scales":21,"Red Mask":34,"Runic Pyramid":27,"Meat on the Bone":38}],"Burning Blood":96,"Meat on the Bone":36},"card_choices":[{"not_picked":["Warcry","Combust"],"picked":"Twin Strike","floor":1},{"not_picked":["Body Slam","Intimidate"],"picked":"Wild Strike","floor":5},{"not_picked":["Rupture","Corruption"],"picked":"Cleave","floor":6},{"not_picked":["Thunderclap","Rupture"],"picked":"Metallicize","floor":8},{"not_picked":["Pommel Strike","Evolve"],"picked":"True Grit","floor":10},{"not_picked":["Heavy Blade","Rage","Shrug It Off"],"picked":"SKIP","floor":11},{"not_picked":["Havoc","Power Through"],"picked":"Offering","floor":12},{"not_picked":["Power Through","Thunderclap"],"picked":"Infernal Blade","floor":14},{"not_picked":["Brutality","Exhume"],"picked":"Corruption","floor":16},{"not_picked":["Wild Strike","Cleave+1","Second Wind"],"picked":"SKIP","floor":18},{"not_picked":["Headbutt","Rampage"],"picked":"Anger","floor":20},{"not_picked":["Sword Boomerang","Rampage","Iron Wave"],"picked":"SKIP","floor":23},{"not_picked":["Perfected Strike","Headbutt","Havoc"],"picked":"SKIP","floor":24},{"not_picked":["Flex+1","Warcry"],"picked":"Shockwave+1","floor":25},{"not_picked":["Cleave","Dropkick+1"],"picked":"Feed","floor":29},{"not_picked":["Shrug It Off","Clash"],"picked":"Flame Barrier","floor":31},{"not_picked":["Flex","Power Through"],"picked":"True Grit","floor":32}],"player_experience":320302,"relics_obtained":[{"floor":6,"key":"Sundial"},{"floor":8,"key":"Happy Flower"},{"floor":9,"key":"Blue Candle"},{"floor":12,"key":"Bronze Scales"},{"floor":20,"key":"Red Mask"},{"floor":23,"key":"Meat on the Bone"},{"floor":25,"key":"Dream Catcher"},{"floor":26,"key":"Nunchaku"},{"floor":29,"key":"Thread and Needle"}],"event_choices":[{"damage_healed":0,"gold_gain":0,"player_choice":"Success","damage_taken":11,"relics_obtained":["Gremlin Horn"],"max_hp_gain":0,"max_hp_loss":0,"event_name":"Scrap Ooze","floor":2,"gold_loss":0},{"damage_healed":0,"gold_gain":0,"player_choice":"Entered Light","damage_taken":23,"max_hp_gain":0,"max_hp_loss":0,"event_name":"Shining Light","floor":3,"gold_loss":0,"cards_upgraded":["Defend_R","Strike_R"]},{"damage_healed":0,"gold_gain":0,"cards_transformed":["Strike_R"],"player_choice":"Change","damage_taken":0,"max_hp_gain":0,"max_hp_loss":0,"event_name":"Living Wall","floor":4,"gold_loss":0,"cards_obtained":["Seeing Red"]},{"cards_removed":["Strike_R"],"damage_healed":0,"gold_gain":0,"player_choice":"Card Removal","damage_taken":0,"max_hp_gain":0,"max_hp_loss":0,"event_name":"The Cleric","floor":13,"gold_loss":75},{"damage_healed":0,"gold_gain":0,"cards_transformed":["Strike_R","Strike_R"],"player_choice":"Became Test Subject","damage_taken":0,"max_hp_gain":0,"max_hp_loss":0,"event_name":"Drug Dealer","floor":19,"gold_loss":0,"cards_obtained":["Seeing Red","Double Tap"]},{"damage_healed":0,"gold_gain":0,"player_choice":"Fought Bandits","damage_taken":0,"max_hp_gain":0,"max_hp_loss":0,"event_name":"Masked Bandits","floor":20,"gold_loss":0},{"damage_healed":0,"gold_gain":0,"player_choice":"Ignored","damage_taken":0,"max_hp_gain":0,"max_hp_loss":0,"event_name":"Beggar","floor":21,"gold_loss":0},{"damage_healed":0,"gold_gain":0,"player_choice":"Copied","damage_taken":0,"max_hp_gain":0,"max_hp_loss":0,"event_name":"Duplicator","floor":22,"gold_loss":0,"cards_obtained":["Offering"]}],"is_beta":false,"boss_relics":[{"not_picked":["Runic Cube","Calling Bell"],"picked":"Runic Pyramid"}],"items_purged_floors":[],"is_endless":false,"potions_floor_spawned":[5,6,8,11,14,16,20,23],"killed_by":"Collector","ascension_level":19}}