{"host":"i1h39d0gfh5c6uxl","time":1608293506,"event":{"mods":["AchievementEnabler","BaseMod","Colored Map","Colored Powertips","Highlight Path","Minty Spire (QoL Compilation)"],"gold_per_floor":[18,31,51,11,11,11,39,39,63,95,95,110,121,164,164,251,251,251,251,251,251,251,251,251,251,251,251,251,251,251,251,251],"floor_reached":31,"playtime":1189,"items_purged":[],"score":615,"play_id":"403808d5-ef94-4c06-bc92-d072499dfdc7","local_time":"20201218201146","is_ascension_mode":true,"campfire_choices":[{"data":"Anger","floor":6,"key":"SMITH"},{"data":"Armaments","floor":8,"key":"SMITH"},{"floor":11,"key":"REST"},{"floor":15,"key":"REST"},{"data":"Demon Form","floor":27,"key":"SMITH"}],"circlet_count":0,"master_deck":["AscendersBane","Defend_R","Defend_R","Defend_R","Defend_R","Bash","Anger+1","Pommel Strike+1","Shockwave","Armaments+1","Pommel Strike","Shrug It Off","Demon Form+1","Bite","Bite","Bite+1","Bite","Bite","Disarm","Battle Trance","Headbutt+1","Uppercut"],"relics":["Burning Blood","Bronze Scales","Boot","Orichalcum","Letter Opener","CeramicFish","Ectoplasm","Smiling Mask","InkBottle","Whetstone","Eternal Feather"],"acts_visited":["Exordium","TheCity"],"potions_floor_usage":[10,12,13,14,16,18,24,24,28],"damage_taken":[{"damage":8,"enemies":"2 Louse","floor":1,"turns":3},{"damage":6,"enemies":"Cultist","floor":2,"turns":3},{"damage":13,"enemies":"Small Slimes","floor":3,"turns":4},{"damage":32,"enemies":"Gremlin Nob","floor":7,"turns":4},{"damage":25,"enemies":"Lagavulin","floor":10,"turns":5},{"damage":2,"enemies":"Exordium Wildlife","floor":12,"turns":3},{"damage":9,"enemies":"Large Slime","floor":13,"turns":5},{"damage":21,"enemies":"Gremlin Nob","floor":14,"turns":4},{"damage":47,"enemies":"The Guardian","floor":16,"turns":11},{"damage":24,"enemies":"Spheric Guardian","floor":18,"turns":4},{"damage":6,"enemies":"3 Byrds","floor":19,"turns":3},{"damage":33,"enemies":"Cultist and Chosen","floor":22,"turns":7},{"damage":18,"enemies":"Book of Stabbing","floor":23,"turns":5},{"damage":28,"enemies":"Sentry and Sphere","floor":24,"turns":5},{"damage":19,"enemies":"Snecko","floor":25,"turns":6},{"damage":48,"enemies":"Gremlin Leader","floor":28,"turns":6},{"damage":27,"enemies":"Book of Stabbing","floor":31,"turns":4}],"seed_played":"4110705251696449504","potions_obtained":[{"floor":3,"key":"CultistPotion"},{"floor":7,"key":"SkillPotion"},{"floor":12,"key":"EntropicBrew"},{"floor":13,"key":"ColorlessPotion"},{"floor":16,"key":"DistilledChaos"},{"floor":22,"key":"Energy Potion"},{"floor":23,"key":"BlessingOfTheForge"},{"floor":25,"key":"Dexterity Potion"}],"is_trial":false,"path_per_floor":["M","M","M","$","?","R","E","R","T","E","R","M","M","E","R","B",null,"M","M","?","T","M","E","M","M","T","R","E","?","?","E"],"character_chosen":"IRONCLAD","items_purchased":["Shockwave"],"campfire_rested":2,"item_purchase_floors":[4],"current_hp_per_floor":[80,80,73,73,73,73,47,47,47,28,54,58,55,40,66,25,73,55,55,55,55,42,38,35,46,46,46,21,21,21,0,0],"gold":251,"neow_bonus":"TWENTY_PERCENT_HP_BONUS","is_daily":false,"chose_seed":false,"campfire_upgraded":3,"win_rate":0.0,"timestamp":1608293506,"path_taken":["M","M","M","$","?","R","E","R","T","E","R","M","M","E","R","BOSS","M","?","?","?","M","E","M","M","T","R","E","?","?","E"],"items_purchased_type":["Card"],"build_version":"2020-12-13","purchased_purges":0,"victory":false,"max_hp_per_floor":[89,89,89,89,89,89,89,89,89,89,89,89,89,89,89,89,89,89,89,62,62,62,62,62,62,62,62,62,62,62,62,62],"card_choices":[{"not_picked":["Combust","Metallicize"],"picked":"Anger","floor":1},{"not_picked":["Body Slam","Dark Embrace","Dropkick"],"picked":"SKIP","floor":2},{"not_picked":["Iron Wave","Intimidate"],"picked":"Pommel Strike","floor":3},{"not_picked":["Heavy Blade","Anger"],"picked":"Armaments","floor":7},{"not_picked":["Spot Weakness","Whirlwind","Carnage"],"picked":"SKIP","floor":10},{"not_picked":["Body Slam","Havoc","Flex"],"picked":"SKIP","floor":12},{"not_picked":["Sword Boomerang","Dropkick"],"picked":"Pommel Strike","floor":13},{"not_picked":["Flex","Wild Strike"],"picked":"Shrug It Off","floor":14},{"not_picked":["Exhume","Fiend Fire"],"picked":"Demon Form","floor":16},{"not_picked":["Wild Strike","Pommel Strike","Clash"],"picked":"SKIP","floor":18},{"not_picked":["Feel No Pain+1","Anger","Flex"],"picked":"SKIP","floor":19},{"not_picked":["Iron Wave+1","Rupture"],"picked":"Disarm","floor":22},{"not_picked":["Sentinel","Inflame","Iron Wave+1"],"picked":"SKIP","floor":23},{"not_picked":["Shockwave","Pummel"],"picked":"Battle Trance","floor":24},{"not_picked":["Fire Breathing","Havoc+1","Thunderclap"],"picked":"SKIP","floor":25},{"not_picked":["Clash","Pummel"],"picked":"Headbutt+1","floor":28}],"player_experience":1277107,"relics_obtained":[{"floor":7,"key":"Boot"},{"floor":9,"key":"Orichalcum"},{"floor":10,"key":"Letter Opener"},{"floor":14,"key":"CeramicFish"},{"floor":21,"key":"Smiling Mask"},{"floor":23,"key":"InkBottle"},{"floor":26,"key":"Whetstone"},{"floor":28,"key":"Eternal Feather"}],"event_choices":[{"damage_healed":0,"gold_gain":0,"player_choice":"Gave Potion","damage_taken":0,"relics_obtained":["Bronze Scales"],"max_hp_gain":0,"max_hp_loss":0,"event_name":"WeMeetAgain","floor":5,"gold_loss":0},{"damage_healed":0,"gold_gain":0,"player_choice":"Became a vampire","damage_taken":0,"max_hp_gain":0,"max_hp_loss":27,"event_name":"Vampires","floor":20,"gold_loss":0,"cards_obtained":["Bite","Bite","Bite","Bite","Bite"]},{"damage_healed":0,"gold_gain":0,"player_choice":"Read","damage_taken":0,"max_hp_gain":0,"max_hp_loss":0,"event_name":"The Library","floor":29,"gold_loss":0,"cards_obtained":["Uppercut"]},{"damage_healed":0,"gold_gain":0,"player_choice":"Ignored","damage_taken":0,"max_hp_gain":0,"max_hp_loss":0,"event_name":"Ghosts","floor":30,"gold_loss":0}],"is_beta":false,"boss_relics":[{"not_picked":["Mark of Pain","Coffee Dripper"],"picked":"Ectoplasm"}],"items_purged_floors":[],"is_endless":false,"potions_floor_spawned":[3,7,12,13,16,22,23,25],"killed_by":"Book of Stabbing","ascension_level":20}}