{"host":"1rk7fqgr1btd4nmm","time":1608327257,"event":{"mods":["Aspiration","BaseMod","Better Altar","Better Match","Better Note","Better Sensory Stone","Better Skull","Conspire","Halation","Hubris","Infinite Spire","Minty Spire (QoL Compilation)","Quick Restart","Replay The Spire","StSLib"],"gold_per_floor":[112,123,123,123,133,158,123,150,150,150,50,50,115,168,168,168,168],"floor_reached":16,"playtime":1613,"items_purged":[],"score":124,"play_id":"3ca9d7db-c3e6-4dd6-9078-4508337e0643","local_time":"20201218153417","is_ascension_mode":true,"campfire_choices":[{"floor":10,"key":"REST"},{"floor":15,"key":"REST"}],"circlet_count":0,"master_deck":["Strike_B","Strike_B","Strike_B","Strike_B","Defend_B","Defend_B","Defend_B","Defend_B","Zap","Dualcast","ReplayTheSpireMod:Reroute Power","Consume","Regret","Chaos","Skim","FIFO Queue","conspire:SpireCoStock","conspire:SpireCoStock","Aggregate","Rainbow"],"relics":["Cracked Core","NeowsBlessing","Gremlin Horn","hubris:GlazedTorus","infinitespire:Eraser","conspire:TopHat"],"acts_visited":["Exordium"],"potions_floor_usage":[6,16,16],"damage_taken":[{"damage":0,"enemies":"Cultist","floor":1,"turns":1},{"damage":0,"enemies":"Small Slimes","floor":2,"turns":1},{"damage":0,"enemies":"conspire:RoseBush","floor":5,"turns":1},{"damage":38,"enemies":"Gremlin Nob","floor":6,"turns":4},{"damage":15,"enemies":"Replay:BlueRogue","floor":8,"turns":7},{"damage":29,"enemies":"Gremlin Nob","floor":13,"turns":8},{"damage":24,"enemies":"Large Slime","floor":14,"turns":5},{"damage":30,"enemies":"The Guardian","floor":16,"turns":2}],"seed_played":"4937179673868439406","potions_obtained":[{"floor":1,"key":"FocusPotion"},{"floor":8,"key":"BlessingOfTheForge"},{"floor":13,"key":"FocusPotion"}],"is_trial":false,"path_per_floor":["M","M","$","?","M","E","?","E","T","R","?","$","E","M","R","B"],"character_chosen":"DEFECT","items_purchased":[],"campfire_rested":2,"item_purchase_floors":[],"current_hp_per_floor":[75,75,75,75,75,37,55,40,40,62,62,62,29,5,27,0,0],"gold":168,"neow_bonus":"THREE_ENEMY_KILL","is_daily":false,"chose_seed":false,"campfire_upgraded":0,"win_rate":0.0,"timestamp":1608327257,"path_taken":["M","M","$","?","M","E","?","E","T","R","?","$","E","M","R","BOSS"],"items_purchased_type":[],"build_version":"2020-12-13","purchased_purges":0,"victory":false,"max_hp_per_floor":[75,75,75,75,75,75,75,75,75,75,75,75,75,75,75,75,75],"card_choices":[{"not_picked":["Barrage","Hologram"],"picked":"ReplayTheSpireMod:Reroute Power","floor":1},{"not_picked":["Ball Lightning","Cold Snap"],"picked":"Consume","floor":2},{"not_picked":["Steam","Reboot"],"picked":"Chaos","floor":5},{"not_picked":["Consume","Stack"],"picked":"Skim","floor":6},{"not_picked":["Gash","ReplayTheSpireMod:Repulse"],"picked":"FIFO Queue","floor":8},{"not_picked":["ReplayTheSpireMod:Calculation Training","Cold Snap"],"picked":"Aggregate","floor":13},{"not_picked":["Sweeping Beam","Barrage"],"picked":"Rainbow","floor":14}],"player_experience":473179,"relics_obtained":[{"floor":6,"key":"hubris:GlazedTorus"},{"floor":8,"key":"infinitespire:Eraser"},{"floor":13,"key":"conspire:TopHat"}],"event_choices":[{"damage_healed":0,"gold_gain":0,"player_choice":"Box","damage_taken":0,"relics_obtained":["Gremlin Horn"],"max_hp_gain":0,"max_hp_loss":0,"event_name":"Big Fish","floor":4,"gold_loss":0,"cards_obtained":["Regret"]},{"damage_healed":18,"gold_gain":0,"player_choice":"Healed","damage_taken":0,"max_hp_gain":0,"max_hp_loss":0,"event_name":"The Cleric","floor":7,"gold_loss":35},{"damage_healed":0,"gold_gain":0,"player_choice":"Invest 2","damage_taken":0,"max_hp_gain":0,"max_hp_loss":0,"event_name":"conspire:Investor","floor":11,"gold_loss":0}],"is_beta":false,"boss_relics":[],"items_purged_floors":[],"is_endless":false,"potions_floor_spawned":[1,8,13],"killed_by":"The Guardian","ascension_level":1}}