{"host":"qgpuimdto8vl2dfg","time":1608281165,"event":{"mods":["Act Like it!","BaseMod","Colored Powertips","Gensokyo","Marisa£®ÏF”Í°°ƒß¿Ì…≥£©","Minty Spire (QoL Compilation)","Quick Restart","Reimu£®≤©¿ˆ¡È√Œ£©","Relic Stats","Replay The Spire","StSLib"],"gold_per_floor":[113,113,125,194,194,194,222,222,222,222,235,283,296,333,333,454,454,479,479,509,122,122,122,178,206,233,233,283,314,314,429,429,563,563,601,629,629,455,520,565,565,598,598,624,653,695,419,449,458,458,458,458,60,90,90],"floor_reached":56,"playtime":3066,"items_purged":["Strike_MRS","Strike_MRS","Strike_MRS","WitchOfGreed"],"score":1322,"play_id":"48013dcc-256a-4d3e-b863-4b4f2dd92b83","local_time":"20201218164605","is_ascension_mode":true,"campfire_choices":[{"data":"MillisecondPulsars","floor":6.0,"key":"SMITH"},{"data":"RefractionSpark","floor":8.0,"key":"SMITH"},{"floor":10.0,"key":"RECALL"},{"data":"OortCloud","floor":23.0,"key":"SMITH"},{"data":"OortCloud","floor":30.0,"key":"SMITH"},{"data":"CasketOfStar","floor":32.0,"key":"SMITH"},{"data":"FinalSpark","floor":41.0,"key":"SMITH"},{"data":"MachineGunSpark","floor":52.0,"key":"SMITH"}],"circlet_count":0,"master_deck":["Strike_MRS","Defend_MRS","Defend_MRS","Defend_MRS","Defend_MRS","MasterSpark+1","UpSweep+1","MillisecondPulsars+1","RefractionSpark+1","OortCloud+1","CasketOfStar+1","OortCloud+1","AsteroidBelt","AsteroidBelt","StarlightTyphoon","ShootTheMoon+1","OortCloud+1","Gensokyo:ShootingStar","FinalSpark+1","PowerUp+1","MachineGunSpark+1","Trip","GasGiant","Master of Strategy"],"relics":["MiniHakkero","NeowsBlessing","Gensokyo:MarisaImprobabilityPotion","ReplayTheSpireMod:Ring of Exchange","Singing Bowl","CrazyTorch:ReiMu","PreservedInsect","CeramicFish","ChewingGum","Blood Vial","Mastiff:ReiMu","Gensokyo:MosesMiracle","HandmadeGrimoire","Strawberry","Gensokyo:RedStar","Art of War","Du-Vu Doll","Mango","ExperimentalFamiliar","Pondfish Scales","Centennial Puzzle","Bottled Flame","Akabeko","Replay:Wax Seal","Iron Hammer","Whetstone"],"acts_visited":["Gensokyo:Gensokyo","Gensokyo:Gensokyoer","TheBeyond","TheEnding"],"potions_floor_usage":[55,55,55],"damage_taken":[{"damage":0.0,"enemies":"Gensokyo:Gryphon","floor":1.0,"turns":1.0},{"damage":0.0,"enemies":"Gensokyo:3_Fairies","floor":3.0,"turns":1.0},{"damage":0.0,"enemies":"Gensokyo:Cirno","floor":7.0,"turns":2.0},{"damage":3.0,"enemies":"Gensokyo:2_Kodama","floor":11.0,"turns":2.0},{"damage":0.0,"enemies":"Gensokyo:LivingMonolith","floor":13.0,"turns":2.0},{"damage":8.0,"enemies":"Gensokyo:Aya","floor":14.0,"turns":3.0},{"damage":17.0,"enemies":"Gensokyo:Reimu","floor":16.0,"turns":6.0},{"damage":0.0,"enemies":"Gensokyo:2_Gloops","floor":18.0,"turns":4.0},{"damage":17.0,"enemies":"Gensokyo:3_Dogs","floor":20.0,"turns":6.0},{"damage":11.0,"enemies":"Gensokyo:Koishi","floor":24.0,"turns":5.0},{"damage":3.0,"enemies":"Gensokyo:Wraith","floor":25.0,"turns":4.0},{"damage":26.0,"enemies":"Gensokyo:Tenshi","floor":28.0,"turns":3.0},{"damage":0.0,"enemies":"Gensokyo:Swordslinger","floor":29.0,"turns":4.0},{"damage":0.0,"enemies":"Gensokyo:Swordslinger","floor":31.0,"turns":6.0},{"damage":5.0,"enemies":"Gensokyo:Eternal_Rivals","floor":33.0,"turns":7.0},{"damage":0.0,"enemies":"Orb Walker","floor":35.0,"turns":3.0},{"damage":2.0,"enemies":"3 Shapes","floor":36.0,"turns":2.0},{"damage":11.0,"enemies":"Mind Bloom Boss Battle","floor":39.0,"turns":6.0},{"damage":0.0,"enemies":"R_Hoarder","floor":40.0,"turns":5.0},{"damage":2.0,"enemies":"Writhing Mass","floor":42.0,"turns":4.0},{"damage":0.0,"enemies":"Giant Head","floor":44.0,"turns":1.0},{"damage":0.0,"enemies":"3 Darklings","floor":45.0,"turns":2.0},{"damage":16.0,"enemies":"Nemesis","floor":46.0,"turns":3.0},{"damage":0.0,"enemies":"4 Shapes","floor":48.0,"turns":2.0},{"damage":14.0,"enemies":"Replay:Hell Engine","floor":50.0,"turns":6.0},{"damage":0.0,"enemies":"Shield and Spear","floor":54.0,"turns":1.0},{"damage":26,"enemies":"The Heart","floor":55,"turns":9}],"seed_played":"-7024674631222703063","potions_obtained":[{"floor":3.0,"key":"BottledSpark"},{"floor":4.0,"key":"Venom Potion"},{"floor":4.0,"key":"Elixir"},{"floor":13.0,"key":"Swift Potion"},{"floor":20.0,"key":"Dexterity Potion"},{"floor":29.0,"key":"DistilledChaos"},{"floor":31.0,"key":"SkillPotion"},{"floor":39.0,"key":"Dexterity Potion"},{"floor":39.0,"key":"Energy Potion"},{"floor":40.0,"key":"Energy Potion"},{"floor":40.0,"key":"BottledSpark"},{"floor":45.0,"key":"Adrenaline Potion"}],"is_trial":false,"path_per_floor":["M","?","M","?","?","R","E","R","T","R","M","T","M","E","R","B",null,"M","?","M","$","?","R","E","M","T","?","E","M","R","?","R","B",null,"M","M","?","$","?","E","R","M","T","E","M","E","$","M","R","B",null,"R","$","E","B",null],"character_chosen":"MARISA","items_purchased":["Mastiff:ReiMu","OortCloud","AsteroidBelt","StarlightTyphoon","Trip","Replay:Wax Seal","GasGiant","Iron Hammer"],"campfire_rested":0,"item_purchase_floors":[21,21,21,21,38,47,47,53],"current_hp_per_floor":[75,75,75,75,75,75,75,75,75,75,72,72,74,66,66,49,77,79,73,58,58,58,58,49,50,57,57,33,37,37,55,55,97,102,102,100,100,100,93,97,97,99,99,103,107,95,95,99,93,81,120,120,120,122,96],"gold":90,"neow_bonus":"THREE_ENEMY_KILL","is_daily":false,"chose_seed":false,"campfire_upgraded":7,"win_rate":0.0,"timestamp":1608281165,"path_taken":["M","?","?","?","?","R","E","R","T","R","?","?","M","E","R","BOSS","M","?","M","$","?","R","E","M","T","?","E","M","R","?","R","BOSS","M","M","?","$","?","E","R","M","T","E","M","E","?","M","R","BOSS","R","$","E","BOSS"],"items_purchased_type":["Relic","Card","Card","Card","Card","Relic","Card","Relic"],"build_version":"2020-12-13","purchased_purges":4,"victory":true,"max_hp_per_floor":[75,75,75,75,75,75,75,75,75,75,75,75,77,77,77,77,77,79,73,75,75,75,75,75,77,84,84,84,86,86,102,102,102,102,102,102,102,102,104,106,106,108,108,110,112,114,114,116,120,120,120,120,120,122,122],"relic_stats":{"Blood Vial":26,"Centennial Puzzle":[12],"Singing Bowl":32,"counters":[27,100],"CeramicFish":135,"PreservedInsect":468,"Art of War":[2],"Whetstone":["MasterSpark","UpSweep"],"obtain_stats":[{"ReplayTheSpireMod:Ring of Exchange":5,"Singing Bowl":7,"CeramicFish":14,"Gensokyo:MarisaIngredientList":2,"Mango":31,"Whetstone":54,"Blood Vial":19,"Frozen Eye":24,"Centennial Puzzle":40,"Mastiff:ReiMu":21,"Strawberry":26,"Iron Hammer":53,"HandmadeGrimoire":24,"Replay:Wax Seal":47,"NeowsBlessing":0,"Gensokyo:MosesMiracle":28,"PreservedInsect":12,"Gensokyo:RedStar":27,"Akabeko":46,"Du-Vu Doll":31,"Pondfish Scales":39,"Bottled Flame":44,"ExperimentalFamiliar":34,"Gensokyo:DayTheSeaSplit":22,"CrazyTorch:ReiMu":9,"ChewingGum":17,"Art of War":28,"MiniHakkero":0,"Gensokyo:MarisaImprobabilityPotion":15},{"ReplayTheSpireMod:Ring of Exchange":2,"Singing Bowl":3,"CeramicFish":6,"Gensokyo:MarisaIngredientList":1,"Mango":14,"Whetstone":26,"Blood Vial":8,"Frozen Eye":9,"Centennial Puzzle":19,"Mastiff:ReiMu":9,"Strawberry":11,"Iron Hammer":25,"HandmadeGrimoire":10,"Replay:Wax Seal":23,"NeowsBlessing":0,"Gensokyo:MosesMiracle":12,"PreservedInsect":4,"Gensokyo:RedStar":11,"Akabeko":23,"Du-Vu Doll":14,"Pondfish Scales":18,"Bottled Flame":21,"ExperimentalFamiliar":15,"Gensokyo:DayTheSeaSplit":9,"CrazyTorch:ReiMu":3,"ChewingGum":7,"Art of War":12,"MiniHakkero":0,"Gensokyo:MarisaImprobabilityPotion":6},{"ReplayTheSpireMod:Ring of Exchange":2,"Singing Bowl":4,"CeramicFish":11,"Gensokyo:MarisaIngredientList":1,"Mango":49,"Whetstone":91,"Blood Vial":21,"Frozen Eye":27,"Centennial Puzzle":72,"Mastiff:ReiMu":27,"Strawberry":36,"Iron Hammer":90,"HandmadeGrimoire":32,"Replay:Wax Seal":82,"NeowsBlessing":0,"Gensokyo:MosesMiracle":39,"PreservedInsect":6,"Gensokyo:RedStar":36,"Akabeko":82,"Du-Vu Doll":49,"Pondfish Scales":67,"Bottled Flame":77,"ExperimentalFamiliar":56,"Gensokyo:DayTheSeaSplit":27,"CrazyTorch:ReiMu":4,"ChewingGum":17,"Art of War":39,"MiniHakkero":0,"Gensokyo:MarisaImprobabilityPotion":11}]},"card_choices":[{"not_picked":["IllusionStar","EarthLightRay"],"picked":"DoubleSpark","floor":1.0},{"not_picked":["DC","IllusionStar","6A"],"picked":"SKIP","floor":3.0},{"not_picked":["NonDirectionalLaser","StarlightTyphoon"],"picked":"MillisecondPulsars","floor":4.0},{"not_picked":["DeepEcoloBomb","LuminesStrike"],"picked":"RefractionSpark","floor":7.0},{"not_picked":["GrandCross","6A"],"picked":"OortCloud","floor":11.0},{"not_picked":["EnergyFlow","IllusionStar","DragonMeteor"],"picked":"Singing Bowl","floor":13.0},{"not_picked":["BigCrunch","AlicesGift"],"picked":"WitchOfGreed","floor":14.0},{"not_picked":["SatelliteIllusion","SuperNova"],"picked":"CasketOfStar","floor":16.0},{"not_picked":["ChargingUp","LuminesStrike","PulseMagic+1"],"picked":"Singing Bowl","floor":18.0},{"not_picked":["ShootingEcho","GrandCross","NonDirectionalLaser"],"picked":"Singing Bowl","floor":20.0},{"not_picked":["ShootingEcho","DeepEcoloBomb"],"picked":"ShootTheMoon+1","floor":24.0},{"not_picked":["DC","ShootingEcho","ChargeUpSpray+1"],"picked":"Singing Bowl","floor":25.0},{"not_picked":["MysteriousBeam+1","UnstableBomb"],"picked":"OortCloud+1","floor":28.0},{"not_picked":["BlazingStar","6A","MysteriousBeam"],"picked":"Singing Bowl","floor":29.0},{"not_picked":["EventHorizon+1","WitchLeyline+1","ShootTheMoon"],"picked":"Singing Bowl","floor":31.0},{"not_picked":[],"picked":"Gensokyo:ShootingStar","floor":33.0},{"not_picked":["CollectingQuirk","SatelliteIllusion"],"picked":"FinalSpark","floor":33.0},{"not_picked":["ShootingEcho","SporeBomb"],"picked":"PowerUp+1","floor":35.0},{"not_picked":["WitchLeyline+1","MysteriousBeam"],"picked":"MachineGunSpark","floor":36.0},{"not_picked":["DoubleSpark+1","6A","MilkyWay+1"],"picked":"Singing Bowl","floor":39.0},{"not_picked":["SatelliteIllusion","EscapeVelocity","DoubleSpark+1"],"picked":"Singing Bowl","floor":40.0},{"not_picked":["GalacticHalo","DoubleSpark","IllusionStar"],"picked":"Singing Bowl","floor":42.0},{"not_picked":["MilkyWay","IllusionStar+1","BlazingStar"],"picked":"Singing Bowl","floor":44.0},{"not_picked":["NonDirectionalLaser","UnstableBomb","GravityBeat"],"picked":"Singing Bowl","floor":45.0},{"not_picked":["GalacticHalo+1","PulseMagic","MysteriousBeam+1"],"picked":"Singing Bowl","floor":46.0},{"not_picked":["DoubleSpark","SporeBomb","DarkMatter"],"picked":"Singing Bowl","floor":48.0},{"not_picked":["Sadistic Nature","Panacea","Enlightenment"],"picked":"Singing Bowl","floor":49.0},{"not_picked":["Metamorphosis","Poisoned Strike","Panacea"],"picked":"Singing Bowl","floor":49.0},{"not_picked":["ReplayTheSpireMod:Brewmster","Forethought"],"picked":"Master of Strategy","floor":49.0},{"not_picked":["DC","BigCrunch","WitchLeyline"],"picked":"Singing Bowl","floor":54.0}],"player_experience":440070,"relics_obtained":[{"floor":5.0,"key":"ReplayTheSpireMod:Ring of Exchange"},{"floor":7.0,"key":"Singing Bowl"},{"floor":9.0,"key":"CrazyTorch:ReiMu"},{"floor":12.0,"key":"PreservedInsect"},{"floor":14.0,"key":"CeramicFish"},{"floor":24.0,"key":"HandmadeGrimoire"},{"floor":26.0,"key":"Strawberry"},{"floor":28.0,"key":"Gensokyo:MosesMiracle"},{"floor":28.0,"key":"Art of War"},{"floor":31.0,"key":"Du-Vu Doll"},{"floor":31.0,"key":"Mango"},{"floor":39.0,"key":"Pondfish Scales"},{"floor":40.0,"key":"Centennial Puzzle"},{"floor":44.0,"key":"Bottled Flame"},{"floor":46.0,"key":"Akabeko"},{"floor":54.0,"key":"Whetstone"}],"event_choices":[{"damage_healed":0.0,"max_hp_gain":0.0,"max_hp_loss":0.0,"gold_gain":0.0,"event_name":"Tomb of Lord Red Mask","player_choice":"Ignored","floor":37.0,"gold_loss":0.0,"damage_taken":0.0},{"damage_healed":0.0,"max_hp_gain":0.0,"max_hp_loss":0.0,"gold_gain":0.0,"event_name":"MindBloom","player_choice":"Fight","floor":39.0,"gold_loss":0.0,"damage_taken":0.0},{"damage_healed":0.0,"max_hp_gain":0.0,"max_hp_loss":0.0,"gold_gain":0.0,"event_name":"SensoryStone","player_choice":"Memory 3","floor":49.0,"gold_loss":0.0,"damage_taken":10.0}],"is_beta":false,"boss_relics":[{"not_picked":["Velvet Choker","Replay:Drink Me"],"picked":"ChewingGum"},{"not_picked":["Pandora\u0027s Box","Runic Pyramid"],"picked":"ExperimentalFamiliar"}],"items_purged_floors":[21,38,47,53],"is_endless":false,"potions_floor_spawned":[3,7,13,16,18,20,24,33,39,40,45,48],"ascension_level":1}}