{"host":"922zt4fjsmmy4kg9","time":1608334592,"event":{"mods":["A Magickal Journey","Act Like it!","BaseMod","Better Third Choice","Downfall","Friendly Minions","Hermit","HololiveMod","Hubris","Jorbs\u0027s Wanderer Trilogy","Kiyohime????","Koishi","Marisa????????","Minty Spire (QoL Compilation)","Quick Restart","Reimu??????","Shop Mod","Spicy Shops","StSLib","SuperFastMode","The Animator","The Disciple","The Runesmith"],"gold_per_floor":[99,99,99,99,99,129,129,54,54,88,106,124,124,124,134,233,233,233,262,297,156,256,281,27,27,27,27,39,134,134,134,134,134,53,98,98,126,51,85,85,96,157,157,192,216],"floor_reached":51,"playtime":2724,"items_purged":["Clumsy"],"score":962,"play_id":"63984ad3-e30d-4db3-ae8c-63219c89944a","local_time":"20201219103632","is_ascension_mode":false,"campfire_choices":[{"data":"champ:Taunt","floor":1,"key":"SMITH"},{"floor":8,"key":"REST"},{"data":"champ:Devastate","floor":18,"key":"SMITH"},{"data":"champ:SteelEdge","floor":27,"key":"SMITH"},{"data":"champ:IgnorePain","floor":35,"key":"SMITH"},{"data":"champ:ShieldThrow","floor":38,"key":"SMITH"},{"floor":43,"key":"REST"}],"circlet_count":0,"master_deck":["champ:Execute+1","champ:Taunt+1","champ:PreciseThrust","champ:SkillfulDodge","champ:GladiatorStyle","champ:FaceSlap","champ:Haymaker","champ:BerserkersShout","champ:Devastate+1","champ:ArenaPreparation","champ:FlashCut+1","champ:PerfectedStrike","champ:PerfectedStrike","champ:SteelEdge+1","LuminesStrike","champ:ShieldThrow+1","champ:DancingMaster","champ:FalseCounter","champ:ArenaPreparation","champ:IgnorePain+1","champ:GladiatorStyle","champ:Duel","champ:Riposte+1","Apotheosis+1","Bandage Up","DarkMatter","MachineGunSpark","EarthLightRay","Robbery","SprinkleStarSeal","expansioncontent:Chronoboost","expansioncontent:GuardianWhirl","expansioncontent:DarkVoid","champ:DefensiveStyle+1"],"relics":["champ:ChampionCrown","downfall:HeartsMalice","hubris:EvacipatedBox","Runesmith:Nanobots","Matryoshka","hubris:FruitBowl","Thread and Needle","downfall:HeartBlessingBlue","hubris:Icosahedron","Centennial Puzzle","Blue Candle","hubris:Teleporter","SlaversCollar","hubris:TinFlute","hubris:CrystalStatue","TentaclePot:ReiMu","champ:FightingForDummies","hubris:DisguiseKit","Pandora\u0027s Box","Red Mask","downfall:RedIOUUpgrade","Membership Card","Singing Bowl","Sling","hubris:64BitClover","Hololive_LightStick","champ:DefensiveTrainingManual","downfall:HeartBlessingGreen","Bronze Scales","hubris:Spice"],"acts_visited":["Exordium","TheCity","TheBeyond"],"potions_floor_usage":[15,16,21,21,42],"damage_taken":[{"damage":0,"enemies":"Small Slimes","floor":4,"turns":1},{"damage":0,"enemies":"Lagavulin","floor":6,"turns":1},{"damage":0,"enemies":"Gremlin Nob","floor":10,"turns":1},{"damage":9,"enemies":"Cultist","floor":11,"turns":3},{"damage":14,"enemies":"Jaw Worm","floor":12,"turns":2},{"damage":15,"enemies":"Exordium Thugs","floor":15,"turns":3},{"damage":23,"enemies":"downfall:Silent","floor":16,"turns":4},{"damage":48,"enemies":"Slavers","floor":19,"turns":7},{"damage":32,"enemies":"Gremlin Leader","floor":21,"turns":6},{"damage":42,"enemies":"downfall:FleeingMerchant","floor":22,"turns":4},{"damage":41,"enemies":"downfall:FleeingMerchant","floor":26,"turns":4},{"damage":12,"enemies":"3 Byrds","floor":32,"turns":4},{"damage":64,"enemies":"downfall:Ironclad","floor":33,"turns":6},{"damage":5,"enemies":"downfall:FleeingMerchant","floor":39,"turns":2},{"damage":93,"enemies":"2 Orb Walkers","floor":40,"turns":6},{"damage":33,"enemies":"Nemesis","floor":42,"turns":5},{"damage":7,"enemies":"Giant Head","floor":44,"turns":7},{"damage":12,"enemies":"Orb Walker","floor":46,"turns":3},{"damage":23,"enemies":"Mind Bloom Boss Battle","floor":47,"turns":8},{"damage":14,"enemies":"3 Darklings","floor":49,"turns":5},{"damage":0,"enemies":"downfall:Watcher","floor":50,"turns":5}],"seed_played":"-5493525180161075288","potions_obtained":[{"floor":6,"key":"Strength Potion"},{"floor":10,"key":"SteroidPotion"},{"floor":19,"key":"Energy Potion"},{"floor":33,"key":"GrandPatriotsElixir:ReiMu"},{"floor":42,"key":"Block Potion"},{"floor":46,"key":"SpeedPotion"},{"floor":47,"key":"FearPotion"}],"is_trial":false,"path_per_floor":["R","?","$","M","?","E","T","R","?","E","M","M","T","?","M","B",null,"R","E","E","$","?","T","$","R","?","?","M","B",null,"R","?","R","$","?","T","E","R","E","?","M","?","?","M","B",null],"character_chosen":"THE_CHAMP","items_purchased":["hubris:EvacipatedBox","Runesmith:Nanobots","Matryoshka","hubris:FruitBowl","TentaclePot:ReiMu","champ:PerfectedStrike","hubris:DisguiseKit","Membership Card","Singing Bowl","Sling","Apotheosis","Bandage Up"],"campfire_rested":2,"item_purchase_floors":[3,3,3,3,22,22,26,39,39,39,39,39],"current_hp_per_floor":[90,90,19,19,19,19,19,65,65,65,65,58,58,58,58,40,105,105,69,66,66,66,66,66,66,66,66,64,22,105,105,105,105,105,36,36,35,66,105,105,105,117,107,117,117],"gold":216,"neow_bonus":"THREE_ENEMY_KILL","is_daily":false,"chose_seed":false,"campfire_upgraded":5,"win_rate":0.0,"timestamp":1608334592,"path_taken":["R","?","?","M","?","E","T","R","?","E","?","M","?","?","M","BOSS","R","E","E","?","?","T","$","R","?","?","M","BOSS","R","?","R","$","?","T","E","R","E","?","?","?","?","M","BOSS"],"items_purchased_type":["Relic","Relic","Relic","Relic","Relic","Card","Relic","Relic","Relic","Relic","Card","Card"],"build_version":"2020-12-13","purchased_purges":1,"victory":true,"max_hp_per_floor":[90,90,90,90,90,90,90,105,105,105,105,105,105,105,105,105,105,105,105,105,105,105,105,105,105,105,105,105,105,105,105,105,105,105,105,105,105,105,105,105,105,117,117,117,117],"card_choices":[{"not_picked":["champ:BringItOn","champ:TornadoPunch"],"picked":"champ:PreciseThrust","floor":4},{"not_picked":["champ:Riposte","champ:TornadoPunch"],"picked":"champ:GladiatorStyle","floor":6},{"not_picked":["champ:ViciousMockery","champ:GutPunch"],"picked":"champ:EnragedBash","floor":10},{"not_picked":["champ:BladeFlurry","champ:Encircle"],"picked":"champ:FaceSlap","floor":11},{"not_picked":["champ:AdrenalArmor","champ:Encircle"],"picked":"champ:Haymaker","floor":12},{"not_picked":["champ:GladiatorsShout","champ:BringItOn"],"picked":"champ:BerserkersShout","floor":15},{"not_picked":["champ:VampiricStrike","champ:LastStand"],"picked":"champ:Devastate","floor":16},{"not_picked":["champ:EndlessRage","champ:Backstep"],"picked":"champ:ArenaPreparation","floor":19},{"not_picked":["champ:Backstep","champ:Circumvent"],"picked":"champ:FlashCut+1","floor":21},{"not_picked":["champ:Encircle","champ:AdrenalArmor"],"picked":"champ:PerfectedStrike","floor":22},{"not_picked":["champ:FanOfKnives","champ:Encircle+1"],"picked":"champ:SteelEdge","floor":26},{"not_picked":["champ:Backstep+1","champ:FanOfKnives+1","champ:GladiatorStyle"],"picked":"LuminesStrike","floor":32},{"not_picked":["champ:Devastate","champ:HoldFirm","MaximisePower"],"picked":"champ:ShieldThrow","floor":33},{"not_picked":["champ:AdrenalArmor","champ:Encircle","SporeBomb"],"picked":"champ:Riposte+1","floor":39},{"not_picked":["champ:DefensiveStyle","champ:GladiatorsShout+1","champ:GladiatorStyle+1"],"picked":"DarkMatter","floor":40},{"not_picked":["champ:SwordThrow","champ:GladiatorsShout+1","champ:PerfectedStrike"],"picked":"MachineGunSpark","floor":42},{"not_picked":["champ:PerfectedStrike","champ:EnGarde","champ:TornadoPunch+1"],"picked":"EarthLightRay","floor":44},{"not_picked":["champ:Haymaker","champ:PerfectedStrike","champ:Riposte"],"picked":"Robbery","floor":46},{"not_picked":["champ:FlashCut+1","champ:RapidStrikes+1","champ:DefensiveShout"],"picked":"SprinkleStarSeal","floor":47},{"not_picked":["expansioncontent:AwakenDeath","expansioncontent:ManipulateTime"],"picked":"expansioncontent:Chronoboost","floor":48},{"not_picked":["expansioncontent:Chronoboost","expansioncontent:Sear"],"picked":"expansioncontent:GuardianWhirl","floor":48},{"not_picked":["expansioncontent:LastStand","expansioncontent:Chronoboost"],"picked":"expansioncontent:DarkVoid","floor":48},{"not_picked":["champ:FlashCut","champ:CrookedStrike+1","WitchOfGreed"],"picked":"champ:DefensiveStyle+1","floor":49}],"player_experience":1294175,"relics_obtained":[{"floor":6,"key":"Thread and Needle"},{"floor":7,"key":"Nunchaku"},{"floor":10,"key":"Centennial Puzzle"},{"floor":13,"key":"Blue Candle"},{"floor":13,"key":"hubris:Teleporter"},{"floor":19,"key":"hubris:TinFlute"},{"floor":21,"key":"hubris:CrystalStatue"},{"floor":24,"key":"champ:FightingForDummies"},{"floor":40,"key":"hubris:64BitClover"},{"floor":41,"key":"Hololive_LightStick"},{"floor":42,"key":"champ:DefensiveTrainingManual"},{"floor":44,"key":"Bronze Scales"},{"floor":47,"key":"hubris:Spice"}],"event_choices":[{"damage_healed":0,"gold_gain":0,"player_choice":"Upgraded","damage_taken":0,"max_hp_gain":0,"max_hp_loss":0,"event_name":"Upgrade Shrine","floor":2,"gold_loss":0,"cards_upgraded":["champ:Execute"]},{"damage_healed":0,"gold_gain":0,"cards_transformed":["champ:Defend"],"player_choice":"Change","damage_taken":0,"max_hp_gain":0,"max_hp_loss":0,"event_name":"Living Wall","floor":5,"gold_loss":0,"cards_obtained":["champ:SkillfulDodge"]},{"cards_removed":["champ:Defend"],"damage_healed":0,"gold_gain":0,"player_choice":"Purged","damage_taken":0,"max_hp_gain":0,"max_hp_loss":0,"event_name":"Purifier","floor":14,"gold_loss":0},{"damage_healed":0,"gold_gain":0,"player_choice":"Ignored","damage_taken":0,"max_hp_gain":0,"max_hp_loss":0,"event_name":"Ghosts","floor":30,"gold_loss":0},{"damage_healed":0,"gold_gain":0,"player_choice":"Fight","damage_taken":0,"max_hp_gain":0,"max_hp_loss":0,"event_name":"Mysterious Sphere","floor":40,"gold_loss":0},{"damage_healed":0,"gold_gain":0,"player_choice":"Upgraded","damage_taken":0,"max_hp_gain":0,"max_hp_loss":0,"event_name":"Upgrade Shrine","floor":45,"gold_loss":0,"cards_upgraded":["Apotheosis"]}],"is_beta":false,"boss_relics":[{"not_picked":["Empty Cage","SacredBark","Runesmith:UraniumAnvil"],"picked":"SlaversCollar"},{"not_picked":["Runic Pyramid","Fusion Hammer","Hololive_Finger"],"picked":"Pandora\u0027s Box"}],"items_purged_floors":[39],"is_endless":false,"potions_floor_spawned":[6,10,19,33,42,46,47],"ascension_level":0}}