{"host":"l8k579n63ej0vska","time":1608286899,"event":{"mods":["BaseMod","Colored Map","Infinite Spire","Minty Spire (QoL Compilation)","Replay The Spire","StSLib","The Bug Knight"],"gold_per_floor":[110,130,405,419,14,14,59,59,59,59,77,77,103,113,113,113,113],"floor_reached":16,"playtime":1509,"items_purged":[],"score":193,"play_id":"f0598781-1488-4d3b-bacd-651c34418fa8","local_time":"20201218112139","is_ascension_mode":true,"campfire_choices":[{"data":"Deflect","floor":6,"key":"SMITH"},{"floor":8,"key":"REST"},{"data":"Neutralize","floor":10,"key":"SMITH"},{"floor":15,"key":"REST"}],"circlet_count":0,"master_deck":["AscendersBane","Strike_G+1","Strike_G","Strike_G+1","Strike_G","Strike_G","Defend_G","Defend_G","Defend_G","Defend_G","Defend_G","Survivor","Neutralize+1","Deflect+1","Regret","Flying Knee+1","Quick Slash+1","Flying Knee+1"],"relics":["Busted Crown","Molten Egg 2","Frozen Eye","Blue Candle","Whetstone","GremlinMask","Replay:Rubber Ducky"],"acts_visited":["Exordium"],"potions_floor_usage":[7,11,13,16],"damage_taken":[{"damage":0,"enemies":"Small Slimes","floor":1,"turns":5},{"damage":0,"enemies":"Cultist","floor":2,"turns":4},{"damage":4,"enemies":"Jaw Worm","floor":4,"turns":7},{"damage":31,"enemies":"Lagavulin","floor":7,"turns":10},{"damage":2,"enemies":"Lots of Slimes","floor":11,"turns":6},{"damage":28,"enemies":"Gremlin Nob","floor":13,"turns":5},{"damage":5,"enemies":"Gremlin Gang","floor":14,"turns":5},{"damage":36,"enemies":"Slime Boss","floor":16,"turns":9}],"seed_played":"-8694094229673508448","potions_obtained":[{"floor":1,"key":"ColorlessPotion"},{"floor":7,"key":"SpeedPotion"},{"floor":11,"key":"SpeedPotion"},{"floor":13,"key":"ColorlessPotion"}],"is_trial":false,"path_per_floor":["M","M","?","M","$","R","E","R","T","R","M","?","E","M","R","B"],"character_chosen":"THE_SILENT","items_purchased":["Molten Egg 2","Frozen Eye"],"campfire_rested":2,"item_purchase_floors":[5,5],"current_hp_per_floor":[59,59,59,55,55,55,24,43,43,43,41,41,13,8,27,0,0],"gold":113,"neow_bonus":"BOSS_RELIC","is_daily":false,"chose_seed":false,"campfire_upgraded":2,"win_rate":0.0,"timestamp":1608286899,"path_taken":["M","M","?","M","?","R","E","R","T","R","?","?","E","M","R","BOSS"],"items_purchased_type":["Relic","Relic"],"build_version":"2020-12-13","purchased_purges":0,"victory":false,"max_hp_per_floor":[66,66,66,66,66,66,66,66,66,66,66,66,66,66,66,66,66],"card_choices":[{"not_picked":["Sucker Punch"],"picked":"SKIP","floor":1},{"not_picked":[],"picked":"Deflect","floor":2},{"not_picked":["Poisoned Stab"],"picked":"SKIP","floor":4},{"not_picked":[],"picked":"Flying Knee+1","floor":7},{"not_picked":[],"picked":"Quick Slash+1","floor":11},{"not_picked":["Tactician"],"picked":"SKIP","floor":13},{"not_picked":[],"picked":"Flying Knee+1","floor":14}],"player_experience":1618541,"relics_obtained":[{"floor":7,"key":"Blue Candle"},{"floor":9,"key":"Whetstone"},{"floor":13,"key":"Replay:Rubber Ducky"}],"event_choices":[{"damage_healed":0,"gold_gain":275,"player_choice":"Desecrate","damage_taken":0,"max_hp_gain":0,"max_hp_loss":0,"event_name":"Golden Shrine","floor":3,"gold_loss":0,"cards_obtained":["Regret"]},{"damage_healed":0,"gold_gain":0,"player_choice":"Trade","damage_taken":0,"relics_obtained":["GremlinMask"],"max_hp_gain":0,"max_hp_loss":0,"event_name":"FaceTrader","floor":12,"gold_loss":0}],"is_beta":false,"boss_relics":[],"items_purged_floors":[],"is_endless":false,"potions_floor_spawned":[1,7,11,13],"killed_by":"Slime Boss","ascension_level":15}}