{"host":"pszcj3piwl6eu8b1","time":1608324755,"event":{"mods":["2.2 Compatiblity","Act Like it!","Aspiration","BaseMod","Better Altar","Better Match","Better Note","Better Sensory Stone","Better Skull","Better Third Choice","Better Vampires","CCEM","CapriCore","Downfall","Elementarium","Energized Spire","Gensokyo","GifTheSpireLib","Hallownest","Hermit","Hubris","Humility","Jorbs\u0027s Wanderer Trilogy","Marisa????????","Marked Mod","Menagerie","Minty Spire (QoL Compilation)","Permanent Neow","Quarter Circle Forward PUNCH!","Quick Restart","RNG Fix","Replay The Spire","Shop Mod","StSLib","Stuff the Spire","The Animator","The Blue Laboratory","The Hayseed","The Immortal","Wandering Minibosses","vexMod"],"gold_per_floor":[118,141,141,141,195,213,227,227,252,252,286,286,126,145,145,241,241,267,292,96,96,96,143,143,149,149],"floor_reached":25,"playtime":1374,"items_purged":["animator:Defend"],"score":418,"play_id":"82d59630-8fcb-4154-9bfa-19fbd98e156d","local_time":"20201218125235","is_ascension_mode":true,"campfire_choices":[{"data":"animator:Aqua","floor":8.0,"key":"SMITH"},{"data":"animator:Chris","floor":10.0,"key":"SMITH"},{"data":"animator:KyokoSakura","floor":15.0,"key":"SMITH"},{"data":"animator:SuzuneAmano","floor":24.0,"key":"SMITH"}],"circlet_count":0,"master_deck":["AscendersBane","animator:Strike_MadokaMagica","animator:Defend_MadokaMagica","animator:Strike","animator:Strike","animator:Strike","animator:Defend","animator:Defend+1","animator:IrohaTamaki","animator:YuiTsuruno","animator:Togame+1","animator:Chris+1","animator:UneriGinkaku","animator:Aqua+1","animator:YuiTsuruno","animator:KyokoSakura+1","animator:KyokoSakura","animator:Shizu","animator:SuzuneAmano+1","ReplayTheSpireMod:IOU","StuffTheSpire:Innocence","animator:MamiTomoe"],"relics":["animator:LivingPicture","animator:TheMissingPiece","animator:PurgingStone","aspiration:Nostalgia","m_TsuchinokoRing","War Paint","ReplayTheSpireMod:TigerMarble","Boot","hubris:FruitBowl","Enchiridion","Mark of Pain","Replay:Wax Seal","Juzu Bracelet","Darkstone Periapt","Happy Flower"],"acts_visited":["Gensokyo:Gensokyo","TheCity"],"potions_floor_usage":[],"damage_taken":[{"damage":9.0,"enemies":"Gensokyo:2_Kodama","floor":1.0,"turns":5.0},{"damage":0.0,"enemies":"Gensokyo:Gryphon","floor":6.0,"turns":2.0},{"damage":0.0,"enemies":"Gensokyo:Python","floor":7.0,"turns":2.0},{"damage":0.0,"enemies":"Gensokyo:Gryphon_and_Rabbit","floor":11.0,"turns":2.0},{"damage":0.0,"enemies":"Gensokyo:2_Rabbits","floor":14.0,"turns":2.0},{"damage":5.0,"enemies":"Gensokyo:Reimu","floor":16.0,"turns":6.0},{"damage":0.0,"enemies":"Chosen","floor":18.0,"turns":3.0},{"damage":17.0,"enemies":"2 Thieves","floor":19.0,"turns":3.0},{"damage":6.0,"enemies":"Gremlin Leader","floor":23.0,"turns":3.0},{"damage":41,"enemies":"Slavers","floor":25,"turns":3}],"seed_played":"1812183722054963488","potions_obtained":[{"floor":2.0,"key":"CultistPotion"},{"floor":6.0,"key":"blueLaboratory:PyrophylliteBrew"},{"floor":19.0,"key":"Elixir"}],"is_trial":false,"path_per_floor":["M","?","?","T","T","M","M","R","T","R","M","$","?","M","R","B",null,"M","M","$","T","?","E","R","E"],"character_chosen":"THE_ANIMATOR","items_purchased":["hubris:FruitBowl","Replay:Wax Seal","Juzu Bracelet"],"campfire_rested":0,"item_purchase_floors":[12,20,20],"current_hp_per_floor":[45,26,26,26,26,28,30,30,30,30,33,14,14,17,17,15,49,52,39,39,39,24,21,21,0,0],"gold":149,"neow_bonus":"NOSTALGIA","is_daily":false,"chose_seed":false,"campfire_upgraded":4,"win_rate":0.0,"timestamp":1608324755,"path_taken":["M","?","?","?","?","M","M","R","T","R","M","?","?","M","R","BOSS","M","?","$","?","?","E","R","E"],"items_purchased_type":["Relic","Relic","Relic"],"build_version":"2020-12-13","purchased_purges":1,"victory":false,"max_hp_per_floor":[60,60,60,60,60,60,60,60,60,60,60,60,60,60,60,60,60,60,61,61,61,61,61,61,61,61],"card_choices":[{"not_picked":["Deflect","animator:Kuribayashi"],"picked":"animator:Togame","floor":1.0},{"not_picked":["animator:MumenRider","animator:Geryuganshoop"],"picked":"animator:Chris","floor":2.0},{"not_picked":["animator:LizardPriest","animator:TsurugaMeisai"],"picked":"animator:UneriGinkaku","floor":2.0},{"not_picked":["Outmaneuver","Deflect"],"picked":"animator:YuiTsuruno","floor":6.0},{"not_picked":["animator:Tet","animator:Arpeggio","animator:DwarfShaman"],"picked":"SKIP","floor":7.0},{"not_picked":["animator:IrohaTamaki","animator:OrikoMikuni"],"picked":"animator:KyokoSakura","floor":11.0},{"not_picked":["animator:Tet","Distraction"],"picked":"animator:KyokoSakura","floor":14.0},{"not_picked":["animator:Saber","animator:Albedo"],"picked":"animator:Shizu","floor":16.0},{"not_picked":["animator:Shuna","animator:Assassin","animator:Ara"],"picked":"SKIP","floor":18.0},{"not_picked":["Blade Dance","Flying Knee"],"picked":"animator:SuzuneAmano","floor":19.0},{"not_picked":["animator:SayakaMiki","animator:YuiTsuruno"],"picked":"animator:MamiTomoe","floor":23.0}],"player_experience":1551926,"relics_obtained":[{"floor":2.0,"key":"War Paint"},{"floor":5.0,"key":"ReplayTheSpireMod:TigerMarble"},{"floor":9.0,"key":"Boot"},{"floor":21.0,"key":"Darkstone Periapt"},{"floor":23.0,"key":"Happy Flower"}],"event_choices":[],"is_beta":false,"boss_relics":[{"not_picked":["aspiration:RitualDagger","vexMod:ImprovementManual"],"picked":"Mark of Pain"}],"items_purged_floors":[20],"is_endless":false,"potions_floor_spawned":[6,7,19],"killed_by":"Slavers","ascension_level":20}}