{"host":"3srbdas3e7jgqz5l","time":1608334275,"event":{"mods":["BaseMod","Downfall","Minty Spire (QoL Compilation)","StSLib"],"gold_per_floor":[99,114,132,132,160,34,34,57,88,13,28,47,72,92,104,209,209,209,222,256,267,278,203,227,227,227,262,272,131,142,211,224,321,321,321,466,479,498,498,61,61,73,73,98,180,180,228,242,258,258],"floor_reached":51,"playtime":2802,"items_purged":["Slimebound:Tackle","Slimebound:Strike_Slimebound","Slimebound:Strike_Slimebound","Slimebound:Defend_Slimebound"],"score":856,"play_id":"f7f92a34-ee0f-4b92-bf9c-8b7e4a6f5e32","local_time":"20201218233115","is_ascension_mode":true,"campfire_choices":[{"data":"Slimebound:CorrosiveSpit","floor":1,"key":"SMITH"},{"data":"Slimebound:SpikyOuterGoop","floor":10,"key":"SMITH"},{"floor":18,"key":"RECALL"},{"floor":23,"key":"REST"},{"floor":25,"key":"REST"},{"data":"Slimebound:Equalize","floor":35,"key":"SMITH"},{"floor":43,"key":"REST"}],"circlet_count":0,"master_deck":["Slimebound:Defend_Slimebound","Slimebound:Defend_Slimebound","Slimebound:Defend_Slimebound+1","Slimebound:Split","Slimebound:CorrosiveSpit+1","Slimebound:Equalize+1","Slimebound:SplitMire+1","Slimebound:SamplingLick","Slimebound:SpikyOuterGoop+1","Slimebound:TagTeam","Slimebound:PressTheAttack","Slimebound:Repurpose","Slimebound:SplitAcid","Slimebound:Gluttony","Slimebound:SlimeTap","Slimebound:OozeBath","CurseOfTheBell","Slimebound:LevelUp+1","Slimebound:SplitSpecialist","Slimebound:OneTwoCombo","Slimebound:FormOfPuddle","Slimebound:LivingWall","Slimebound:RejuvenatingLick","Slimebound:ProtectTheBoss+1","Slimebound:MinionMaster+1","Slimebound:LivingWall","Slimebound:DuplicatedForm+1","Slimebound:LeechingTouch+1"],"relics":["Sozu","Bronze Scales","War Paint","PreservedInsect","downfall:HeartBlessingBlue","Odd Mushroom","Calling Bell","Centennial Puzzle","Mercury Hourglass","Peace Pipe","Smiling Mask","downfall:HeartBlessingRed","Tiny Chest","Ancient Tea Set","Frozen Egg 2","SlaversCollar","Slimebound:MaxSlimesRelic","ClockworkSouvenir","Blue Candle","Vajra","HornCleat","FossilizedHelix"],"acts_visited":["Exordium","TheCity","TheBeyond"],"potions_floor_usage":[],"damage_taken":[{"damage":4,"enemies":"Small Slimes","floor":2,"turns":3},{"damage":7,"enemies":"Cultist","floor":3,"turns":2},{"damage":26,"enemies":"Lagavulin","floor":5,"turns":7},{"damage":8,"enemies":"downfall:FleeingMerchant","floor":6,"turns":4},{"damage":20,"enemies":"Gremlin Nob","floor":9,"turns":3},{"damage":4,"enemies":"Jaw Worm","floor":11,"turns":2},{"damage":6,"enemies":"Red Slaver","floor":12,"turns":2},{"damage":21,"enemies":"The Mushroom Lair","floor":13,"turns":3},{"damage":4,"enemies":"2 Fungi Beasts","floor":14,"turns":2},{"damage":29,"enemies":"Gremlin Gang","floor":15,"turns":3},{"damage":30,"enemies":"downfall:Ironclad","floor":16,"turns":6},{"damage":24,"enemies":"Spheric Guardian","floor":19,"turns":4},{"damage":26,"enemies":"Gremlin Leader","floor":20,"turns":4},{"damage":35,"enemies":"Chosen and Byrds","floor":21,"turns":5},{"damage":20,"enemies":"Snake Plant","floor":22,"turns":3},{"damage":24,"enemies":"Slavers","floor":27,"turns":3},{"damage":14,"enemies":"Snecko","floor":28,"turns":3},{"damage":19,"enemies":"downfall:FleeingMerchant","floor":29,"turns":4},{"damage":17,"enemies":"Sentry and Sphere","floor":30,"turns":3},{"damage":12,"enemies":"Cultist and Chosen","floor":32,"turns":3},{"damage":29,"enemies":"downfall:Silent","floor":33,"turns":5},{"damage":16,"enemies":"downfall:FleeingMerchant","floor":36,"turns":4},{"damage":36,"enemies":"3 Shapes","floor":37,"turns":5},{"damage":32,"enemies":"3 Darklings","floor":38,"turns":3},{"damage":25,"enemies":"Jaw Worm Horde","floor":42,"turns":4},{"damage":26,"enemies":"Giant Head","floor":44,"turns":6},{"damage":54,"enemies":"2 Orb Walkers","floor":47,"turns":4},{"damage":27,"enemies":"Spire Growth","floor":48,"turns":5},{"damage":8,"enemies":"3 Darklings","floor":49,"turns":4},{"damage":30,"enemies":"downfall:Defect","floor":50,"turns":6}],"seed_played":"8359701053293866334","potions_obtained":[],"is_trial":false,"path_per_floor":["R","M","M","?","E","$","T","T","E","R","M","M","?","M","M","B",null,"R","M","E","M","M","R","T","R","?","E","M","$","M","T","M","B",null,"R","$","M","M","?","$","T","M","R","E","T","?","?","M","M","B",null],"character_chosen":"SLIMEBOUND","items_purchased":["Slimebound:SpikyOuterGoop","Slimebound:RejuvenatingLick","Slimebound:DuplicatedForm+1","Slimebound:MaxSlimesRelic","ClockworkSouvenir"],"campfire_rested":3,"item_purchase_floors":[6,29,36,40,40],"current_hp_per_floor":[60,60,57,57,43,47,47,47,39,49,53,51,40,42,27,15,70,70,60,48,23,11,32,32,53,53,47,45,46,47,47,49,38,70,70,66,54,40,40,40,40,33,54,51,51,51,15,21,27,25],"gold":258,"neow_bonus":"BOSS_RELIC","is_daily":false,"chose_seed":false,"campfire_upgraded":3,"win_rate":0.0,"timestamp":1608334275,"path_taken":["R","M","M","?","E","?","T","?","E","R","M","?","?","M","M","BOSS","R","M","E","M","M","R","T","R","?","E","?","$","?","?","M","BOSS","R","$","M","?","?","?","T","M","R","E","?","?","?","M","M","BOSS"],"items_purchased_type":["Card","Card","Card","Relic","Relic"],"build_version":"2020-12-13","purchased_purges":4,"victory":true,"max_hp_per_floor":[60,60,60,60,60,60,60,60,60,70,70,70,70,70,70,70,70,70,70,70,70,70,70,70,70,70,70,70,70,70,70,70,70,70,70,70,70,70,70,70,70,70,70,70,70,70,70,70,70,70],"card_choices":[{"not_picked":["Slimebound:GoopTackle","Slimebound:SplitAcid"],"picked":"Slimebound:Equalize","floor":2},{"not_picked":["Slimebound:Recollect","Slimebound:DisruptingSlam"],"picked":"Slimebound:SplitMire","floor":3},{"not_picked":["Slimebound:DivideAndConquer","Slimebound:SlimeBrawl"],"picked":"Slimebound:Prepare","floor":5},{"not_picked":["Slimebound:ComboTackle","Slimebound:DivideAndConquer"],"picked":"Slimebound:SamplingLick","floor":6},{"not_picked":["Slimebound:GrowthPunch","Slimebound:ComboTackle"],"picked":"Slimebound:TagTeam","floor":9},{"not_picked":["Slimebound:FinishingTackle","Slimebound:FormOfPuddle"],"picked":"Slimebound:PressTheAttack","floor":11},{"not_picked":["Slimebound:LeechEnergy","Slimebound:SplitAcid"],"picked":"Slimebound:Repurpose","floor":12},{"not_picked":["Slimebound:SamplingLick","Slimebound:RollThrough"],"picked":"Slimebound:SplitAcid","floor":13},{"not_picked":["Slimebound:DivideAndConquer","Slimebound:Prepare"],"picked":"Slimebound:Gluttony","floor":14},{"not_picked":["Slimebound:Schlurp","Slimebound:ItLooksTasty"],"picked":"Slimebound:SlimeTap","floor":15},{"not_picked":["Slimebound:WasteNot","Slimebound:Teamwork"],"picked":"Slimebound:OozeBath","floor":16},{"not_picked":["Slimebound:SplitBruiser+1","Slimebound:RollThrough+1"],"picked":"Slimebound:LevelUp+1","floor":19},{"not_picked":["Slimebound:SplitAcid+1","Slimebound:PressTheAttack","Slimebound:SplitLeeching"],"picked":"SKIP","floor":20},{"not_picked":["Slimebound:SplitMire","Slimebound:GoopSpray+1"],"picked":"Slimebound:SplitSpecialist","floor":21},{"not_picked":["Slimebound:Chomp","Slimebound:RollThrough+1"],"picked":"Slimebound:OneTwoCombo","floor":22},{"not_picked":["Slimebound:FinishingTackle","Slimebound:DivideAndConquer"],"picked":"Slimebound:FormOfPuddle","floor":27},{"not_picked":["Slimebound:DivideAndConquer","Slimebound:RejuvenatingLick"],"picked":"Slimebound:LivingWall","floor":28},{"not_picked":["Slimebound:SplitBruiser","Slimebound:BestDefense","Slimebound:DouseInSlime"],"picked":"SKIP","floor":29},{"not_picked":["Slimebound:ViciousTackle","Slimebound:LeechingTouch+1","Slimebound:LeechEnergy+1"],"picked":"SKIP","floor":30},{"not_picked":["Slimebound:DivideAndConquer+1","Slimebound:Schlurp+1"],"picked":"Slimebound:ProtectTheBoss+1","floor":32},{"not_picked":["Slimebound:Darklings","Slimebound:DouseInSlime"],"picked":"Slimebound:MinionMaster+1","floor":33},{"not_picked":["Slimebound:SplitAcid+1","Slimebound:Gluttony+1"],"picked":"Slimebound:LivingWall","floor":36},{"not_picked":["Slimebound:RollThrough","Slimebound:FinishingTackle+1","Slimebound:FirmFortitude+1"],"picked":"SKIP","floor":37},{"not_picked":["Slimebound:GoopSpray+1","Slimebound:FinishingTackle+1","Slimebound:DivideAndConquer"],"picked":"SKIP","floor":38},{"not_picked":["Slimebound:DivideAndConquer","Slimebound:Nibble"],"picked":"Slimebound:LeechingTouch+1","floor":42},{"not_picked":["Slimebound:Gluttony+1","Slimebound:ProtectTheBoss+1","Slimebound:DisruptingSlam+1"],"picked":"SKIP","floor":44},{"not_picked":["Slimebound:SlimeSpikes+1","Slimebound:Repurpose","Slimebound:Recycling+1"],"picked":"SKIP","floor":48},{"not_picked":["Slimebound:GoopTackle","Slimebound:Chomp","Slimebound:SplitAcid"],"picked":"SKIP","floor":49}],"player_experience":457342,"relics_obtained":[{"floor":5,"key":"Bronze Scales"},{"floor":7,"key":"War Paint"},{"floor":9,"key":"PreservedInsect"},{"floor":13,"key":"Odd Mushroom"},{"floor":17,"key":"Centennial Puzzle"},{"floor":17,"key":"Mercury Hourglass"},{"floor":17,"key":"Peace Pipe"},{"floor":20,"key":"Smiling Mask"},{"floor":24,"key":"Tiny Chest"},{"floor":27,"key":"Ancient Tea Set"},{"floor":31,"key":"Frozen Egg 2"},{"floor":41,"key":"Blue Candle"},{"floor":44,"key":"Vajra"},{"floor":45,"key":"HornCleat"},{"floor":47,"key":"FossilizedHelix"}],"event_choices":[{"cards_removed":["Slimebound:Strike_Slimebound"],"damage_healed":0,"gold_gain":0,"player_choice":"Offered Basic","damage_taken":0,"max_hp_gain":0,"max_hp_loss":0,"event_name":"Bonfire Elementals","floor":4,"gold_loss":0},{"damage_healed":0,"gold_gain":0,"player_choice":"Fought Mushrooms","damage_taken":0,"max_hp_gain":0,"max_hp_loss":0,"event_name":"Mushrooms","floor":13,"gold_loss":0},{"damage_healed":0,"gold_gain":0,"player_choice":"Got Potions","damage_taken":0,"max_hp_gain":0,"max_hp_loss":0,"event_name":"Lab","floor":39,"gold_loss":0},{"cards_removed":["Slimebound:Prepare"],"damage_healed":0,"gold_gain":0,"player_choice":"Removed Skill","damage_taken":0,"max_hp_gain":0,"max_hp_loss":0,"event_name":"Falling","floor":46,"gold_loss":0},{"damage_healed":0,"gold_gain":0,"player_choice":"Fight","damage_taken":0,"max_hp_gain":0,"max_hp_loss":0,"event_name":"Mysterious Sphere","floor":47,"gold_loss":0}],"is_beta":false,"boss_relics":[{"not_picked":["Fusion Hammer","Velvet Choker"],"picked":"Calling Bell"},{"not_picked":["Astrolabe","Philosopher\u0027s Stone"],"picked":"SlaversCollar"}],"items_purged_floors":[6,29,36,40],"is_endless":false,"potions_floor_spawned":[2,11,14,15,16,22,28,30,32,33,38,44,47],"ascension_level":3}}