{"host":"mvw7i28zi3kj0eu9","time":1608293291,"event":{"mods":["AchievementEnabler","BaseMod","Better Third Choice","BetterRewards","Block Reminder","Conspire","Custom Start","Downfall","Energized Spire","Halation","Hermit","Hubris","Infinite Spire","Jorbs\u0027s Wanderer Trilogy","Minty Spire (QoL Compilation)","Replay The Spire","Shop Mod","Small Relic Pack","Spikes Relics","StSLib","The Blue Laboratory","The Necromancer","The Servant 0.9.4","Virulent Crown"],"gold_per_floor":[110,41,54,64,82,82,115,127,127,127,160,160,171,71,71,174,174,184,59,59,59,59,59,70,70,70,103,103,130,145,162,162,263,213,231,243,243,243,257,287,287,315,315,347,358,392,85,103,103,200,200,207,60,63,63,75,75,75,75,102,125,145,145,186,202,202,305,305,323,323,323,345,368,368,402,429,482,519,538,557,557,585,585,691,691,711,711,727,727,735,768,790,825,848,848,866,882,919,13,13,121,121,142,142,153,153,169,169,199,199,279,310,326,347,375,493,543,637,687,708,738,582,682,703,703,737,737,764,785,851,884,811,811,811,904,904,969,869,883,895,905,905,931,636,660,660,660,670,752,752,752,858,858,858,858,881,1030],"floor_reached":158,"playtime":3628,"items_purged":["Strike_G","Defend_G","Defend_G","Defend_G","Survivor","Strike_G","Defend_G+1"],"score":5801,"play_id":"654ac839-df7b-4600-8df8-fd147fe65e3a","local_time":"20201218130811","is_ascension_mode":true,"campfire_choices":[{"data":"Cloak And Dagger","floor":6,"key":"SMITH"},{"data":"conspire:PoisonWeapons","floor":10,"key":"SMITH"},{"data":"Blade Dance","floor":15,"key":"SMITH"},{"data":"Catalyst","floor":23,"key":"SMITH"},{"data":"Neutralize","floor":25,"key":"SMITH"},{"data":"Defend_G+1","floor":32,"key":"SMITH"},{"data":"infinitespire:Neurotoxin","floor":41,"key":"SMITH"},{"data":"Defend_G+3","floor":49,"key":"SMITH"},{"data":"Defend_G+4","floor":57,"key":"SMITH"},{"data":"Defend_G+5","floor":59,"key":"SMITH"},{"data":"Defend_G+6","floor":63,"key":"SMITH"},{"data":"Defend_G+7","floor":66,"key":"SMITH"},{"data":"Defend_G+8","floor":74,"key":"SMITH"},{"data":"Defend_G+9","floor":81,"key":"SMITH"},{"data":"Defend_G+10","floor":83,"key":"SMITH"},{"data":"Panache","floor":100,"key":"SMITH"},{"data":"Phantasmal Killer","floor":108,"key":"SMITH"},{"data":"Defend_G+11","floor":110,"key":"SMITH"},{"floor":117,"key":"REST"},{"data":"Defend_G+12","floor":125,"key":"SMITH"},{"data":"Catalyst","floor":127,"key":"SMITH"},{"data":"Defend_G+13","floor":134,"key":"SMITH"},{"data":"Defend_G+14","floor":142,"key":"SMITH"},{"data":"Defend_G+16","floor":151,"key":"SMITH"},{"data":"Defend_G+17","floor":154,"key":"SMITH"}],"circlet_count":0,"master_deck":["Defend_G+18","Accuracy+1","Blade Dance+1","conspire:PoisonWeapons+1","Catalyst+1","infinitespire:Neurotoxin+1","Die Die Die+1","Accuracy+1","Phantasmal Killer+1","Panache+1","Catalyst+1"],"relics":["Ring of the Snake","Vampiric Spirits","hubris:TinFlute","Molten Egg 2","BrokenLever","Calipers","Bag of Marbles","conspire:TopHat","Gremlin Food","Pantograph","Unceasing Top","Replay:Bottled Eggs","conspire:TreasureMap","Kunai","Snake Skull","Blue Doll","Simple Rune","Potion Belt","hubris:TerracottaHorce","relicPack:AllForOne","halation:BlackBeret","HornCleat","energizedSpire:HugeHouse","Runic Pyramid","Replay:Wax Seal","Strawberry","Basket Of Snakes","hubris:TenFootPole","Ninja Scroll","Quantum Egg","conspire:RunicOctahedron","Anchor","Replay:Bandana","halation:PromiseList","Busted Crown","Mummified Hand","FaceOfCleric","MiniBlackHole","Ornamental Fan","Blood Vial","Tingsha","hubris:ScarierMask","PreservedInsect","Onion Ring","hubris:MobiusCoin","Art of War","infinitespire:EmpoweringShard","Akabeko","ClockworkSouvenir","Vajra","InkBottle","hubris:OldNail","Golden Egg","conspire:RoyalGoblet","Red Mask","Bag of Preparation","Bottled Tornado","SnailShell","Omamori","MerchantsRug","Dream Catcher","WristBlade","Toy Ornithopter","BlackRope","halation:PrussianBluePaint","Juzu Bracelet","Calling Bell","Bronze Scales","halation:Toothbrush","Du-Vu Doll","CaptainsWheel"],"acts_visited":["Exordium","TheCity","TheBeyond","Exordium","TheCity","TheBeyond","Exordium","TheCity","TheBeyond","TheEnding"],"potions_floor_usage":[7,27,33,36,46,50,50,50,50,152],"damage_taken":[{"damage":0,"enemies":"2 Louse","floor":1,"turns":2},{"damage":0,"enemies":"Cultist","floor":3,"turns":2},{"damage":0,"enemies":"Jaw Worm","floor":4,"turns":3},{"damage":0,"enemies":"Blue Slaver","floor":5,"turns":3},{"damage":17,"enemies":"Lagavulin","floor":7,"turns":6},{"damage":0,"enemies":"Looter","floor":8,"turns":1},{"damage":15,"enemies":"3 Sentries","floor":11,"turns":7},{"damage":0,"enemies":"3 Louse","floor":13,"turns":1},{"damage":0,"enemies":"The Guardian","floor":16,"turns":3},{"damage":0,"enemies":"Spheric Guardian","floor":18,"turns":3},{"damage":25,"enemies":"conspire:FuzzyDice","floor":24,"turns":4},{"damage":2,"enemies":"Gremlin Leader","floor":27,"turns":2},{"damage":8,"enemies":"Replay:Snechameleon","floor":29,"turns":6},{"damage":2,"enemies":"Cultist and Chosen","floor":30,"turns":4},{"damage":2,"enemies":"conspire:HollyBat","floor":31,"turns":5},{"damage":0,"enemies":"Collector","floor":33,"turns":3},{"damage":0,"enemies":"3 Shapes","floor":35,"turns":4},{"damage":9,"enemies":"3 Darklings","floor":36,"turns":7},{"damage":3,"enemies":"Jaw Worm Horde","floor":39,"turns":2},{"damage":7,"enemies":"R_Hoarder","floor":40,"turns":6},{"damage":0,"enemies":"Giant Head","floor":42,"turns":5},{"damage":18,"enemies":"Nightmare","floor":44,"turns":4},{"damage":0,"enemies":"Spire Growth","floor":45,"turns":1},{"damage":0,"enemies":"R_Hoarder","floor":46,"turns":4},{"damage":0,"enemies":"3 Darklings","floor":48,"turns":2},{"damage":0,"enemies":"conspire:OrnateMirror","floor":50,"turns":2},{"damage":0,"enemies":"2 Louse","floor":52,"turns":1},{"damage":0,"enemies":"Cultist","floor":54,"turns":1},{"damage":0,"enemies":"Jaw Worm","floor":56,"turns":1},{"damage":0,"enemies":"Exordium Thugs","floor":61,"turns":1},{"damage":0,"enemies":"Blue Slaver","floor":62,"turns":1},{"damage":0,"enemies":"3 Sentries","floor":64,"turns":2},{"damage":0,"enemies":"3 Louse","floor":65,"turns":1},{"damage":0,"enemies":"Slime Boss","floor":67,"turns":1},{"damage":0,"enemies":"Chosen","floor":69,"turns":1},{"damage":0,"enemies":"2 Thieves","floor":72,"turns":1},{"damage":0,"enemies":"Centurion and Healer","floor":73,"turns":1},{"damage":0,"enemies":"Nightmare","floor":75,"turns":1},{"damage":0,"enemies":"Cultist and Chosen","floor":76,"turns":1},{"damage":0,"enemies":"Gremlin Leader","floor":78,"turns":1},{"damage":0,"enemies":"Snake Plant","floor":79,"turns":1},{"damage":0,"enemies":"3 Cultists","floor":80,"turns":1},{"damage":0,"enemies":"Replay:Snechameleon","floor":82,"turns":1},{"damage":0,"enemies":"hubris:MusketHawk","floor":84,"turns":1},{"damage":0,"enemies":"3 Darklings","floor":86,"turns":1},{"damage":0,"enemies":"3 Shapes","floor":88,"turns":1},{"damage":0,"enemies":"Sphere and 2 Shapes","floor":90,"turns":1},{"damage":0,"enemies":"R_Hoarder","floor":91,"turns":1},{"damage":0,"enemies":"Transient","floor":92,"turns":2},{"damage":0,"enemies":"Nightmare_Alpha","floor":93,"turns":1},{"damage":0,"enemies":"Writhing Mass","floor":96,"turns":1},{"damage":0,"enemies":"3 Darklings","floor":97,"turns":1},{"damage":0,"enemies":"R_Hoarder","floor":98,"turns":1},{"damage":0,"enemies":"hubris:GrandSnecko","floor":101,"turns":1},{"damage":0,"enemies":"Cultist","floor":103,"turns":1},{"damage":0,"enemies":"Small Slimes","floor":105,"turns":1},{"damage":0,"enemies":"Jaw Worm","floor":107,"turns":1},{"damage":0,"enemies":"Lagavulin","floor":109,"turns":1},{"damage":0,"enemies":"3 Sentries","floor":112,"turns":1},{"damage":0,"enemies":"Exordium Wildlife","floor":113,"turns":1},{"damage":0,"enemies":"2 Fungi Beasts","floor":114,"turns":1},{"damage":0,"enemies":"Lagavulin","floor":115,"turns":1},{"damage":0,"enemies":"Large Slime","floor":116,"turns":1},{"damage":0,"enemies":"Fading Forest","floor":118,"turns":2},{"damage":0,"enemies":"Spheric Guardian","floor":120,"turns":1},{"damage":0,"enemies":"Masked Bandits","floor":121,"turns":1},{"damage":0,"enemies":"2 Thieves","floor":124,"turns":1},{"damage":0,"enemies":"Gremlin Leader","floor":126,"turns":1},{"damage":0,"enemies":"3 Cultists","floor":129,"turns":1},{"damage":0,"enemies":"Sentry and Sphere","floor":130,"turns":1},{"damage":0,"enemies":"Nightmare","floor":131,"turns":1},{"damage":0,"enemies":"Collector","floor":135,"turns":1},{"damage":0,"enemies":"3 Shapes","floor":137,"turns":1},{"damage":0,"enemies":"3 Darklings","floor":139,"turns":1},{"damage":0,"enemies":"Transient","floor":140,"turns":1},{"damage":0,"enemies":"Writhing Mass","floor":141,"turns":1},{"damage":0,"enemies":"R_Hoarder","floor":143,"turns":1},{"damage":0,"enemies":"Spire Growth","floor":148,"turns":1},{"damage":0,"enemies":"Reptomancer","floor":149,"turns":1},{"damage":0,"enemies":"infinitespire:LordOfFortification","floor":152,"turns":3},{"damage":0,"enemies":"Shield and Spear","floor":156,"turns":1},{"damage":0,"enemies":"The Heart","floor":157,"turns":5}],"seed_played":"8440260687262806283","potions_obtained":[{"floor":3,"key":"DuplicationPotion"},{"floor":8,"key":"blueLaboratory:ArtificerPotion"},{"floor":11,"key":"conspire:TimeTravelPotion"},{"floor":16,"key":"blueLaboratory:LouseDecoction"},{"floor":24,"key":"blueLaboratory:FrostheartPotion"},{"floor":30,"key":"BlessingOfTheForge"},{"floor":31,"key":"Venom Potion"},{"floor":33,"key":"blueLaboratory:StoneskinPotion"},{"floor":35,"key":"blueLaboratory:Moonshine"},{"floor":39,"key":"PowerPotion"},{"floor":42,"key":"FearPotion"},{"floor":46,"key":"Flashbang"},{"floor":48,"key":"Strength Potion"},{"floor":50,"key":"Venom Potion"},{"floor":54,"key":"Dexterity Potion"},{"floor":56,"key":"champ:CounterPotion"},{"floor":58,"key":"blueLaboratory:StoneskinPotion"},{"floor":69,"key":"DistilledChaos"},{"floor":78,"key":"PowerPotion"},{"floor":141,"key":"blueLaboratory:BottleOfRum"}],"is_trial":false,"path_per_floor":["M","$","M","M","M","R","E","M","T","R","E","?","M","$","R","B",null,"M","$","?","?","?","R","M","R","T","E","?","E","M","M","R","B",null,"M","M","?","AVR","M","E","R","E","T","NM","M","E","$","M","R","B",null,"M","$","M","$","M","R","?","R","T","M","M","R","E","M","R","B",null,"M","AVR","?","M","M","R","NM","M","T","E","M","M","R","E","R","B",null,"M","?","M","?","M","E","M","NM","T","?","M","M","E","$","R","B",null,"M","?","M","?","M","R","E","R","T","E","M","M","E","M","R","B",null,"M","?","$","?","M","R","E","R","T","M","M","NM","$","?","R","B",null,"M","NS","M","M","M","R","E","$","T","?","AVR","M","E","?","R","B",null,"R","$","E","B",null],"character_chosen":"THE_SILENT","items_purchased":["Vampiric Spirits","hubris:TinFlute","Molten Egg 2","BrokenLever","Calipers","Bag of Marbles","conspire:TopHat","Gremlin Food","Accuracy","Blade Dance","Pantograph","Cloak And Dagger","Unceasing Top","Replay:Bottled Eggs","conspire:TreasureMap","Kunai","Catalyst","War Paint","Anchor","infinitespire:EmpoweringShard","Akabeko","ClockworkSouvenir","Panache","Bag of Preparation","MerchantsRug","BlackRope"],"campfire_rested":1,"item_purchase_floors":[0,0,0,0,0,0,0,0,0,0,0,0,0,0,0,0,2,47,53,99,99,99,99,122,132,144],"current_hp_per_floor":[70,70,70,70,70,70,53,62,62,62,50,50,59,59,59,70,70,70,70,70,57,57,57,35,35,35,40,40,37,49,47,47,75,70,70,61,61,61,67,70,70,77,77,59,77,77,77,77,77,77,77,77,77,77,77,77,77,77,77,77,77,77,77,77,77,77,77,77,77,77,77,78,79,79,80,81,81,82,83,84,84,85,85,86,86,87,87,88,88,89,90,91,92,92,92,93,94,95,95,95,96,96,97,97,98,98,99,99,100,100,100,101,102,103,104,105,105,106,106,107,108,108,108,109,109,110,110,110,111,112,113,113,113,113,114,114,115,115,116,117,118,118,119,119,119,119,119,120,121,121,121,122,122,122,122,123,124],"gold":1030,"neow_bonus":"","is_daily":false,"chose_seed":false,"campfire_upgraded":24,"win_rate":0.0,"timestamp":1608293291,"path_taken":["M","$","M","M","M","R","E","M","T","R","E","?","?","$","R","BOSS","M","$","?","?","?","R","M","R","T","E","?","E","M","?","R","BOSS","M","M","?","AVR","M","E","R","E","T","NM","M","E","$","M","R","BOSS","M","?","M","$","M","R","?","R","T","?","M","R","E","M","R","BOSS","M","AVR","?","M","M","R","NM","M","T","E","M","M","R","E","R","BOSS","M","?","M","?","?","E","M","NM","T","?","M","M","E","$","R","BOSS","M","?","M","?","M","R","E","R","T","E","M","M","E","M","R","BOSS","M","?","$","?","?","R","E","R","T","M","?","NM","$","?","R","BOSS","M","NS","M","M","M","R","E","$","T","?","AVR","M","E","?","R","BOSS","R","$","E","BOSS"],"items_purchased_type":["Relic","Relic","Relic","Relic","Relic","Relic","Relic","Relic","Card","Card","Relic","Card","Relic","Relic","Relic","Relic","Card","Relic","Relic","Relic","Relic","Relic","Card","Relic","Relic","Relic"],"build_version":"2020-12-13","purchased_purges":7,"victory":true,"max_hp_per_floor":[70,70,70,70,70,70,70,70,70,70,70,70,70,70,70,70,70,70,70,70,75,75,75,75,75,75,75,75,75,75,75,75,75,70,70,70,70,70,70,77,77,77,77,77,77,77,77,77,77,77,77,77,77,77,77,77,77,77,77,77,77,77,77,77,77,77,77,77,77,77,77,78,79,79,80,81,81,82,83,84,84,85,85,86,86,87,87,88,88,89,90,91,92,92,92,93,94,95,95,95,96,96,97,97,98,98,99,99,100,100,100,101,102,103,104,105,105,106,106,107,108,108,108,109,109,110,110,110,111,112,113,113,113,113,114,114,115,115,116,117,118,118,119,119,119,119,119,120,121,121,121,122,122,122,122,123,124],"card_choices":[{"not_picked":["Cloak And Dagger","Escape Plan"],"picked":"conspire:PoisonWeapons","floor":1},{"not_picked":["Poisoned Stab+1","Backstab+1","Sucker Punch+1"],"picked":"SKIP","floor":3},{"not_picked":["All Out Attack+1","Hidden Blade","Backflip"],"picked":"SKIP","floor":4},{"not_picked":["Blade Dance","Flying Knee+1","hubris:SlightOfHand"],"picked":"SKIP","floor":5},{"not_picked":["Dagger Throw+1","hubris:Sniper","ReplayTheSpireMod:Necrosis"],"picked":"SKIP","floor":7},{"not_picked":["Blade Dance","ReplayTheSpireMod:The Works","Poisoned Stab+1"],"picked":"SKIP","floor":8},{"not_picked":["Well Laid Plans","Glass Knife+1","hubris:SlightOfHand"],"picked":"SKIP","floor":11},{"not_picked":["Draining Mist","Flying Knee+1","Dagger Spray+1"],"picked":"SKIP","floor":13},{"not_picked":["Dagger Throw+1","Cloak And Dagger","Deflect"],"picked":"SKIP","floor":18},{"not_picked":["Draining Mist","Deflect","Finisher+1"],"picked":"SKIP","floor":24},{"not_picked":["Eviscerate+1","Sucker Punch+1","Flying Knee+1"],"picked":"SKIP","floor":27},{"not_picked":["Bane+1","Fluid Movement","Terror"],"picked":"SKIP","floor":29},{"not_picked":["Dagger Throw+1","Leg Sweep","Dagger Spray+1"],"picked":"SKIP","floor":30},{"not_picked":["Deadly Poison","Slice+1","Sucker Punch+1"],"picked":"SKIP","floor":31},{"not_picked":["Glass Knife+1","ReplayTheSpireMod:Necrosis"],"picked":"infinitespire:Neurotoxin","floor":33},{"not_picked":["Poisoned Stab+1","Deflect+1","hubris:SlightOfHand"],"picked":"SKIP","floor":35},{"not_picked":["Hidden Blade+1","ReplayTheSpireMod:Tripwire+1","Sucker Punch+1"],"picked":"SKIP","floor":36},{"not_picked":["Concentrate","PiercingWail","All Out Attack+1"],"picked":"SKIP","floor":39},{"not_picked":["Sucker Punch+1","conspire:PoisonWeapons+1","Well Laid Plans+1"],"picked":"SKIP","floor":40},{"not_picked":["Backflip","Burst","Well Laid Plans"],"picked":"SKIP","floor":42},{"not_picked":["hubris:Counter+1","ReplayTheSpireMod:Exploit Weakness+1","Die Die Die+1"],"picked":"SKIP","floor":44},{"not_picked":["Setup","Outmaneuver","Prepared+1"],"picked":"SKIP","floor":45},{"not_picked":["Expertise","Dodge and Roll+1","Tactician+1"],"picked":"SKIP","floor":46},{"not_picked":["Poisoned Stab+1","Masterful Stab+1","Bane+1"],"picked":"SKIP","floor":48},{"not_picked":["Flying Knee+1","Acrobatics","Cloak And Dagger"],"picked":"SKIP","floor":52},{"not_picked":["Noxious Fumes","PiercingWail","Deadly Poison"],"picked":"SKIP","floor":54},{"not_picked":["Dash+1","Draining Mist","hubris:Counter+1"],"picked":"SKIP","floor":56},{"not_picked":["Flying Knee+1","Poisoned Stab+1"],"picked":"Accuracy","floor":61},{"not_picked":["Underhanded Strike+1","Prepared","Choke+1"],"picked":"SKIP","floor":62},{"not_picked":["Distraction","Leg Sweep","hubris:SlightOfHand"],"picked":"SKIP","floor":64},{"not_picked":["Distraction","Leg Sweep","hubris:SlightOfHand"],"picked":"SKIP","floor":64},{"not_picked":["Outmaneuver","Dash+1","Hidden Blade"],"picked":"SKIP","floor":65},{"not_picked":["Finisher+1"],"picked":"SKIP","floor":69},{"not_picked":["Sucker Punch+1"],"picked":"SKIP","floor":72},{"not_picked":["Blade Dance+1"],"picked":"SKIP","floor":73},{"not_picked":["Deflect"],"picked":"SKIP","floor":75},{"not_picked":["Blade Dance"],"picked":"SKIP","floor":76},{"not_picked":["Dagger Spray+1"],"picked":"SKIP","floor":78},{"not_picked":["Cloak And Dagger"],"picked":"SKIP","floor":79},{"not_picked":["Backflip+1"],"picked":"SKIP","floor":80},{"not_picked":["Quick Slash+1"],"picked":"SKIP","floor":82},{"not_picked":[],"picked":"Phantasmal Killer","floor":84},{"not_picked":["Blade Dance"],"picked":"SKIP","floor":86},{"not_picked":["Poisoned Stab+1"],"picked":"SKIP","floor":88},{"not_picked":["Sucker Punch+1"],"picked":"SKIP","floor":90},{"not_picked":["Sucker Punch+1"],"picked":"SKIP","floor":91},{"not_picked":["Blade Dance"],"picked":"SKIP","floor":92},{"not_picked":["Sucker Punch+1"],"picked":"SKIP","floor":93},{"not_picked":["Quick Slash+1"],"picked":"SKIP","floor":96},{"not_picked":["Deflect"],"picked":"SKIP","floor":97},{"not_picked":["hubris:SlightOfHand"],"picked":"SKIP","floor":98},{"not_picked":["Poisoned Stab+1"],"picked":"SKIP","floor":103},{"not_picked":["Flying Knee+1"],"picked":"SKIP","floor":105},{"not_picked":["Replay:Poison Smokescreen"],"picked":"SKIP","floor":107},{"not_picked":["ReplayTheSpireMod:Speed Training"],"picked":"SKIP","floor":109},{"not_picked":["Infinite Blades"],"picked":"SKIP","floor":112},{"not_picked":["ReplayTheSpireMod:The Works"],"picked":"SKIP","floor":113},{"not_picked":["Cloak And Dagger"],"picked":"SKIP","floor":114},{"not_picked":["Endless Agony+1"],"picked":"SKIP","floor":115},{"not_picked":["Flying Knee+1"],"picked":"SKIP","floor":116},{"not_picked":["Quick Slash+1"],"picked":"SKIP","floor":120},{"not_picked":["Backflip"],"picked":"SKIP","floor":124},{"not_picked":[],"picked":"Catalyst","floor":126},{"not_picked":["Poisoned Stab+1"],"picked":"SKIP","floor":129},{"not_picked":["PiercingWail"],"picked":"SKIP","floor":130},{"not_picked":["Outmaneuver"],"picked":"SKIP","floor":131},{"not_picked":["Dagger Spray+1"],"picked":"SKIP","floor":137},{"not_picked":["Flying Knee+1"],"picked":"SKIP","floor":139},{"not_picked":["Prepared"],"picked":"SKIP","floor":140},{"not_picked":["Underhanded Strike+1"],"picked":"SKIP","floor":141},{"not_picked":["Prepared"],"picked":"SKIP","floor":143},{"not_picked":["conspire:DoublingDagger+1"],"picked":"SKIP","floor":148},{"not_picked":["infinitespire:Neurotoxin"],"picked":"SKIP","floor":149},{"not_picked":["PiercingWail"],"picked":"SKIP","floor":156}],"player_experience":899618,"relics_obtained":[{"floor":7,"key":"Snake Skull"},{"floor":9,"key":"Blue Doll"},{"floor":11,"key":"Simple Rune"},{"floor":26,"key":"halation:BlackBeret"},{"floor":27,"key":"HornCleat"},{"floor":29,"key":"halation:KoshaPiece"},{"floor":40,"key":"Strawberry"},{"floor":42,"key":"Basket Of Snakes"},{"floor":43,"key":"hubris:TenFootPole"},{"floor":44,"key":"Ninja Scroll"},{"floor":46,"key":"Quantum Egg"},{"floor":60,"key":"Replay:Bandana"},{"floor":64,"key":"halation:PromiseList"},{"floor":75,"key":"MiniBlackHole"},{"floor":77,"key":"Ornamental Fan"},{"floor":78,"key":"Blood Vial"},{"floor":82,"key":"Tingsha"},{"floor":91,"key":"PreservedInsect"},{"floor":93,"key":"Onion Ring"},{"floor":94,"key":"hubris:MobiusCoin"},{"floor":98,"key":"Art of War"},{"floor":109,"key":"Vajra"},{"floor":111,"key":"InkBottle"},{"floor":112,"key":"hubris:OldNail"},{"floor":115,"key":"Golden Egg"},{"floor":121,"key":"Red Mask"},{"floor":126,"key":"Bottled Tornado"},{"floor":128,"key":"SnailShell"},{"floor":131,"key":"Omamori"},{"floor":143,"key":"Toy Ornithopter"},{"floor":149,"key":"Juzu Bracelet"},{"floor":153,"key":"Bronze Scales"},{"floor":153,"key":"halation:Toothbrush"},{"floor":153,"key":"Du-Vu Doll"},{"floor":156,"key":"CaptainsWheel"}],"event_choices":[{"damage_healed":0,"gold_gain":0,"player_choice":"Gave Potion","damage_taken":0,"relics_obtained":["Potion Belt"],"max_hp_gain":0,"max_hp_loss":0,"event_name":"WeMeetAgain","floor":12,"gold_loss":0},{"damage_healed":0,"gold_gain":0,"player_choice":"Shed Blood","damage_taken":18,"max_hp_gain":5,"max_hp_loss":0,"event_name":"Forgotten Altar","floor":21,"gold_loss":0},{"damage_healed":0,"gold_gain":0,"player_choice":"Ignored","damage_taken":0,"max_hp_gain":0,"max_hp_loss":0,"event_name":"betterThird:BetterPortal","floor":37,"gold_loss":0},{"damage_healed":0,"gold_gain":0,"player_choice":"Got Potions","damage_taken":0,"max_hp_gain":0,"max_hp_loss":0,"event_name":"Lab","floor":58,"gold_loss":0},{"damage_healed":0,"gold_gain":0,"player_choice":"Trade","damage_taken":0,"relics_obtained":["FaceOfCleric"],"max_hp_gain":0,"max_hp_loss":0,"event_name":"FaceTrader","floor":71,"gold_loss":0},{"cards_removed":["Strike_G"],"damage_healed":0,"gold_gain":0,"player_choice":"Offered Basic","damage_taken":0,"max_hp_gain":0,"max_hp_loss":0,"event_name":"Bonfire Elementals","floor":89,"gold_loss":0},{"damage_healed":0,"gold_gain":0,"player_choice":"Ignored","damage_taken":0,"max_hp_gain":0,"max_hp_loss":0,"event_name":"Tomb of Lord Red Mask","floor":95,"gold_loss":0},{"damage_healed":0,"gold_gain":0,"player_choice":"Disagree","damage_taken":0,"max_hp_gain":0,"max_hp_loss":0,"event_name":"conspire:LoneGhost","floor":104,"gold_loss":0},{"damage_healed":0,"gold_gain":0,"player_choice":"Fought Bandits","damage_taken":0,"max_hp_gain":0,"max_hp_loss":0,"event_name":"Masked Bandits","floor":121,"gold_loss":0},{"damage_healed":0,"gold_gain":100,"player_choice":"Pray","damage_taken":0,"max_hp_gain":0,"max_hp_loss":0,"event_name":"Golden Shrine","floor":123,"gold_loss":0},{"damage_healed":0,"gold_gain":0,"player_choice":"Gave Potion","damage_taken":0,"relics_obtained":["Dream Catcher"],"max_hp_gain":0,"max_hp_loss":0,"event_name":"WeMeetAgain","floor":133,"gold_loss":0},{"damage_healed":0,"gold_gain":0,"player_choice":"Upgraded","damage_taken":0,"max_hp_gain":0,"max_hp_loss":0,"event_name":"Upgrade Shrine","floor":150,"gold_loss":0,"cards_upgraded":["Defend_G"]}],"is_beta":false,"boss_relics":[{"not_picked":["Empty Cage","hubris:CrackedHourglass"],"picked":"hubris:TerracottaHorce"},{"not_picked":["relicPack:StarArrow","ReplayTheSpireMod:SealedPack"],"picked":"energizedSpire:HugeHouse"},{"not_picked":["Tiny House","Velvet Choker"],"picked":"conspire:RunicOctahedron"},{"not_picked":["hubris:CrackedHourglass","Replay:Grab Bag"],"picked":"Busted Crown"},{"not_picked":["energizedSpire:EnergizedDie","Fusion Hammer"],"picked":"hubris:ScarierMask"},{"not_picked":["Cursed Key","halation:ForbiddenBikini","halation:CatFaceCupcake"]},{"not_picked":["energizedSpire:RedRose","halation:ForbiddenBikini"],"picked":"conspire:RoyalGoblet"},{"not_picked":["energizedSpire:EnergizedDie","Abe\u0027s Treasure"],"picked":"WristBlade"},{"not_picked":["Fusion Hammer","energizedSpire:DeadBattery"],"picked":"Calling Bell"}],"items_purged_floors":[0,14,19,38,47,70,99],"is_endless":true,"potions_floor_spawned":[3,8,11,16,24,30,31,33,35,39,42,46,48,50,54,56,62,69,72,78,79,84,88,90,96,97,98,107,109,112,113,115,120,121,129,131,141,148,149],"ascension_level":5}}