{"host":"Guideon","time":1608309672,"event":{"mods":["BaseMod","Colored Map","Colored Powertips","Downfall","Minty Spire (QoL Compilation)","Permanent Neow","RNG Fix","Rare Cards Sparkle","Relic Stats","StSLib"],"gold_per_floor":[99,111,142,142,162,162,162],"floor_reached":6,"playtime":469,"items_purged":[],"score":44,"play_id":"fb2c5d0a-8765-4cbb-813a-fab2aca66029","local_time":"20201218134112","is_ascension_mode":false,"campfire_choices":[{"data":"Slimebound:Split","floor":1,"key":"SMITH"}],"circlet_count":0,"master_deck":["Slimebound:Strike_Slimebound","Slimebound:Strike_Slimebound","Slimebound:Tackle","Slimebound:Defend_Slimebound","Slimebound:Defend_Slimebound","Slimebound:Defend_Slimebound","Slimebound:Defend_Slimebound","Slimebound:Split+1","Slimebound:CorrosiveSpit","Slimebound:SlimeSpikes"],"relics":["Busted Crown","Ornamental Fan"],"acts_visited":["Exordium"],"potions_floor_usage":[],"damage_taken":[{"damage":13,"enemies":"2 Louse","floor":2,"turns":2},{"damage":38,"enemies":"Lagavulin","floor":3,"turns":6},{"damage":13,"enemies":"Small Slimes","floor":5,"turns":3},{"damage":28,"enemies":"3 Sentries","floor":6,"turns":5}],"seed_played":"8843395325559911579","potions_obtained":[{"floor":2,"key":"sneckomod:MuddlingPotion"}],"is_trial":false,"path_per_floor":["R","M","E","?","M","E"],"character_chosen":"SLIMEBOUND","items_purchased":[],"campfire_rested":0,"item_purchase_floors":[],"current_hp_per_floor":[60,55,25,25,20,0,0],"gold":162,"neow_bonus":"BOSS_RELIC","is_daily":false,"chose_seed":false,"campfire_upgraded":1,"win_rate":0.0,"timestamp":1608309672,"path_taken":["R","M","E","?","M","E"],"items_purchased_type":[],"build_version":"2020-11-17","purchased_purges":0,"victory":false,"max_hp_per_floor":[60,60,60,60,60,60,60],"relic_stats":{"Busted Crown":6,"counters":[4,15],"Ornamental Fan":[4],"obtain_stats":[{"Busted Crown":0,"Ornamental Fan":3,"Slimebound:AbsorbEndCombat":0},{"Busted Crown":0,"Ornamental Fan":2,"Slimebound:AbsorbEndCombat":0},{"Busted Crown":0,"Ornamental Fan":8,"Slimebound:AbsorbEndCombat":0}]},"card_choices":[{"not_picked":[],"picked":"Slimebound:SlimeSpikes","floor":2},{"not_picked":["Slimebound:TongueLash"],"picked":"SKIP","floor":3},{"not_picked":["Slimebound:ItLooksTasty"],"picked":"SKIP","floor":5}],"player_experience":0,"relics_obtained":[{"floor":3,"key":"Ornamental Fan"}],"event_choices":[],"is_beta":true,"boss_relics":[],"items_purged_floors":[],"is_endless":false,"potions_floor_spawned":[2],"killed_by":"3 Sentries","ascension_level":0}}