{"host":"4nnhb5rglsgyie7t","time":1608295566,"event":{"mods":["BaseMod","Challenge The Spire","Jedi Mod","Koishi","Marisa（F雨　魔理沙）","Minty Spire (QoL Compilation)","Prisma Mod","Shop Mod","StSLib","Td1madao Mod","The Cursed","The Exalted","The Servant 0.9.4","Youmu（魂魄妖梦）","【功能Mod】聪明的最终Boss","【角色mod】十八桐人"],"gold_per_floor":[118,118,193,203,214,214,23,123,123,123,142,142,156,189,189,290,340,352,352,352,367,379,411,428,458,482,500,514,514,546,169,169,266,266,283,337,190,201,251,251,279,279,332,332,332,342,361,128,128,128,128,128,128,158,158,158],"floor_reached":55,"playtime":7698,"items_purged":["Defend_YM"],"score":830,"play_id":"804ab916-e8d7-42b4-a467-873464394bd2","local_time":"20201218204606","is_ascension_mode":false,"campfire_choices":[{"floor":6.0,"key":"REST"},{"floor":10.0,"key":"RECALL"},{"data":"HumanGodSword","floor":12.0,"key":"SMITH"},{"floor":15.0,"key":"REST"},{"data":"SuddenPhantomFormationSlashOfKarmicWind","floor":32.0,"key":"SMITH"},{"data":"SlashOfDelusionalInnerEye","floor":40.0,"key":"SMITH"},{"floor":42.0,"key":"REST"},{"data":"SwordExtraction","floor":44.0,"key":"SMITH"},{"data":"AsuraSword","floor":49.0,"key":"SMITH"},{"data":"FastingOfTheYoungPreta","floor":52,"key":"SMITH"}],"circlet_count":0,"master_deck":["Defend_YM","Defend_YM","Defend_YM","SlashOfPresentWorld","WheelOfPainOfLivingAndDead","ThoughtCuttingSword","PhosphoricSlash","TwoHundredYojanaInOneSlash","HumanGodSword+1","ThreeKonsSevenHakus","RapidSlash+1","LightFlashOfTheNetherworld","ConstancyOfTheConventionalTruth","GreatEnlightenmentAppearingAndDisappearing","HeavenGodSword","CherryBlossomFlashing","SwordExtraction","HumanKnowledgeSword","SwordExtraction+1","HellFireSword","FlashingScatteredFlowers+1","FastingOfTheYoungPreta+1","HumanKnowledgeSword+1","CherryBlossomFlashing","Bite","Bite","Bite","Bite","Bite","SuddenPhantomFormationSlashOfKarmicWind+1","ASingleThoughtAndInfiniteKalpas","AsuraSword+1","SlashOfDelusionalInnerEye+1","DoubleWheelOfPain+1","MatsuyoiReflectingSatelliteSlash","SuddenPhantomFormationSlashOfKarmicWind+1","Flash of Steel"],"relics":["HalfPhantom","NeowsBlessing","Lantern","Bromod:ArcaneMomentum","Tiny House","Bag of Preparation","Shuriken","Tiny Chest","jedi:Pinwheel","jedi:hotpepper","Gambling Chip","Roukanken","Unceasing Top","Strawberry","jedi:crownofsimplicity","jedi:angrymask","TheAbacus","jedi:bottledfury"],"acts_visited":["Exordium","TheCity","TheBeyond","TheEnding"],"potions_floor_usage":[54],"damage_taken":[{"damage":0.0,"enemies":"Jaw Worm","floor":1.0,"turns":1.0},{"damage":0.0,"enemies":"2 Louse","floor":4.0,"turns":2.0},{"damage":0.0,"enemies":"Cultist","floor":5.0,"turns":1.0},{"damage":1.0,"enemies":"Blue Slaver","floor":11.0,"turns":5.0},{"damage":5.0,"enemies":"Large Slime","floor":13.0,"turns":4.0},{"damage":27.0,"enemies":"3 Sentries","floor":14.0,"turns":10.0},{"damage":17.0,"enemies":"The Guardian","floor":16.0,"turns":18.0},{"damage":6.0,"enemies":"3 Byrds","floor":18.0,"turns":6.0},{"damage":3.0,"enemies":"Shell Parasite","floor":21.0,"turns":7.0},{"damage":11.0,"enemies":"Snecko","floor":22.0,"turns":5.0},{"damage":15.0,"enemies":"Slavers","floor":23.0,"turns":4.0},{"damage":0.0,"enemies":"3 Cultists","floor":24.0,"turns":4.0},{"damage":26.0,"enemies":"Book of Stabbing","floor":25.0,"turns":7.0},{"damage":0.0,"enemies":"Snake Plant","floor":27.0,"turns":1.0},{"damage":2.0,"enemies":"Shelled Parasite and Fungi","floor":28.0,"turns":3.0},{"damage":4.0,"enemies":"Gremlin Leader","floor":30.0,"turns":6.0},{"damage":0.0,"enemies":"Automaton","floor":33.0,"turns":7.0},{"damage":8.0,"enemies":"3 Darklings","floor":35.0,"turns":3.0},{"damage":12.0,"enemies":"2 Orb Walkers","floor":36.0,"turns":4.0},{"damage":23.0,"enemies":"3 Shapes","floor":38.0,"turns":2.0},{"damage":10.0,"enemies":"Mind Bloom Boss Battle","floor":39.0,"turns":5.0},{"damage":27.0,"enemies":"Nemesis","floor":41.0,"turns":8.0},{"damage":0.0,"enemies":"Sphere and 2 Shapes","floor":46.0,"turns":2.0},{"damage":10.0,"enemies":"Maw","floor":47.0,"turns":6.0},{"damage":21,"enemies":"Donu and Deca","floor":50,"turns":6},{"damage":46,"enemies":"Shield and Spear","floor":54,"turns":6},{"damage":31,"enemies":"The Heart","floor":55,"turns":2}],"seed_played":"-1850707628101968768","potions_obtained":[{"floor":5.0,"key":"Block Potion"},{"floor":14.0,"key":"SmokeBomb"},{"floor":16.0,"key":"DuplicationPotion"},{"floor":17.0,"key":"FairyPotion"},{"floor":18.0,"key":"SwordSoul"},{"floor":25.0,"key":"Block Potion"},{"floor":28.0,"key":"PowerPotion"},{"floor":35.0,"key":"BlessingOfTheForge"},{"floor":36.0,"key":"jedi:StrikingPotion"},{"floor":47.0,"key":"Weak Potion"}],"is_trial":false,"path_per_floor":["M","?","?","M","M","R","$","?","T","R","M","R","M","E","R","B",null,"M","?","?","M","M","E","M","E","T","M","M","?","E","$","R","B",null,"M","?","$","M","?","R","E","R","T","R","T","M","M","$","R","B",null,"R","$","E","B"],"character_chosen":"YOUMU","items_purchased":["HumanGodSword","ThreeKonsSevenHakus","RapidSlash","SuddenPhantomFormationSlashOfKarmicWind","ASingleThoughtAndInfiniteKalpas","Fruit Juice","Swift Potion","Roukanken","TheAbacus","Flash of Steel"],"campfire_rested":3,"item_purchase_floors":[7,7,7,31,31,31,31,37,48,48],"current_hp_per_floor":[75,50,39,39,39,61,61,61,61,61,60,60,55,28,50,33,80,74,74,66,63,52,37,37,11,11,11,9,9,21,26,26,34,45,41,45,45,25,27,27,18,32,32,32,32,46,45,45,45,44,49,49,49,9,0,0],"gold":158,"neow_bonus":"THREE_ENEMY_KILL","is_daily":false,"chose_seed":false,"campfire_upgraded":6,"win_rate":0.0,"timestamp":1608295566,"path_taken":["M","?","?","M","M","R","$","?","T","R","M","R","?","E","R","BOSS","M","?","?","M","?","E","M","E","T","M","M","?","E","$","R","BOSS","M","?","$","M","?","R","E","R","T","R","?","M","M","$","R","BOSS","R","$","E","BOSS"],"items_purchased_type":["Card","Card","Card","Card","Card","Potion","Potion","Relic","Relic","Card"],"build_version":"2020-12-13","purchased_purges":1,"victory":false,"max_hp_per_floor":[75,75,75,75,75,75,75,75,75,75,75,75,75,75,75,75,80,80,80,80,80,80,80,80,80,80,80,80,56,56,61,61,61,45,45,45,45,45,45,45,49,49,49,49,49,49,49,49,49,49,49,49,49,49,49,49],"card_choices":[{"not_picked":["SpiritCuttingSword","FlashingScatteredFlowers"],"picked":"ThoughtCuttingSword","floor":1.0},{"not_picked":["SpiritCuttingSword","VoidnessSword"],"picked":"PhosphoricSlash","floor":4.0},{"not_picked":["HumanKnowledgeSword","ConstancyOfTheConventionalTruth"],"picked":"TwoHundredYojanaInOneSlash","floor":5.0},{"not_picked":["SwordExtraction","RapidSlash"],"picked":"LightFlashOfTheNetherworld","floor":11.0},{"not_picked":["RapidSlash","LowerRealmReflectionSlash"],"picked":"ConstancyOfTheConventionalTruth","floor":13.0},{"not_picked":["ThreeKonsSevenHakus","HellFireSword"],"picked":"GreatEnlightenmentAppearingAndDisappearing","floor":14.0},{"not_picked":["FastingOfTheYoungPreta","MatsuyoiReflectingSatelliteSlash"],"picked":"HeavenGodSword","floor":16.0},{"not_picked":["HeartExcerptSlash","DispleasureOfTheSevenHakus"],"picked":"CherryBlossomFlashing","floor":17.0},{"not_picked":["PhosphoricSlash","LifeCuttingSword"],"picked":"SwordExtraction","floor":18.0},{"not_picked":["CrescentMoonSlash","GhostSword"],"picked":"HumanKnowledgeSword","floor":21.0},{"not_picked":["PretaSword","TransmigrationSlash"],"picked":"SwordExtraction","floor":22.0},{"not_picked":["PreachingAvici","BizarrenessOfSixRealms"],"picked":"HellFireSword","floor":23.0},{"not_picked":["SpiritCuttingSword","LifeCuttingSword"],"picked":"FlashingScatteredFlowers+1","floor":24.0},{"not_picked":["CrescentMoonSlash","SwordExtraction"],"picked":"FastingOfTheYoungPreta","floor":25.0},{"not_picked":["SwordExtraction","PreachingAvici"],"picked":"HumanKnowledgeSword+1","floor":27.0},{"not_picked":["HumanKnowledgeSword","SpiritCuttingSword+1"],"picked":"CherryBlossomFlashing","floor":28.0},{"not_picked":["HiganSword","HumanKnowledgeSword","KarmicPunishmentOfTheIdleAndUnfocused+1"],"picked":"SKIP","floor":30.0},{"not_picked":["SlashOfSaigyouSpringWind","ReincarnationSword"],"picked":"AsuraSword","floor":33.0},{"not_picked":["ConstancyOfTheConventionalTruth","RapidSlash"],"picked":"SlashOfDelusionalInnerEye","floor":35.0},{"not_picked":["TwoHundredYojanaInOneSlash","DispleasureOfTheSevenHakus+1","PhosphoricSlash+1"],"picked":"SKIP","floor":38.0},{"not_picked":["FlashingScatteredFlowers+1","ObsessionWithThePresentWorld+1"],"picked":"DoubleWheelOfPain+1","floor":39.0},{"not_picked":["TenKingsRetributionOnThePreta+1","LowerRealmReflectionSlash+1"],"picked":"MatsuyoiReflectingSatelliteSlash","floor":41.0},{"not_picked":["ConstancyOfTheConventionalTruth","SwordExtraction+1"],"picked":"SuddenPhantomFormationSlashOfKarmicWind+1","floor":46.0},{"not_picked":["BloodOfAsura+1","SlashOfMeditation+1","FlashingScatteredFlowers"],"picked":"SKIP","floor":47.0},{"not_picked":["HesitationCuttingSword","SpiritMediumsBind","AsuraSword"],"picked":"SKIP","floor":54}],"player_experience":126624,"relics_obtained":[{"floor":14.0,"key":"Bromod:ArcaneMomentum"},{"floor":23.0,"key":"Bag of Preparation"},{"floor":25.0,"key":"Shuriken"},{"floor":26.0,"key":"Tiny Chest"},{"floor":30.0,"key":"jedi:Pinwheel"},{"floor":36.0,"key":"Gambling Chip"},{"floor":39.0,"key":"Unceasing Top"},{"floor":41.0,"key":"Strawberry"},{"floor":43.0,"key":"jedi:crownofsimplicity"},{"floor":45.0,"key":"jedi:angrymask"},{"floor":54,"key":"jedi:bottledfury"}],"event_choices":[{"damage_healed":0.0,"max_hp_gain":0.0,"max_hp_loss":0.0,"gold_gain":0.0,"event_name":"Scrap Ooze","player_choice":"Success","floor":2.0,"gold_loss":0.0,"damage_taken":25.0,"relics_obtained":["Lantern"]},{"damage_healed":0.0,"max_hp_gain":0.0,"max_hp_loss":0.0,"gold_gain":75.0,"event_name":"World of Goop","player_choice":"Gather Gold","floor":3.0,"gold_loss":0.0,"damage_taken":11.0},{"damage_healed":0.0,"max_hp_gain":0.0,"max_hp_loss":0.0,"gold_gain":100.0,"event_name":"Wheel of Change","player_choice":"Gold","floor":8.0,"gold_loss":0.0,"damage_taken":0.0},{"damage_healed":0.0,"max_hp_gain":0.0,"max_hp_loss":0.0,"gold_gain":0.0,"event_name":"Ghosts","player_choice":"Ignored","floor":19.0,"gold_loss":0.0,"damage_taken":0.0},{"damage_healed":0.0,"max_hp_gain":0.0,"max_hp_loss":0.0,"gold_gain":0.0,"event_name":"Wheel of Change","player_choice":"Damaged","floor":20.0,"gold_loss":0.0,"damage_taken":8.0},{"damage_healed":0.0,"max_hp_gain":0.0,"max_hp_loss":24.0,"gold_gain":0.0,"event_name":"Vampires","player_choice":"Became a vampire","floor":29.0,"gold_loss":0.0,"damage_taken":0.0,"cards_obtained":["Bite","Bite","Bite","Bite","Bite"]},{"damage_healed":0.0,"max_hp_gain":0.0,"max_hp_loss":0.0,"gold_gain":0.0,"event_name":"Mysterious Sphere","player_choice":"Fight","floor":36.0,"gold_loss":0.0,"damage_taken":0.0},{"damage_healed":0.0,"max_hp_gain":0.0,"max_hp_loss":0.0,"gold_gain":0.0,"event_name":"MindBloom","player_choice":"Fight","floor":39.0,"gold_loss":0.0,"damage_taken":0.0}],"is_beta":false,"boss_relics":[{"not_picked":["Busted Crown","Philosopher\u0027s Stone"],"picked":"Tiny House"},{"not_picked":["Astrolabe","Runic Pyramid"],"picked":"jedi:hotpepper"}],"items_purged_floors":[31],"is_endless":false,"potions_floor_spawned":[5,14,16,18,24,25,28,35,36,47],"killed_by":"The Heart","ascension_level":0}}