{"host":"g7i5n6mgt0ag3exa","time":1608250291,"event":{"mods":["AchievementEnabler","BaseMod","Bestiary","Better Note","Block Reminder","Colored Powertips","Filter the Spire","GifTheSpireLib","Highlight Path","Minty Spire (QoL Compilation)","Permanent Neow","Practice Mode","Quick Restart","Rare Cards Sparkle","Relic Stats","StSLib","Uncapped"],"gold_per_floor":[110,110,130,140,65,65,80,91,91,266,266,284,184,59,59,158,158,174,174,174,184,90,100,100,100,127,127,147,147,161,177,177,273,273,288,138,154,63,78,113,113,141,141,141,191,216,216,166,166,166,166,166,116,143,143,143],"floor_reached":55,"playtime":2949,"items_purged":["Strike_B","Doubt","Strike_B","Defend_B","Defend_B","Machine Learning+1"],"score":966,"play_id":"72ea235c-a98e-4cfc-995b-c26f9bcd14fe","local_time":"20201217181131","is_ascension_mode":true,"campfire_choices":[{"data":"Impatience","floor":6.0,"key":"SMITH"},{"data":"Dualcast","floor":11.0,"key":"SMITH"},{"data":"Zap","floor":15.0,"key":"SMITH"},{"data":"Machine Learning","floor":27.0,"key":"SMITH"},{"data":"Deep Breath","floor":29.0,"key":"SMITH"},{"data":"Seek","floor":32.0,"key":"SMITH"},{"data":"Impatience","floor":41.0,"key":"SMITH"},{"floor":49.0,"key":"RECALL"},{"data":"Gash","floor":52.0,"key":"SMITH"}],"circlet_count":0,"master_deck":["Zap+1","Dualcast+1","Impatience+1","Gash+1","Seek+1","Gash","Deep Breath+1","Seek","Steam+1","Impatience+1","Master of Strategy"],"relics":["Cracked Core","Ice Cream","Ancient Tea Set","Empty Cage","WingedGreaves","Calipers","Pantograph","Prayer Wheel","Smiling Mask","Thread and Needle"],"acts_visited":["Exordium","TheCity","TheBeyond","TheEnding"],"potions_floor_usage":[55,55,55,55,55,55],"damage_taken":[{"damage":0.0,"enemies":"Small Slimes","floor":1.0,"turns":2.0},{"damage":11.0,"enemies":"Jaw Worm","floor":3.0,"turns":2.0},{"damage":0.0,"enemies":"2 Louse","floor":4.0,"turns":2.0},{"damage":0.0,"enemies":"Blue Slaver","floor":7.0,"turns":4.0},{"damage":5.0,"enemies":"Large Slime","floor":8.0,"turns":7.0},{"damage":0.0,"enemies":"Looter","floor":12.0,"turns":3.0},{"damage":10.0,"enemies":"The Guardian","floor":16.0,"turns":9.0},{"damage":11.0,"enemies":"Spheric Guardian","floor":18.0,"turns":4.0},{"damage":0.0,"enemies":"3 Byrds","floor":21.0,"turns":4.0},{"damage":6.0,"enemies":"Centurion and Healer","floor":23.0,"turns":5.0},{"damage":2.0,"enemies":"Shelled Parasite and Fungi","floor":28.0,"turns":3.0},{"damage":0.0,"enemies":"Sentry and Sphere","floor":30.0,"turns":3.0},{"damage":6.0,"enemies":"Centurion and Healer","floor":31.0,"turns":4.0},{"damage":0.0,"enemies":"Collector","floor":33.0,"turns":2.0},{"damage":0.0,"enemies":"3 Shapes","floor":35.0,"turns":1.0},{"damage":0.0,"enemies":"Orb Walker","floor":37.0,"turns":1.0},{"damage":0.0,"enemies":"Maw","floor":39.0,"turns":1.0},{"damage":0.0,"enemies":"Nemesis","floor":40.0,"turns":1.0},{"damage":0.0,"enemies":"Giant Head","floor":42.0,"turns":1.0},{"damage":8.0,"enemies":"2 Orb Walkers","floor":45.0,"turns":2.0},{"damage":0.0,"enemies":"Nemesis","floor":46.0,"turns":1.0},{"damage":0.0,"enemies":"Donu and Deca","floor":50.0,"turns":1.0},{"damage":0.0,"enemies":"Shield and Spear","floor":54.0,"turns":1.0},{"damage":75,"enemies":"The Heart","floor":55,"turns":4}],"seed_played":"-692167270065507182","potions_obtained":[{"floor":4.0,"key":"DistilledChaos"},{"floor":12.0,"key":"Block Potion"},{"floor":16.0,"key":"LiquidBronze"},{"floor":20.0,"key":"PotionOfCapacity"},{"floor":20.0,"key":"SkillPotion"},{"floor":20.0,"key":"EntropicBrew"},{"floor":23.0,"key":"FearPotion"},{"floor":30.0,"key":"EssenceOfSteel"},{"floor":39.0,"key":"EntropicBrew"},{"floor":45.0,"key":"Strength Potion"},{"floor":54.0,"key":"Dexterity Potion"}],"is_trial":false,"path_per_floor":["M","?","M","M","$","R","M","M","T","?","R","M","$","$","R","B",null,"M","?","?","M","$","M","T","?","T","R","M","R","M","M","R","B",null,"M","$","M","$","M","E","R","E","T","?","?","E","?","$","R","B",null,"R","$","E","B"],"character_chosen":"DEFECT","items_purchased":["Deep Breath","Impatience"],"campfire_rested":0,"item_purchase_floors":[22,38],"current_hp_per_floor":[75,68,57,57,57,57,57,52,52,52,52,52,52,52,52,42,75,64,64,64,64,64,58,58,58,58,58,56,56,56,50,50,50,75,75,75,75,75,75,75,75,75,75,65,57,57,57,57,57,75,75,75,75,75,0,0],"gold":143,"neow_bonus":"RANDOM_COLORLESS","is_daily":false,"chose_seed":false,"campfire_upgraded":8,"win_rate":0.0,"timestamp":1608250291,"path_taken":["M","?","M","M","$","R","M","M","T","?","R","M","?","$","R","BOSS","M","?","?","M","$","M","?","?","T","R","M","R","?","M","R","BOSS","M","$","M","$","M","E","R","E","T","?","?","E","?","$","R","BOSS","R","$","E","BOSS"],"items_purchased_type":["Card","Card"],"build_version":"2020-12-13","purchased_purges":6,"victory":false,"max_hp_per_floor":[75,75,75,75,75,75,75,75,75,75,75,75,75,75,75,75,75,75,75,75,75,75,75,75,75,75,75,75,75,75,75,75,75,75,75,75,75,75,75,75,75,75,75,75,75,75,75,75,75,75,75,75,75,75,75,75],"relic_stats":{"counters":[24,68],"Pantograph":18,"Prayer Wheel":0,"Smiling Mask":275,"obtain_stats":[{"Ice Cream":9,"Calipers":42,"Pantograph":43,"Prayer Wheel":45,"Thread and Needle":54,"WingedGreaves":40,"Cracked Core":0,"Ancient Tea Set":26,"Empty Cage":34,"Smiling Mask":46},{"Ice Cream":5,"Calipers":19,"Pantograph":19,"Prayer Wheel":20,"Thread and Needle":23,"WingedGreaves":18,"Cracked Core":0,"Ancient Tea Set":10,"Empty Cage":14,"Smiling Mask":21},{"Ice Cream":17,"Calipers":59,"Pantograph":59,"Prayer Wheel":61,"Thread and Needle":64,"WingedGreaves":58,"Cracked Core":0,"Ancient Tea Set":42,"Empty Cage":54,"Smiling Mask":62}]},"card_choices":[{"not_picked":["Mind Blast","Bandage Up"],"picked":"Impatience","floor":0.0},{"not_picked":["Go for the Eyes","Rebound","Ball Lightning"],"picked":"SKIP","floor":1.0},{"not_picked":["Coolheaded","Tempest","Defragment"],"picked":"SKIP","floor":3.0},{"not_picked":["Hyperbeam","Beam Cell"],"picked":"Gash","floor":4.0},{"not_picked":["Heatsinks","Melter","Turbo"],"picked":"SKIP","floor":7.0},{"not_picked":["Hologram","Steam","Hello World"],"picked":"SKIP","floor":8.0},{"not_picked":["Steam","Go for the Eyes","Auto Shields"],"picked":"SKIP","floor":12.0},{"not_picked":["Buffer","Hyperbeam"],"picked":"Seek","floor":16.0},{"not_picked":["Barrage","Stack","Hologram"],"picked":"SKIP","floor":18.0},{"not_picked":["Skim","Barrage+1","Stack"],"picked":"SKIP","floor":21.0},{"not_picked":["Barrage","Leap","Cold Snap"],"picked":"SKIP","floor":23.0},{"not_picked":["Fusion","Reprogram","Consume+1"],"picked":"SKIP","floor":28.0},{"not_picked":["BootSequence","Chill","Coolheaded"],"picked":"SKIP","floor":30.0},{"not_picked":["Conserve Battery+1","Gash+1","Beam Cell"],"picked":"SKIP","floor":31.0},{"not_picked":["Rainbow","Core Surge"],"picked":"Seek","floor":33.0},{"not_picked":["Auto Shields","FTL"],"picked":"Steam+1","floor":35.0},{"not_picked":["Rebound","Melter","Coolheaded+1"],"picked":"SKIP","floor":37.0},{"not_picked":["Stack","Darkness+1","Lockon+1"],"picked":"SKIP","floor":39.0},{"not_picked":["Barrage+1","Gash","Steam+1"],"picked":"SKIP","floor":40.0},{"not_picked":["Fusion+1","Steam+1","Chaos+1"],"picked":"SKIP","floor":42.0},{"not_picked":["Apotheosis","Panacea"],"picked":"Master of Strategy","floor":44.0},{"not_picked":["Double Energy+1","Sunder+1","Streamline"],"picked":"SKIP","floor":46.0},{"not_picked":["Blizzard+1","Scrape+1","Rebound+1"],"picked":"SKIP","floor":54.0}],"player_experience":60424,"relics_obtained":[{"floor":9.0,"key":"Ice Cream"},{"floor":26.0,"key":"Ancient Tea Set"},{"floor":40.0,"key":"WingedGreaves"},{"floor":42.0,"key":"Calipers"},{"floor":43.0,"key":"Pantograph"},{"floor":45.0,"key":"Prayer Wheel"},{"floor":46.0,"key":"Smiling Mask"},{"floor":54.0,"key":"Thread and Needle"}],"event_choices":[{"cards_removed":["Strike_B"],"damage_healed":0.0,"max_hp_gain":0.0,"max_hp_loss":0.0,"gold_gain":0.0,"event_name":"Golden Wing","player_choice":"Card Removal","floor":2.0,"gold_loss":0.0,"damage_taken":7.0},{"damage_healed":0.0,"max_hp_gain":0.0,"max_hp_loss":0.0,"gold_gain":175.0,"event_name":"Liars Game","player_choice":"AGREE","floor":10.0,"gold_loss":0.0,"damage_taken":0.0,"cards_obtained":["Doubt"]},{"damage_healed":0.0,"max_hp_gain":0.0,"max_hp_loss":0.0,"gold_gain":0.0,"event_name":"Match and Keep!","player_choice":"2 cards matched","floor":19.0,"gold_loss":0.0,"damage_taken":0.0,"cards_obtained":["Machine Learning","Gash"]},{"damage_healed":0.0,"max_hp_gain":0.0,"max_hp_loss":0.0,"gold_gain":0.0,"event_name":"Lab","player_choice":"Got Potions","floor":20.0,"gold_loss":0.0,"damage_taken":0.0},{"cards_removed":["Strike_B"],"damage_healed":0.0,"max_hp_gain":0.0,"max_hp_loss":0.0,"gold_gain":0.0,"event_name":"Bonfire Elementals","player_choice":"Offered Basic","floor":25.0,"gold_loss":0.0,"damage_taken":0.0},{"damage_healed":0.0,"max_hp_gain":0.0,"max_hp_loss":0.0,"gold_gain":0.0,"event_name":"SensoryStone","player_choice":"Memory 3","floor":44.0,"gold_loss":0.0,"damage_taken":10.0},{"damage_healed":0.0,"max_hp_gain":0.0,"max_hp_loss":0.0,"gold_gain":0.0,"event_name":"Mysterious Sphere","player_choice":"Fight","floor":45.0,"gold_loss":0.0,"damage_taken":0.0},{"damage_healed":0.0,"max_hp_gain":0.0,"max_hp_loss":0.0,"gold_gain":0.0,"event_name":"Tomb of Lord Red Mask","player_choice":"Ignored","floor":47.0,"gold_loss":0.0,"damage_taken":0.0}],"is_beta":false,"boss_relics":[{"not_picked":["Busted Crown","Cursed Key","Calling Bell"]},{"not_picked":["Black Star","SlaversCollar"],"picked":"Empty Cage"}],"items_purged_floors":[5,13,14,36,48,53],"is_endless":false,"potions_floor_spawned":[4,12,16,23,30,37,39,42,45,54],"killed_by":"The Heart","ascension_level":1}}