{"host":"26je6g5b6jsd0prz","time":1608289710,"event":{"mods":["AchievementEnabler","BaseMod","Colored Map","Minty Spire (QoL Compilation)"],"gold_per_floor":[111,111,111,128,140,140,140,168,193,204,204,218,252,318,318,422,422,437,466,466,466,44,44,61,61,136,112,112,123,123,48,48,146,146,161,181,199,251,251,251,263,263,263,263,286,298,298,18,18,18],"floor_reached":51,"playtime":3935,"items_purged":["Writhe"],"score":676,"play_id":"8bbe890c-93da-45a9-8b99-4afafc3ac20b","local_time":"20201218200830","is_ascension_mode":false,"campfire_choices":[{"data":"Warcry","floor":6,"key":"SMITH"},{"data":"Infernal Blade","floor":11,"key":"SMITH"},{"data":"Dual Wield","floor":15,"key":"SMITH"},{"floor":23,"key":"REST"},{"data":"Demon Form","floor":25,"key":"SMITH"},{"floor":30,"key":"REST"},{"data":"Flame Barrier","floor":32,"key":"SMITH"},{"data":"Flex","floor":40,"key":"SMITH"},{"floor":42,"key":"REST"},{"data":"Battle Trance","floor":44,"key":"SMITH"},{"floor":49,"key":"REST"}],"circlet_count":0,"master_deck":["Bash","Carnage","Anger","Warcry+1","Bludgeon","Infernal Blade+1","Dual Wield+1","Clash+1","Demon Form+1","Second Wind","Perfected Strike+1","Warcry","Rupture","Flame Barrier","Iron Wave+1","Dark Embrace","Exhume","Flame Barrier+1","Anger+1","Clash+1","Rampage+1","RitualDagger+1","Good Instincts","Anger+1","Flex+1","Battle Trance+1","Armaments+1","Cleave+1","Iron Wave+1","Body Slam+1","Bludgeon+1","Seeing Red+1","Thunderclap+1","Heavy Blade+1","Anger+1","Infernal Blade+1","Armaments+1","Sword Boomerang+1","Madness+1","Madness+1","Madness+1","Enlightenment+1","Sword Boomerang+1","Seeing Red+1"],"relics":["Burning Blood","NeowsBlessing","Potion Belt","Pear","Dream Catcher","Happy Flower","Bag of Marbles","Molten Egg 2","Pandora\u0027s Box","Red Mask","Matryoshka","Shuriken","Letter Opener","Meat on the Bone","Runic Pyramid","WingedGreaves","Toxic Egg 2","Ancient Tea Set","Eternal Feather","Juzu Bracelet","DollysMirror"],"acts_visited":["Exordium","TheCity","TheBeyond"],"potions_floor_usage":[13,16,19,33,33,36,41,50],"damage_taken":[{"damage":0,"enemies":"Small Slimes","floor":1,"turns":1},{"damage":0,"enemies":"Jaw Worm","floor":4,"turns":1},{"damage":0,"enemies":"2 Louse","floor":5,"turns":1},{"damage":23,"enemies":"Gremlin Nob","floor":8,"turns":4},{"damage":0,"enemies":"Looter","floor":10,"turns":1},{"damage":9,"enemies":"Blue Slaver","floor":12,"turns":3},{"damage":18,"enemies":"Lagavulin","floor":13,"turns":3},{"damage":63,"enemies":"The Guardian","floor":16,"turns":8},{"damage":30,"enemies":"2 Thieves","floor":18,"turns":3},{"damage":0,"enemies":"Masked Bandits","floor":19,"turns":3},{"damage":12,"enemies":"Spheric Guardian","floor":24,"turns":3},{"damage":22,"enemies":"Centurion and Healer","floor":29,"turns":4},{"damage":70,"enemies":"Automaton","floor":33,"turns":8},{"damage":3,"enemies":"3 Darklings","floor":35,"turns":3},{"damage":15,"enemies":"3 Shapes","floor":36,"turns":3},{"damage":16,"enemies":"Writhing Mass","floor":37,"turns":3},{"damage":0,"enemies":"2 Orb Walkers","floor":38,"turns":2},{"damage":12,"enemies":"Spire Growth","floor":41,"turns":3},{"damage":20,"enemies":"Maw","floor":46,"turns":6},{"damage":62,"enemies":"Donu and Deca","floor":50,"turns":6}],"seed_played":"-7300718717953909268","potions_obtained":[{"floor":1,"key":"BlessingOfTheForge"},{"floor":5,"key":"Strength Potion"},{"floor":13,"key":"EssenceOfSteel"},{"floor":16,"key":"Regen Potion"},{"floor":24,"key":"BloodPotion"},{"floor":29,"key":"Ancient Potion"},{"floor":33,"key":"Fire Potion"},{"floor":35,"key":"SkillPotion"},{"floor":37,"key":"SteroidPotion"},{"floor":46,"key":"CultistPotion"}],"is_trial":false,"path_per_floor":["M","?","T","M","M","R","?","E","T","M","R","M","E","?","R","B",null,"M","?","?","?","$","R","M","R","T","$","?","M","R","$","R","B",null,"M","M","M","?","?","R","M","R","T","R","T","M","?","$","R","B",null],"character_chosen":"IRONCLAD","items_purchased":["Matryoshka","Good Instincts","Anger+1","Flex","Cleave+1","DollysMirror","Enlightenment+1","Sword Boomerang+1"],"campfire_rested":4,"item_purchase_floors":[22,22,22,22,27,48,48,48],"current_hp_per_floor":[80,73,83,89,90,90,90,73,73,79,79,76,64,64,64,7,90,66,72,72,66,66,90,84,84,84,84,84,68,90,90,90,53,90,90,81,71,77,77,77,71,90,90,90,90,76,65,65,90,46],"gold":18,"neow_bonus":"THREE_ENEMY_KILL","is_daily":false,"chose_seed":false,"campfire_upgraded":7,"win_rate":0.0,"timestamp":1608289710,"path_taken":["M","?","?","?","M","R","?","E","T","M","R","M","E","?","R","BOSS","M","?","?","?","$","R","M","R","T","?","?","?","R","$","R","BOSS","M","?","M","?","?","R","?","R","T","R","?","M","?","$","R","BOSS"],"items_purchased_type":["Relic","Card","Card","Card","Card","Relic","Card","Card"],"build_version":"2020-12-13","purchased_purges":1,"victory":true,"max_hp_per_floor":[80,80,90,90,90,90,90,90,90,90,90,90,90,90,90,90,90,90,90,90,90,90,90,90,90,90,90,90,90,90,90,90,90,90,90,90,90,90,90,90,90,90,90,90,90,90,90,90,90,90],"card_choices":[{"not_picked":["Havoc","Clothesline"],"picked":"Carnage","floor":1},{"not_picked":["Havoc","Perfected Strike"],"picked":"Anger","floor":4},{"not_picked":["Havoc","Flex"],"picked":"Warcry","floor":5},{"not_picked":["Twin Strike","Clash"],"picked":"Bludgeon","floor":8},{"not_picked":["Rupture","Headbutt"],"picked":"Infernal Blade","floor":10},{"not_picked":["True Grit","Hemokinesis"],"picked":"Dual Wield","floor":12},{"not_picked":["Carnage+1","Clothesline+1"],"picked":"Clash+1","floor":13},{"not_picked":["Reaper+1","Bludgeon+1"],"picked":"Demon Form","floor":16},{"not_picked":["Disarm","Clothesline+1"],"picked":"Anger+1","floor":18},{"not_picked":["Pommel Strike+1","Rage"],"picked":"Clash+1","floor":19},{"not_picked":["Reckless Charge+1","Clothesline+1"],"picked":"Battle Trance","floor":23},{"not_picked":["Exhume","Disarm"],"picked":"Armaments+1","floor":24},{"not_picked":["Wild Strike+1","Inflame"],"picked":"Iron Wave+1","floor":29},{"not_picked":["Shrug It Off","Searing Blow+1"],"picked":"Body Slam+1","floor":30},{"not_picked":["Brutality","Corruption"],"picked":"Bludgeon+1","floor":33},{"not_picked":["Rupture","Power Through"],"picked":"Seeing Red+1","floor":35},{"not_picked":["Clothesline+1","Warcry"],"picked":"Thunderclap+1","floor":36},{"not_picked":["Dark Embrace","Perfected Strike+1"],"picked":"Heavy Blade+1","floor":37},{"not_picked":["Sword Boomerang+1","Pommel Strike+1"],"picked":"Anger+1","floor":38},{"not_picked":["Heavy Blade+1","Havoc+1"],"picked":"Infernal Blade+1","floor":41},{"not_picked":["Dark Embrace+1","Sword Boomerang+1"],"picked":"Armaments+1","floor":42},{"not_picked":["Reckless Charge+1","Bludgeon+1"],"picked":"Sword Boomerang+1","floor":46},{"not_picked":["Wild Strike+1","Warcry+1"],"picked":"Seeing Red+1","floor":49}],"player_experience":150122,"relics_obtained":[{"floor":3,"key":"Pear"},{"floor":8,"key":"Happy Flower"},{"floor":9,"key":"Bag of Marbles"},{"floor":13,"key":"Molten Egg 2"},{"floor":19,"key":"Red Mask"},{"floor":26,"key":"Shuriken"},{"floor":26,"key":"Letter Opener"},{"floor":38,"key":"WingedGreaves"},{"floor":43,"key":"Ancient Tea Set"},{"floor":43,"key":"Eternal Feather"},{"floor":45,"key":"Juzu Bracelet"}],"event_choices":[{"damage_healed":0,"gold_gain":0,"player_choice":"Success","damage_taken":7,"relics_obtained":["Potion Belt"],"max_hp_gain":0,"max_hp_loss":0,"event_name":"Scrap Ooze","floor":2,"gold_loss":0},{"damage_healed":0,"gold_gain":0,"player_choice":"Searched \u00272\u0027 times","damage_taken":0,"relics_obtained":["Dream Catcher"],"max_hp_gain":0,"max_hp_loss":0,"event_name":"Dead Adventurer","floor":7,"gold_loss":0},{"damage_healed":0,"gold_gain":66,"player_choice":"Gained Gold","damage_taken":0,"max_hp_gain":0,"max_hp_loss":0,"event_name":"Golden Wing","floor":14,"gold_loss":0},{"damage_healed":0,"gold_gain":0,"player_choice":"Fought Bandits","damage_taken":0,"max_hp_gain":0,"max_hp_loss":0,"event_name":"Masked Bandits","floor":19,"gold_loss":0},{"damage_healed":0,"gold_gain":0,"player_choice":"Read","damage_taken":0,"max_hp_gain":0,"max_hp_loss":0,"event_name":"The Library","floor":20,"gold_loss":0,"cards_obtained":["Rampage"]},{"damage_healed":0,"gold_gain":0,"player_choice":"Joined the Cult","damage_taken":6,"max_hp_gain":0,"max_hp_loss":0,"event_name":"Nest","floor":21,"gold_loss":0,"cards_obtained":["RitualDagger"]},{"damage_healed":0,"gold_gain":0,"player_choice":"Opened","damage_taken":0,"relics_obtained":["Meat on the Bone"],"max_hp_gain":0,"max_hp_loss":0,"event_name":"The Mausoleum","floor":28,"gold_loss":0,"cards_obtained":["Writhe"]},{"damage_healed":0,"gold_gain":0,"player_choice":"Fight","damage_taken":0,"max_hp_gain":0,"max_hp_loss":0,"event_name":"Mysterious Sphere","floor":38,"gold_loss":0},{"damage_healed":0,"gold_gain":0,"player_choice":"Gave Potion","damage_taken":0,"relics_obtained":["Toxic Egg 2"],"max_hp_gain":0,"max_hp_loss":0,"event_name":"WeMeetAgain","floor":39,"gold_loss":0},{"damage_healed":0,"gold_gain":0,"player_choice":"Embrace Madness","damage_taken":11,"max_hp_gain":0,"max_hp_loss":0,"event_name":"Winding Halls","floor":47,"gold_loss":0,"cards_obtained":["Madness","Madness"]}],"is_beta":false,"boss_relics":[{"not_picked":["Ectoplasm","Sozu"],"picked":"Pandora\u0027s Box"},{"not_picked":["Black Blood","Velvet Choker"],"picked":"Runic Pyramid"}],"items_purged_floors":[31],"is_endless":false,"potions_floor_spawned":[1,5,13,16,24,29,33,35,37,46],"ascension_level":0}}