{"host":"zuc5xqvlhed5q6ad","time":1608329183,"event":{"mods":["BaseMod","Block Reminder","Colored Powertips","Halation","Highlight Path","Mimic Mod","Minty Spire (QoL Compilation)","Permanent Neow","Practice Mode","Quick Restart","Spikes Relics","StSLib","UnlockEverythingMod"],"gold_per_floor":[112,123,140,19,38,38,52,52,83,109,125,145,145,145,145,243,243,254,273,273,18,38,38,38,50,50,60,76,76,87,87,87,185,185,204,216,216,234,284,284,317,317,317,317,317],"floor_reached":44,"playtime":4630,"items_purged":[],"score":494,"play_id":"284d9931-f9c9-45a3-9edd-dda0b51a09fa","local_time":"20201219010623","is_ascension_mode":false,"campfire_choices":[{"data":"Barricade","floor":6.0,"key":"SMITH"},{"data":"Anger","floor":8.0,"key":"SMITH"},{"floor":13.0,"key":"REST"},{"floor":15.0,"key":"REST"},{"floor":23.0,"key":"REST"},{"data":"Armaments","floor":29.0,"key":"SMITH"},{"floor":32.0,"key":"REST"},{"floor":42.0,"key":"REST"}],"circlet_count":0,"master_deck":["Strike_R+1","Strike_R+1","Strike_R+1","Strike_R+1","Defend_R+1","Defend_R+1","Defend_R+1","Defend_R+1","Bash","Barricade+1","Metallicize","Entrench","Flex","Flex","Anger+1","Flame Barrier","Entrench","Impervious","CurseOfTheBell","Perfected Strike","Armaments+1","Armaments","Battle Trance","Thunderclap+1","Second Wind+1","Anger","Metallicize+1","Intolerance"],"relics":["Burning Blood","Potion Belt","Incense Burner","halation:EternalFortune","Calling Bell","SpikesRelics:DaevaFist","Paper Frog","WizardHat","Letter Opener","RoseTintedShades","Cursed Key","Bird Faced Urn","CrustySpines","Question Card"],"acts_visited":["Exordium","TheCity","TheBeyond"],"potions_floor_usage":[44],"damage_taken":[{"damage":12.0,"enemies":"Cultist","floor":1.0,"turns":5.0},{"damage":13.0,"enemies":"Jaw Worm","floor":2.0,"turns":7.0},{"damage":6.0,"enemies":"Small Slimes","floor":3.0,"turns":7.0},{"damage":1.0,"enemies":"2 Fungi Beasts","floor":5.0,"turns":7.0},{"damage":8.0,"enemies":"Red Slaver","floor":7.0,"turns":8.0},{"damage":0.0,"enemies":"Exordium Wildlife","floor":9.0,"turns":10.0},{"damage":58.0,"enemies":"Gremlin Nob","floor":10.0,"turns":6.0},{"damage":18.0,"enemies":"Exordium Wildlife","floor":11.0,"turns":7.0},{"damage":4.0,"enemies":"2 Fungi Beasts","floor":12.0,"turns":5.0},{"damage":12.0,"enemies":"Slime Boss","floor":16.0,"turns":15.0},{"damage":29.0,"enemies":"2 Thieves","floor":18.0,"turns":5.0},{"damage":44.0,"enemies":"Chosen","floor":19.0,"turns":8.0},{"damage":20.0,"enemies":"Centurion and Healer","floor":22.0,"turns":11.0},{"damage":7.0,"enemies":"Snecko","floor":25.0,"turns":9.0},{"damage":9.0,"enemies":"Snake Plant","floor":27.0,"turns":7.0},{"damage":0.0,"enemies":"3 Cultists","floor":28.0,"turns":7.0},{"damage":10.0,"enemies":"Shelled Parasite and Fungi","floor":30.0,"turns":9.0},{"damage":0.0,"enemies":"Automaton","floor":33.0,"turns":14.0},{"damage":13.0,"enemies":"3 Shapes","floor":35.0,"turns":6.0},{"damage":31.0,"enemies":"3 Darklings","floor":36.0,"turns":7.0},{"damage":26.0,"enemies":"Sphere and 2 Shapes","floor":38.0,"turns":13.0},{"damage":0.0,"enemies":"Mind Bloom Boss Battle","floor":39.0,"turns":13.0},{"damage":19.0,"enemies":"Nemesis","floor":41.0,"turns":13.0},{"damage":56,"enemies":"Transient","floor":44,"turns":4}],"seed_played":"-4767474134556547349","potions_obtained":[{"floor":2.0,"key":"Swift Potion"},{"floor":5.0,"key":"Explosive Potion"},{"floor":7.0,"key":"Strength Potion"},{"floor":16.0,"key":"DuplicationPotion"},{"floor":19.0,"key":"Dexterity Potion"},{"floor":22.0,"key":"SkillPotion"},{"floor":25.0,"key":"Strength Potion"},{"floor":27.0,"key":"LiquidMemories"},{"floor":41.0,"key":"SteroidPotion"}],"is_trial":false,"path_per_floor":["M","M","M","$","M","R","M","R","MIM","E","M","M","R","?","R","B",null,"M","M","?","$","M","R","$","M","T","M","M","R","M","?","R","B",null,"M","M","?","M","?","?","E","R","T","M"],"character_chosen":"IRONCLAD","items_purchased":["Entrench","Flex","Letter Opener"],"campfire_rested":5,"item_purchase_floors":[4,4,21],"current_hp_per_floor":[74,67,67,67,72,72,70,70,76,24,12,14,38,41,65,59,83,60,22,22,22,8,32,32,31,31,28,34,34,30,30,54,60,83,76,51,51,31,37,37,28,52,52,0,0],"gold":317,"neow_bonus":"TRANSFORM_CARD","is_daily":false,"chose_seed":false,"campfire_upgraded":3,"win_rate":0.0,"timestamp":1608329183,"path_taken":["M","M","M","$","M","R","?","R","MIM","E","M","M","R","?","R","BOSS","M","M","?","$","M","R","$","M","T","M","M","R","M","?","R","BOSS","M","M","?","?","?","?","E","R","T","M"],"items_purchased_type":["Card","Card","Relic"],"build_version":"2020-12-13","purchased_purges":0,"victory":false,"max_hp_per_floor":[80,80,80,80,80,80,80,80,80,80,80,80,80,83,83,83,83,83,83,83,83,83,83,83,83,83,83,83,83,83,83,83,83,83,83,83,83,83,83,83,83,83,83,83,83],"card_choices":[{"not_picked":["Warcry","Twin Strike"],"picked":"Metallicize","floor":1.0},{"not_picked":["Hemokinesis","Dual Wield","Cleave"],"picked":"SKIP","floor":2.0},{"not_picked":["Searing Blow","Clothesline","Havoc"],"picked":"SKIP","floor":3.0},{"not_picked":["Searing Blow","Absolvement"],"picked":"Flex","floor":5.0},{"not_picked":["Clash","Sever Soul"],"picked":"Anger","floor":7.0},{"not_picked":["Sword Boomerang","Headbutt","Body Slam"],"picked":"SKIP","floor":10.0},{"not_picked":["Feed","Shrug It Off"],"picked":"Flame Barrier","floor":11.0},{"not_picked":["Havoc","Clothesline"],"picked":"Entrench","floor":12.0},{"not_picked":["Reaper","Feed"],"picked":"Impervious","floor":16.0},{"not_picked":["Seeing Red+1","Clash"],"picked":"Perfected Strike","floor":18.0},{"not_picked":["Inflame","Anger"],"picked":"Armaments","floor":19.0},{"not_picked":["Headbutt","Rupture"],"picked":"Armaments","floor":22.0},{"not_picked":["Pommel Strike+1","Sword Boomerang","Carnage"],"picked":"SKIP","floor":25.0},{"not_picked":["Pommel Strike+1","Hemokinesis"],"picked":"Battle Trance","floor":27.0},{"not_picked":["Whirlwind","Dual Wield","Fiend Fire"],"picked":"SKIP","floor":28.0},{"not_picked":["Clothesline+1","BarbarianYell+1"],"picked":"Thunderclap+1","floor":30.0},{"not_picked":["Iron Wave+1","Heavy Blade"],"picked":"Second Wind+1","floor":35.0},{"not_picked":["Iron Wave","Clothesline","Burning Pact"],"picked":"SKIP","floor":36.0},{"not_picked":["Reckless Charge+1","Offering"],"picked":"Anger","floor":38.0},{"not_picked":["Entrench","Wild Strike"],"picked":"Metallicize+1","floor":41.0}],"player_experience":119049,"relics_obtained":[{"floor":9.0,"key":"Potion Belt"},{"floor":10.0,"key":"Incense Burner"},{"floor":17.0,"key":"SpikesRelics:DaevaFist"},{"floor":17.0,"key":"Paper Frog"},{"floor":17.0,"key":"WizardHat"},{"floor":26.0,"key":"RoseTintedShades"},{"floor":39.0,"key":"Bird Faced Urn"},{"floor":41.0,"key":"CrustySpines"},{"floor":43.0,"key":"Question Card"}],"event_choices":[{"damage_healed":0.0,"max_hp_gain":0.0,"max_hp_loss":0.0,"gold_gain":0.0,"event_name":"Back to Basics","player_choice":"Simplicity","floor":20.0,"gold_loss":0.0,"damage_taken":0.0,"cards_upgraded":["Strike_R","Strike_R","Strike_R","Strike_R","Defend_R","Defend_R","Defend_R","Defend_R"]},{"damage_healed":0.0,"max_hp_gain":0.0,"max_hp_loss":0.0,"gold_gain":0.0,"event_name":"Beggar","player_choice":"Ignored","floor":31.0,"gold_loss":0.0,"damage_taken":0.0},{"damage_healed":0.0,"max_hp_gain":0.0,"max_hp_loss":0.0,"gold_gain":0.0,"event_name":"NoteForYourself","player_choice":"Ignored","floor":37.0,"gold_loss":0.0,"damage_taken":0.0},{"damage_healed":0.0,"max_hp_gain":0.0,"max_hp_loss":0.0,"gold_gain":0.0,"event_name":"MindBloom","player_choice":"Fight","floor":39.0,"gold_loss":0.0,"damage_taken":0.0},{"damage_healed":0.0,"max_hp_gain":0.0,"max_hp_loss":0.0,"gold_gain":0.0,"event_name":"Purifier","player_choice":"Ignored","floor":40.0,"gold_loss":0.0,"damage_taken":0.0}],"is_beta":false,"boss_relics":[{"not_picked":["halation:CatFaceCupcake","Coffee Dripper"],"picked":"Calling Bell"},{"not_picked":["Tiny House","Sandwich"],"picked":"Cursed Key"}],"items_purged_floors":[],"is_endless":false,"potions_floor_spawned":[2,5,7,16,19,22,25,27,41],"killed_by":"Transient","ascension_level":0}}