{"host":"ry4759h6xtufhiz6","time":1608267259,"event":{"mods":["BaseMod","Colored Powertips","DeckTracker","Minty Spire (QoL Compilation)","StSLib","SuperFastMode"],"gold_per_floor":[117,133,145,158,108,108,121,141,141,216,229,229,244,244,244,346,346,365,382,394,412,412,412,425,425,425,425,425,445,445,460,460,460,460],"floor_reached":33,"playtime":508,"items_purged":[],"score":245,"play_id":"2c5ceb2a-9638-4243-9706-f6ead92a45ff","local_time":"20201218135419","is_ascension_mode":false,"campfire_choices":[{"data":"Perfected Strike","floor":6,"key":"SMITH"},{"data":"Perfected Strike","floor":12,"key":"SMITH"},{"data":"Bash","floor":15,"key":"SMITH"},{"data":"Double Tap","floor":23,"key":"SMITH"},{"floor":25,"key":"REST"},{"data":"Pommel Strike","floor":27,"key":"SMITH"},{"data":"Shrug It Off","floor":30,"key":"SMITH"},{"floor":32,"key":"REST"}],"circlet_count":0,"master_deck":["Strike_R","Strike_R","Strike_R","Strike_R","Strike_R","Defend_R","Defend_R","Defend_R","Bash+1","Headbutt","Perfected Strike+1","Twin Strike","Twin Strike","Twin Strike","Perfected Strike+1","Double Tap+1","Pommel Strike+1","Wild Strike","Wild Strike+1","Shrug It Off+1","Shrug It Off"],"relics":["Burning Blood"],"acts_visited":["Exordium","TheCity"],"potions_floor_usage":[21,24,33,33],"damage_taken":[{"damage":1.0,"enemies":"Cultist","floor":1.0,"turns":3.0},{"damage":0.0,"enemies":"Small Slimes","floor":2.0,"turns":3.0},{"damage":0.0,"enemies":"2 Louse","floor":3.0,"turns":2.0},{"damage":13.0,"enemies":"2 Fungi Beasts","floor":4.0,"turns":3.0},{"damage":9,"enemies":"Blue Slaver","floor":7,"turns":3},{"damage":5,"enemies":"Looter","floor":8,"turns":3},{"damage":8,"enemies":"Red Slaver","floor":11,"turns":2},{"damage":9,"enemies":"2 Fungi Beasts","floor":13,"turns":2},{"damage":42,"enemies":"The Guardian","floor":16,"turns":7},{"damage":0,"enemies":"Spheric Guardian","floor":18,"turns":1},{"damage":17,"enemies":"Shell Parasite","floor":19,"turns":4},{"damage":18,"enemies":"Snecko","floor":20,"turns":4},{"damage":27,"enemies":"Shelled Parasite and Fungi","floor":21,"turns":5},{"damage":22,"enemies":"Cultist and Chosen","floor":24,"turns":6},{"damage":23,"enemies":"Chosen and Byrds","floor":29,"turns":4},{"damage":21,"enemies":"3 Cultists","floor":31,"turns":4},{"damage":57,"enemies":"Collector","floor":33,"turns":6}],"seed_played":"1178252359671960839","potions_obtained":[{"floor":3.0,"key":"Block Potion"},{"floor":4,"key":"ColorlessPotion"},{"floor":11,"key":"Block Potion"},{"floor":20,"key":"Fruit Juice"},{"floor":24,"key":"Strength Potion"}],"is_trial":false,"path_per_floor":["M","M","M","M","?","R","M","M","T","?","M","R","M","?","R","B",null,"M","M","M","M","?","R","M","R","T","R","?","M","R","M","R","B"],"character_chosen":"IRONCLAD","items_purchased":[],"campfire_rested":2,"item_purchase_floors":[],"current_hp_per_floor":[88,88,88,81,81,81,78,79,79,68,66,66,63,60,60,24,88,88,77,65,44,44,44,28,54,54,54,54,37,37,22,48,0,0],"gold":460,"neow_bonus":"TEN_PERCENT_HP_BONUS","is_daily":false,"chose_seed":false,"campfire_upgraded":6,"win_rate":0.0,"timestamp":1608267259,"path_taken":["M","M","M","?","?","R","M","M","T","?","M","R","M","?","R","BOSS","M","M","M","M","?","R","M","R","T","R","?","M","R","M","R","BOSS"],"items_purchased_type":[],"build_version":"2020-12-13","purchased_purges":0,"victory":false,"max_hp_per_floor":[88,88,88,88,88,88,88,88,88,88,88,88,88,88,88,88,88,88,88,88,88,88,88,88,88,88,88,88,88,88,88,88,93,93],"card_choices":[{"not_picked":["Seeing Red","Intimidate"],"picked":"Headbutt","floor":1.0},{"not_picked":["Wild Strike","Pommel Strike"],"picked":"Perfected Strike","floor":2.0},{"not_picked":["Pummel","Seeing Red","Warcry"],"picked":"SKIP","floor":3.0},{"not_picked":["Feel No Pain","Second Wind"],"picked":"Twin Strike","floor":4},{"not_picked":["Intimidate","Exhume"],"picked":"Twin Strike","floor":7},{"not_picked":["Shockwave","Heavy Blade"],"picked":"Twin Strike","floor":8},{"not_picked":["Shrug It Off","Body Slam"],"picked":"Perfected Strike","floor":11},{"not_picked":["Headbutt","Carnage","Feel No Pain"],"picked":"SKIP","floor":13},{"not_picked":["Reaper","Limit Break"],"picked":"Double Tap","floor":16},{"not_picked":["Thunderclap","Cleave","Bloodletting"],"picked":"SKIP","floor":18},{"not_picked":["Fire Breathing","Dual Wield","Sword Boomerang+1"],"picked":"SKIP","floor":19},{"not_picked":["Body Slam","Second Wind"],"picked":"Pommel Strike","floor":20},{"not_picked":["Hemokinesis","Flex+1"],"picked":"Wild Strike","floor":21},{"not_picked":["Clash","Flame Barrier"],"picked":"Wild Strike+1","floor":24},{"not_picked":["Havoc","Juggernaut"],"picked":"Shrug It Off","floor":29},{"not_picked":["Armaments","Anger","Havoc"],"picked":"SKIP","floor":31}],"player_experience":963056,"relics_obtained":[],"event_choices":[{"cards_removed":["Defend_R"],"damage_healed":0,"gold_gain":0,"player_choice":"Card Removal","damage_taken":0,"max_hp_gain":0,"max_hp_loss":0,"event_name":"The Cleric","floor":5,"gold_loss":50},{"damage_healed":0,"gold_gain":75,"player_choice":"Gather Gold","damage_taken":11,"max_hp_gain":0,"max_hp_loss":0,"event_name":"World of Goop","floor":10,"gold_loss":0},{"damage_healed":0,"gold_gain":0,"player_choice":"Fled","damage_taken":3,"max_hp_gain":0,"max_hp_loss":0,"event_name":"Scrap Ooze","floor":14,"gold_loss":0},{"damage_healed":0,"gold_gain":0,"player_choice":"Ignored","damage_taken":0,"max_hp_gain":0,"max_hp_loss":0,"event_name":"Cursed Tome","floor":22,"gold_loss":0},{"damage_healed":0,"gold_gain":0,"player_choice":"Read","damage_taken":0,"max_hp_gain":0,"max_hp_loss":0,"event_name":"The Library","floor":28,"gold_loss":0,"cards_obtained":["Shrug It Off"]}],"is_beta":false,"boss_relics":[{"not_picked":[]}],"items_purged_floors":[],"is_endless":false,"potions_floor_spawned":[3,4,11,18,20,24],"killed_by":"Collector","ascension_level":0}}