{"host":"nnevpry6tnmpwasb","time":1608333269,"event":{"mods":["2.2 Compatiblity","AchievementEnabler","BaseMod","Beaked The Cultist","Colored Map","Downfall","Hermit","Highlight Path","Infinite Spire","Koishi","Minty Spire (QoL Compilation)","StSLib","The Alterego","The Necromancer"],"gold_per_floor":[99,130,191,191,202,202,202,235,20,20,34,50,66,77,87,184,234,234,234,234,234,249,249,249,262,290,290,306,306,120,120,135,240,240,240,570,570,570,589,400,400,175,185,213,213,240,250,46,64,64,64,91,68,68,68],"floor_reached":56,"playtime":6413,"items_purged":["Guardian:Aged"],"score":1108,"play_id":"ca1bba38-c656-4ca7-b2ce-cd120519cb45","local_time":"20201218181429","is_ascension_mode":false,"campfire_choices":[{"data":"Guardian:CurlUp","floor":1.0,"key":"SMITH"},{"floor":6.0,"key":"DIG"},{"floor":10.0,"key":"REST"},{"floor":18.0,"key":"DIG"},{"data":"Guardian:CrystalBeam","floor":21.0,"key":"SMITH"},{"data":"Guardian:PrismaticBeam","floor":27.0,"key":"SMITH"},{"floor":35.0,"key":"DIG"},{"floor":42,"key":"DIG"},{"floor":54,"key":"REST"}],"circlet_count":0,"master_deck":["Guardian:Strike_Guardian+1","Guardian:Strike_Guardian","Guardian:Strike_Guardian","Guardian:Defend_Guardian","Guardian:Defend_Guardian","Guardian:Defend_Guardian","Guardian:Defend_Guardian","Guardian:CurlUp+1","Guardian:TwinSlam","Guardian:CrystalBeam+1","Guardian:VentSteam+1","Guardian:PrismaticBeam+1","Guardian:CrystalBeam+1","Guardian:ExploitGems","Guardian:RevengeProtocol","expansioncontent:QuickStudy+1","Madness+1","Guardian:Harden+1","Guardian:PiercingHide","Guardian:PrismaticBeam","Guardian:AncientConstruct","Guardian:WalkerClaw","Guardian:Gem_Blue","Guardian:PiercingHide","Guardian:Gem_Red","Guardian:Reroute","Guardian:ArmoredProtocol"],"relics":["Guardian:ModeShifter","downfall:HeartsMalice","Shovel","Bronze Scales","Dream Catcher","Matryoshka","Strawberry","Nunchaku","Tiny House","White Beast Statue","MutagenicStrength","Centennial Puzzle","Mercury Hourglass","Happy Flower","FossilizedHelix","SacredBark","War Paint","Old Coin","Guardian:StasisSlotReductionRelic","Guardian:StasisEgg","Membership Card","Vajra","Orichalcum","Oddly Smooth Stone","Eternal Feather","downfall:HeartBlessingRed","downfall:HeartBlessingGreen","downfall:HeartBlessingBlue","Bottled Lightning","Meat on the Bone","Whetstone","Gremlin Horn","Mummified Hand"],"acts_visited":["TheEnding"],"potions_floor_usage":[52,55,55,55],"damage_taken":[{"damage":0.0,"enemies":"Lagavulin","floor":2.0,"turns":1.0},{"damage":0.0,"enemies":"Lagavulin Event","floor":3.0,"turns":1.0},{"damage":4.0,"enemies":"Small Slimes","floor":5.0,"turns":3.0},{"damage":14.0,"enemies":"Gremlin Nob","floor":8.0,"turns":4.0},{"damage":0.0,"enemies":"downfall:FleeingMerchant","floor":9.0,"turns":4.0},{"damage":0.0,"enemies":"Jaw Worm","floor":11.0,"turns":3.0},{"damage":0.0,"enemies":"2 Louse","floor":12.0,"turns":2.0},{"damage":6.0,"enemies":"Large Slime","floor":13.0,"turns":6.0},{"damage":5.0,"enemies":"Red Slaver","floor":14.0,"turns":3.0},{"damage":4.0,"enemies":"2 Fungi Beasts","floor":15.0,"turns":3.0},{"damage":44.0,"enemies":"downfall:CharBossSilent","floor":16.0,"turns":9.0},{"damage":8.0,"enemies":"Shell Parasite","floor":22.0,"turns":3.0},{"damage":0.0,"enemies":"Spheric Guardian","floor":25.0,"turns":3.0},{"damage":14.0,"enemies":"Book of Stabbing","floor":26.0,"turns":3.0},{"damage":4.0,"enemies":"Shelled Parasite and Fungi","floor":28.0,"turns":4.0},{"damage":0.0,"enemies":"downfall:FleeingMerchant","floor":30.0,"turns":4.0},{"damage":3.0,"enemies":"Cultist and Chosen","floor":32.0,"turns":5.0},{"damage":21.0,"enemies":"downfall:CharBossIronclad","floor":33.0,"turns":6.0},{"damage":2.0,"enemies":"Nemesis","floor":36.0,"turns":3.0},{"damage":4,"enemies":"3 Shapes","floor":39,"turns":4},{"damage":4,"enemies":"downfall:FleeingMerchant","floor":40,"turns":4},{"damage":0,"enemies":"Orb Walker","floor":43,"turns":1},{"damage":9,"enemies":"Reptomancer","floor":44,"turns":5},{"damage":0,"enemies":"Maw","floor":47,"turns":5},{"damage":0,"enemies":"Sphere and 2 Shapes","floor":49,"turns":3},{"damage":0,"enemies":"downfall:CharBossDefect","floor":50,"turns":1},{"damage":96,"enemies":"downfall:CharBossMerchant","floor":52,"turns":9},{"damage":27,"enemies":"downfall:NeowBoss","floor":55,"turns":18}],"seed_played":"-4556677991990350304","potions_obtained":[{"floor":2.0,"key":"PowerPotion"},{"floor":5.0,"key":"PowerPotion"},{"floor":8.0,"key":"SpeedPotion"},{"floor":11.0,"key":"Weak Potion"},{"floor":14.0,"key":"DistilledChaos"},{"floor":17.0,"key":"Fire Potion"},{"floor":22.0,"key":"LiquidBronze"},{"floor":25.0,"key":"LiquidMemories"},{"floor":28.0,"key":"PowerPotion"},{"floor":32.0,"key":"SteroidPotion"},{"floor":33.0,"key":"Energy Potion"},{"floor":36.0,"key":"FearPotion"},{"floor":39,"key":"LiquidMemories"},{"floor":43,"key":"champ:CounterPotion"},{"floor":47,"key":"Dexterity Potion"},{"floor":52,"key":"hexamod:EctoCoolerPotion"}],"is_trial":false,"path_per_floor":["R","E","?","?","M","R","T","E","$","R","M","M","M","M","M","B",null,"R","?","?","R","M","?","T","M","E","R","M","?","$","?","M","B",null,"R","E","AVR","?","M","$","T","R","M","E","?","T","M","$","M","B",null,"E","$","R","B",null],"character_chosen":"GUARDIAN","items_purchased":["Guardian:CrystalBeam","Nunchaku","expansioncontent:QuickStudy","Membership Card","Guardian:PrismaticBeam","Guardian:Gem_Red","Guardian:Gem_Synthetic","Vajra","Orichalcum","Guardian:AncientConstruct","Guardian:Gem_Blue","Guardian:Gem_Fragmented","Gremlin Horn","Guardian:Reroute"],"campfire_rested":2,"item_purchase_floors":[9,9,30,40,40,40,40,40,40,40,48,48,48,53],"current_hp_per_floor":[80,80,80,80,76,76,76,69,69,87,87,87,81,76,72,28,92,92,92,92,92,84,84,84,84,70,70,66,66,66,92,89,68,92,92,90,90,90,86,82,82,102,102,93,93,93,93,93,93,93,102,18,18,63,75],"gold":68,"neow_bonus":"THREE_ENEMY_KILL","is_daily":false,"chose_seed":false,"campfire_upgraded":3,"win_rate":0.0,"timestamp":1608333269,"path_taken":["R","E","?","?","M","R","T","E","?","R","M","M","M","M","M","BOSS","R","?","?","R","M","?","T","M","E","R","?","?","$","?","M","BOSS","R","E","$","?","M","$","T","R","M","E","?","?","M","?","M","BOSS","E","$","R","BOSS"],"items_purchased_type":["Card","Relic","Card","Relic","Card","Card","Card","Relic","Relic","Card","Card","Card","Relic","Card"],"build_version":"2020-12-13","purchased_purges":1,"victory":true,"max_hp_per_floor":[80,80,80,80,80,80,80,87,87,87,87,87,87,87,87,87,92,92,92,92,92,92,92,92,92,92,92,92,92,92,92,92,92,92,92,92,92,92,92,92,92,102,102,102,102,102,102,102,102,102,102,102,102,102,102],"card_choices":[{"not_picked":["Guardian:Harden","Guardian:ShieldSpikes"],"picked":"Guardian:Gem_Crimson","floor":2.0},{"not_picked":["Guardian:Gem_Cyan","Guardian:PrimingBeam"],"picked":"Guardian:Gem_Purple","floor":3.0},{"not_picked":["Guardian:Reroute","Guardian:Recover"],"picked":"Guardian:Gem_Fragmented","floor":5.0},{"not_picked":["Guardian:TimeSifter","Guardian:Planning","Guardian:Recover"],"picked":"SKIP","floor":8.0},{"not_picked":["Guardian:Planning","Guardian:TemporalStrike"],"picked":"Guardian:Gem_Green","floor":10.0},{"not_picked":["Guardian:TimeCapacitor","Guardian:CrystalBeam"],"picked":"Guardian:Gem_Cyan","floor":11.0},{"not_picked":["Guardian:TimeCapacitor","Guardian:Gem_Green"],"picked":"Guardian:VentSteam","floor":12.0},{"not_picked":["Guardian:RevengeProtocol","Guardian:ShieldCharger"],"picked":"Guardian:PrismaticBeam","floor":13.0},{"not_picked":["Guardian:RollAttack","Guardian:Reroute"],"picked":"Guardian:CrystalBeam","floor":14.0},{"not_picked":["Guardian:ShieldCharger","Guardian:StasisStrike","Guardian:RollAttack"],"picked":"SKIP","floor":15.0},{"not_picked":["Guardian:SphericShield","Guardian:FastForward"],"picked":"Guardian:ExploitGems","floor":16.0},{"not_picked":["Guardian:Gem_White","Guardian:TemporalShield"],"picked":"Guardian:Gem_Fragmented","floor":17.0},{"not_picked":["Guardian:Repulse","Guardian:RollAttack+1"],"picked":"Guardian:Gem_White","floor":22.0},{"not_picked":["Guardian:PrismaticBeam","Guardian:Suspension"],"picked":"Guardian:Gem_Crimson","floor":25.0},{"not_picked":["Guardian:Repulse","Guardian:Recover+1"],"picked":"Guardian:RevengeProtocol","floor":26.0},{"not_picked":["Guardian:BronzeOrb","Guardian:TimeCapacitor","Guardian:ChargeCore"],"picked":"SKIP","floor":28.0},{"not_picked":["Guardian:Clone","Guardian:TemporalStrike","Guardian:Incinerate"],"picked":"SKIP","floor":32.0},{"not_picked":["Guardian:TimeSifter","Guardian:StasisStrike"],"picked":"Guardian:WeakpointTargeting","floor":33.0},{"not_picked":["Guardian:Recover","Guardian:ChargeCore+1"],"picked":"Guardian:Harden+1","floor":36.0},{"not_picked":["Guardian:VentSteam+1","Guardian:DonusPower"],"picked":"Guardian:PiercingHide","floor":39},{"not_picked":["Guardian:SphericShield","Guardian:TimeCapacitor"],"picked":"Guardian:Gem_Green","floor":40},{"not_picked":["Guardian:Recover+1","Guardian:Incinerate"],"picked":"Guardian:Gem_Purple","floor":43},{"not_picked":["Guardian:PolyBeam","Guardian:VentSteam"],"picked":"Guardian:Gem_Orange","floor":44},{"not_picked":["Guardian:PrimingBeam+1","Guardian:PrismaticBarrier"],"picked":"Guardian:WalkerClaw","floor":47},{"not_picked":["Guardian:RollAttack+1","Guardian:TemporalShield"],"picked":"Guardian:PiercingHide","floor":49},{"not_picked":["Guardian:Recover","Guardian:Reroute+1"],"picked":"Guardian:Gem_Red","floor":52},{"not_picked":["Guardian:TemporalShield","Guardian:VentSteam"],"picked":"Guardian:ArmoredProtocol","floor":54}],"player_experience":68569,"relics_obtained":[{"floor":2.0,"key":"Shovel"},{"floor":3.0,"key":"Bronze Scales"},{"floor":6.0,"key":"Dream Catcher"},{"floor":7.0,"key":"Matryoshka"},{"floor":8.0,"key":"Strawberry"},{"floor":18.0,"key":"White Beast Statue"},{"floor":24.0,"key":"Centennial Puzzle"},{"floor":24.0,"key":"Mercury Hourglass"},{"floor":26.0,"key":"Happy Flower"},{"floor":35.0,"key":"War Paint"},{"floor":36.0,"key":"Old Coin"},{"floor":41,"key":"Oddly Smooth Stone"},{"floor":41,"key":"Eternal Feather"},{"floor":42,"key":"Bottled Lightning"},{"floor":44,"key":"Meat on the Bone"},{"floor":46,"key":"Whetstone"},{"floor":52,"key":"Mummified Hand"}],"event_choices":[{"damage_healed":0.0,"max_hp_gain":0.0,"max_hp_loss":0.0,"gold_gain":0.0,"event_name":"Drug Dealer","player_choice":"Inject Mutagens","floor":20.0,"gold_loss":0.0,"damage_taken":0.0,"relics_obtained":["MutagenicStrength"]},{"damage_healed":30.0,"max_hp_gain":0.0,"max_hp_loss":0.0,"gold_gain":0.0,"event_name":"The Library","player_choice":"Heal","floor":31.0,"gold_loss":0.0,"damage_taken":0.0}],"is_beta":false,"boss_relics":[{"not_picked":["Sozu","Snecko Eye"],"picked":"Tiny House"},{"not_picked":["SlaversCollar","Philosopher\u0027s Stone"],"picked":"SacredBark"}],"items_purged_floors":[40],"is_endless":false,"potions_floor_spawned":[2,5,8,11,14,15,22,25,26,28,32,33,36,39,40,43,44,47,49,52],"ascension_level":0}}