{"host":"0cnf9zf1gia27zti","time":1608324090,"event":{"mods":["BaseMod","BetterRewards","Card Forge","Colored Map","Colored Powertips","Conspire","Downfall","Minty Spire (QoL Compilation)","Practice Mode","Quick Restart","Replay The Spire","Robot Space Explorer","Shade Mod","Spicy Shops","StSLib"],"gold_per_floor":[115,115,115,52,65,98,98,98,98,98,124,143,154,166,166,245,245,264,264,174,191,40,40,40],"floor_reached":23,"playtime":1256,"items_purged":[],"score":338,"play_id":"965b225f-24fd-4dc5-a552-7249f8d15a8b","local_time":"20201218204130","is_ascension_mode":true,"campfire_choices":[{"floor":7,"key":"REST"},{"floor":10,"key":"REST"}],"circlet_count":0,"master_deck":["AscendersBane","Strike_B","Strike_B","Strike_B+1","Defend_B","Defend_B","Defend_B","Defend_B","Zap","Dualcast","Mayhem","Loop+1","BasicCrystalCard","Ball Lightning","Ball Lightning","Time Bomb+1","Multi-Cast+1","Redo+1","White Noise+1","Electrodynamics+1","Panic Button+1","Loop+1","Thunder Strike"],"relics":["Cracked Core","Hammer of Thor","Seething Fire","Anvil of the Gods","Potion Belt","Mercury Hourglass","Solar Panel","Toxic Egg 2","Frozen Egg 2","Onion Ring"],"acts_visited":["Exordium","TheCity"],"potions_floor_usage":[11,16,16,16],"damage_taken":[{"damage":0,"enemies":"Small Slimes","floor":1,"turns":2},{"damage":0,"enemies":"2 Louse","floor":5,"turns":2},{"damage":35,"enemies":"3 Sentries","floor":6,"turns":5},{"damage":10,"enemies":"Gremlin Nob","floor":11,"turns":3},{"damage":7,"enemies":"Jaw Worm","floor":12,"turns":2},{"damage":3,"enemies":"Blue Slaver","floor":13,"turns":2},{"damage":10,"enemies":"3 Louse","floor":14,"turns":2},{"damage":28,"enemies":"Fading Forest","floor":16,"turns":11},{"damage":39,"enemies":"Shell Parasite","floor":18,"turns":4},{"damage":8,"enemies":"3 Byrds","floor":21,"turns":3},{"damage":13,"enemies":"Slavers","floor":23,"turns":1}],"seed_played":"-4382353866812521954","potions_obtained":[{"floor":6,"key":"Languid Potion"},{"floor":12,"key":"Dexterity Potion"},{"floor":14,"key":"Elixir"},{"floor":15,"key":"Weak Potion"},{"floor":15,"key":"FocusPotion"}],"is_trial":false,"path_per_floor":["M","?","?","$","M","E","R","$","T","R","E","M","M","M","R_BF","B",null,"M","?","?","M","$","E"],"character_chosen":"DEFECT","items_purchased":["Mayhem","Potion Belt","Mercury Hourglass","Loop+1","Solar Panel","Ball Lightning","Thunder Strike"],"campfire_rested":2,"item_purchase_floors":[0,0,0,0,0,4,22],"current_hp_per_floor":[34,34,34,34,38,7,28,28,28,49,43,40,41,35,35,27,60,25,12,12,4,4,0,0],"gold":40,"neow_bonus":"","is_daily":false,"chose_seed":false,"campfire_upgraded":0,"win_rate":0.0,"timestamp":1608324090,"path_taken":["M","?","?","$","M","E","R","$","T","R","E","M","M","?","R_BF","BOSS","M","?","?","?","?","E"],"items_purchased_type":["Card","Relic","Relic","Card","Relic","Card","Card"],"build_version":"2020-12-13","purchased_purges":0,"victory":false,"max_hp_per_floor":[71,71,71,71,71,71,71,71,71,71,71,71,71,71,71,71,71,71,76,76,76,76,76,76],"card_choices":[{"not_picked":["FTL","Go for the Eyes"],"picked":"BasicCrystalCard","floor":1},{"not_picked":["Stack","Panic Button"],"picked":"Ball Lightning","floor":5},{"not_picked":["Reprogram+1","BasicCrystalCard+1"],"picked":"Time Bomb+1","floor":6},{"not_picked":["BasicCrystalCard+1","Sweeping Beam"],"picked":"Multi-Cast+1","floor":11},{"not_picked":["Turbo+1","Beam Cell"],"picked":"Redo+1","floor":12},{"not_picked":["Gash","Steam+1","Compile Driver"],"picked":"SKIP","floor":13},{"not_picked":["Steam Power+1","Turbo+1"],"picked":"White Noise+1","floor":14},{"not_picked":["Machine Learning+1","Echo Form+1"],"picked":"Electrodynamics+1","floor":16},{"not_picked":["Leap+1","Barrage"],"picked":"Panic Button+1","floor":18},{"not_picked":["Coolheaded+1","Scrape+1"],"picked":"Loop+1","floor":21}],"player_experience":2139685,"relics_obtained":[{"floor":6,"key":"Toxic Egg 2"},{"floor":9,"key":"Frozen Egg 2"},{"floor":11,"key":"Onion Ring"}],"event_choices":[{"damage_healed":0,"gold_gain":0,"player_choice":"Disagree","damage_taken":0,"max_hp_gain":0,"max_hp_loss":0,"event_name":"conspire:LoneGhost","floor":2,"gold_loss":0},{"damage_healed":0,"gold_gain":0,"player_choice":"Leave","damage_taken":0,"max_hp_gain":0,"max_hp_loss":0,"event_name":"conspire:Investor","floor":3,"gold_loss":0},{"damage_healed":0,"gold_gain":0,"player_choice":"Shed Blood","damage_taken":18,"max_hp_gain":5,"max_hp_loss":0,"event_name":"Forgotten Altar","floor":19,"gold_loss":0},{"cards_removed":["Strike_B"],"damage_healed":0,"gold_gain":0,"player_choice":"Upgrade and Remove","damage_taken":0,"max_hp_gain":0,"max_hp_loss":0,"event_name":"Designer","floor":20,"gold_loss":90,"cards_upgraded":["Strike_B"]}],"is_beta":false,"boss_relics":[{"not_picked":["Replay:Drink Me","conspire:RoyalGoblet","Replay:Bronze Core"]}],"items_purged_floors":[],"is_endless":false,"potions_floor_spawned":[6,12,14],"killed_by":"Slavers","ascension_level":14}}