{"host":"4a6fro0of1ie0h2w","time":1608301478,"event":{"mods":["Aspiration","BaseMod","CCEM","Colored Map","Conspire","Downfall","GifTheSpireLib","Halation","Highlight Path","Hubris","Infinite Spire","Marisa????????","Minty Spire (QoL Compilation)","Permanent Neow","Replay The Spire","StSLib","Stuff the Spire","The Servant 0.9.4"],"gold_per_floor":[184,198,198,227,247,263,290,325,337,337,337],"floor_reached":10,"playtime":546,"items_purged":[],"score":82,"play_id":"d198e390-6033-4700-828c-64a836c4c89f","local_time":"20201218162438","is_ascension_mode":true,"campfire_choices":[],"circlet_count":0,"master_deck":["champ:Strike","champ:Strike","champ:Strike","champ:Strike","champ:Defend","champ:Defend","champ:Defend","champ:Defend","champ:Execute","champ:Taunt","champ:BladeFlurry","champ:PerfectedStrike","champ:Aggression","champ:SwordSigil","champ:FocusedGladiator"],"relics":["StuffTheSpire:OccultApparatus","halation:LettersToHer","Juzu Bracelet"],"acts_visited":["Exordium"],"potions_floor_usage":[10,10],"damage_taken":[{"damage":25,"enemies":"Jaw Worm","floor":2,"turns":6},{"damage":44,"enemies":"Gremlin Nob","floor":4,"turns":5},{"damage":0,"enemies":"2 Louse","floor":5,"turns":2},{"damage":5,"enemies":"Small Slimes","floor":6,"turns":3},{"damage":21,"enemies":"3 Sentries","floor":8,"turns":5},{"damage":14,"enemies":"Red Slaver","floor":9,"turns":2},{"damage":23,"enemies":"Lagavulin","floor":10,"turns":3}],"seed_played":"-4144105839076762339","potions_obtained":[{"floor":4,"key":"FearPotion"},{"floor":5,"key":"champ:OpenerPotion"},{"floor":8,"key":"Languid Potion"}],"is_trial":false,"path_per_floor":["R_BF","M","?","E","M","M","T","E","M","E"],"character_chosen":"THE_CHAMP","items_purchased":[],"campfire_rested":0,"item_purchase_floors":[],"current_hp_per_floor":[90,78,78,44,44,44,44,28,18,0,0],"gold":337,"neow_bonus":"THREE_CARDS","is_daily":false,"chose_seed":false,"campfire_upgraded":0,"win_rate":0.0,"timestamp":1608301478,"path_taken":["R_BF","M","?","E","M","M","T","E","M","E"],"items_purchased_type":[],"build_version":"2020-12-13","purchased_purges":0,"victory":false,"max_hp_per_floor":[90,90,90,90,90,90,90,90,90,90,90],"card_choices":[{"not_picked":["champ:EnGarde","champ:SkillfulDodge"],"picked":"champ:BladeFlurry","floor":0},{"not_picked":["champ:FocusedBerserking","champ:RageSigil"],"picked":"champ:PerfectedStrike","floor":2},{"not_picked":["champ:EndlessRage","champ:Encircle"],"picked":"champ:Aggression","floor":4},{"not_picked":["champ:EndlessRage","champ:BerserkersShout"],"picked":"champ:SwordSigil","floor":5},{"not_picked":["champ:SkillfulDodge","champ:RageSigil","champ:GladiatorsShout"],"picked":"SKIP","floor":6},{"not_picked":["champ:PerfectedStrike","champ:BringItOn","champ:TornadoPunch"],"picked":"SKIP","floor":8},{"not_picked":["champ:ShieldSlam","champ:SwordSigil"],"picked":"champ:FocusedGladiator","floor":9}],"player_experience":195483,"relics_obtained":[{"floor":4,"key":"halation:LettersToHer"},{"floor":7,"key":"halation:LettersToHer"},{"floor":8,"key":"Juzu Bracelet"}],"event_choices":[],"is_beta":false,"boss_relics":[],"items_purged_floors":[],"is_endless":false,"potions_floor_spawned":[4,5,8],"killed_by":"Lagavulin","ascension_level":1}}