{"host":"1tl36azeqm6yhdgj","time":1608290976,"event":{"mods":["AchievementEnabler","BaseMod","Minty Spire (QoL Compilation)","StSLib","The IronCluck","everything is the same but u backflip on backflip"],"gold_per_floor":[118,132,29,49,60,86,86,86,111,22,22,40,55,75,75,150,150,160,160,8,8,20,45,45,45,45,57,82,96,107,124,124,124,124],"floor_reached":33,"playtime":1144,"items_purged":[],"score":480,"play_id":"26415825-fa55-4067-bd4d-80029293e8a1","local_time":"20201218062936","is_ascension_mode":true,"campfire_choices":[{"data":"Thunderclap","floor":7.0,"key":"SMITH"},{"floor":11.0,"key":"REST"},{"data":"Discovery","floor":15.0,"key":"SMITH"},{"data":"Corruption","floor":24.0,"key":"SMITH"},{"floor":32.0,"key":"REST"}],"circlet_count":0,"master_deck":["AscendersBane","Strike_R+1","Strike_R","Strike_R","Strike_R","Strike_R","Defend_R","Defend_R","Defend_R","Defend_R","Bash+1","Dark Embrace","Warcry","Thunderclap+1","Carnage","Flex","Offering","Pommel Strike","Discovery+1","Burning Pact","Dropkick","Corruption+1","Seeing Red","Feel No Pain","Body Slam+1","Clash","Uppercut"],"relics":["Burning Blood","NeowsBlessing","Potion Belt","Boot","SacredBark","MutagenicStrength","Lee\u0027s Waffle","Bronze Scales","TungstenRod","Thread and Needle","Ancient Tea Set"],"acts_visited":["Exordium","TheCity"],"potions_floor_usage":[],"damage_taken":[{"damage":0.0,"enemies":"2 Louse","floor":1.0,"turns":1.0},{"damage":0.0,"enemies":"Small Slimes","floor":2.0,"turns":2.0},{"damage":0.0,"enemies":"Jaw Worm","floor":4.0,"turns":1.0},{"damage":8.0,"enemies":"Gremlin Gang","floor":5.0,"turns":5.0},{"damage":44.0,"enemies":"Gremlin Nob","floor":6.0,"turns":5.0},{"damage":0.0,"enemies":"Large Slime","floor":12.0,"turns":4.0},{"damage":11.0,"enemies":"Looter","floor":13.0,"turns":2.0},{"damage":6.0,"enemies":"Exordium Wildlife","floor":14.0,"turns":2.0},{"damage":11.0,"enemies":"Slime Boss","floor":16.0,"turns":8.0},{"damage":19.0,"enemies":"2 Thieves","floor":18.0,"turns":4.0},{"damage":19.0,"enemies":"Chosen","floor":22.0,"turns":4.0},{"damage":8.0,"enemies":"Gremlin Leader","floor":23.0,"turns":3.0},{"damage":14.0,"enemies":"Shelled Parasite and Fungi","floor":27.0,"turns":5.0},{"damage":23.0,"enemies":"Book of Stabbing","floor":28.0,"turns":4.0},{"damage":18.0,"enemies":"Snake Plant","floor":29.0,"turns":4.0},{"damage":15.0,"enemies":"Cultist and Chosen","floor":30.0,"turns":4.0},{"damage":0.0,"enemies":"Centurion and Healer","floor":31.0,"turns":6.0},{"damage":59,"enemies":"Champ","floor":33,"turns":6}],"seed_played":"-6525955417402171454","potions_obtained":[{"floor":4.0,"key":"GamblersBrew"},{"floor":12.0,"key":"LiquidMemories"},{"floor":13.0,"key":"SkillPotion"},{"floor":18.0,"key":"DistilledChaos"},{"floor":23.0,"key":"PowerPotion"},{"floor":28.0,"key":"EssenceOfSteel"}],"is_trial":false,"path_per_floor":["M","M","$","M","M","E","R","?","T","$","R","M","M","M","R","B",null,"M","?","$","?","M","E","R","?","T","M","E","M","M","M","R","B"],"character_chosen":"IRONCLAD","items_purchased":["Thunderclap","Carnage","Discovery","Lee\u0027s Waffle"],"campfire_rested":2,"item_purchase_floors":[3,3,10,20],"current_hp_per_floor":[78,80,80,80,78,40,40,24,24,24,48,54,49,49,49,44,71,58,58,87,87,74,72,72,72,72,64,47,35,26,32,58,0,0],"gold":124,"neow_bonus":"THREE_ENEMY_KILL","is_daily":false,"chose_seed":false,"campfire_upgraded":3,"win_rate":0.0,"timestamp":1608290976,"path_taken":["M","M","$","M","M","E","R","?","T","$","R","M","M","M","R","BOSS","M","?","$","?","M","E","R","?","T","?","E","M","?","M","R","BOSS"],"items_purchased_type":["Card","Card","Card","Relic"],"build_version":"2020-12-13","purchased_purges":0,"victory":false,"max_hp_per_floor":[80,80,80,80,80,80,80,80,80,80,80,80,80,80,80,80,80,80,80,87,87,87,87,87,87,87,87,87,87,87,87,87,87,87],"card_choices":[{"not_picked":["Headbutt","Wild Strike"],"picked":"Dark Embrace","floor":1.0},{"not_picked":["Sword Boomerang","Dual Wield"],"picked":"Warcry","floor":2.0},{"not_picked":["Clothesline","Body Slam"],"picked":"Flex","floor":4.0},{"not_picked":["Wild Strike","Warcry"],"picked":"Offering","floor":5.0},{"not_picked":["True Grit","Heavy Blade"],"picked":"Pommel Strike","floor":6.0},{"not_picked":["Anger","True Grit"],"picked":"Burning Pact","floor":12.0},{"not_picked":["Havoc","Clothesline","Perfected Strike"],"picked":"SKIP","floor":13.0},{"not_picked":["Warcry","Body Slam"],"picked":"Dropkick","floor":14.0},{"not_picked":["Berserk","Exhume"],"picked":"Corruption","floor":16.0},{"not_picked":["Reckless Charge","Body Slam"],"picked":"Seeing Red","floor":18.0},{"not_picked":["Thunderclap","True Grit","Hemokinesis+1"],"picked":"SKIP","floor":22.0},{"not_picked":["Havoc","Perfected Strike"],"picked":"Feel No Pain","floor":23.0},{"not_picked":["Thunderclap","Sword Boomerang"],"picked":"Body Slam+1","floor":27.0},{"not_picked":["Wild Strike","Searing Blow+1","Flex"],"picked":"SKIP","floor":28.0},{"not_picked":["Thunderclap","Sword Boomerang"],"picked":"Clash","floor":29.0},{"not_picked":["Heavy Blade","Body Slam"],"picked":"Uppercut","floor":30.0},{"not_picked":["Havoc","Uppercut","Searing Blow+1"],"picked":"SKIP","floor":31.0}],"player_experience":1955846,"relics_obtained":[{"floor":6.0,"key":"Potion Belt"},{"floor":9.0,"key":"Boot"},{"floor":23.0,"key":"TungstenRod"},{"floor":26.0,"key":"Thread and Needle"},{"floor":28.0,"key":"Ancient Tea Set"}],"event_choices":[{"damage_healed":0.0,"max_hp_gain":0.0,"max_hp_loss":0.0,"gold_gain":0.0,"event_name":"Shining Light","player_choice":"Entered Light","floor":8.0,"gold_loss":0.0,"damage_taken":16.0,"cards_upgraded":["Bash","Strike_R"]},{"damage_healed":0.0,"max_hp_gain":0.0,"max_hp_loss":0.0,"gold_gain":0.0,"event_name":"Drug Dealer","player_choice":"Inject Mutagens","floor":19.0,"gold_loss":0.0,"damage_taken":0.0,"relics_obtained":["MutagenicStrength"]},{"damage_healed":0.0,"max_hp_gain":0.0,"max_hp_loss":0.0,"gold_gain":0.0,"event_name":"Addict","player_choice":"Stole Relic","floor":21.0,"gold_loss":0.0,"damage_taken":0.0,"relics_obtained":["Bronze Scales"],"cards_obtained":["Shame"]},{"cards_removed":["Shame"],"damage_healed":0.0,"max_hp_gain":0.0,"max_hp_loss":0.0,"gold_gain":0.0,"event_name":"Back to Basics","player_choice":"Elegance","floor":25.0,"gold_loss":0.0,"damage_taken":0.0}],"is_beta":false,"boss_relics":[{"not_picked":["Runic Dome","Astrolabe"],"picked":"SacredBark"}],"items_purged_floors":[],"is_endless":false,"potions_floor_spawned":[4,12,13,18,23,28],"killed_by":"Champ","ascension_level":13}}