{"host":"i1h39d0gfh5c6uxl","time":1608311172,"event":{"mods":["AchievementEnabler","BaseMod","Colored Map","Colored Powertips","Highlight Path","Minty Spire (QoL Compilation)"],"gold_per_floor":[113,10,10,10,10,40,40,54,77,90,40,40,68,68,68,68,68],"floor_reached":16,"playtime":783,"items_purged":["Shame"],"score":212,"play_id":"9fc01f20-7677-4b15-af84-22a72654a217","local_time":"20201219010612","is_ascension_mode":true,"campfire_choices":[{"floor":7,"key":"REST"},{"data":"Reaper","floor":12,"key":"SMITH"},{"data":"Battle Trance","floor":15,"key":"SMITH"}],"circlet_count":0,"master_deck":["AscendersBane","Strike_R","Strike_R","Strike_R","Strike_R","Strike_R","Defend_R","Defend_R","Defend_R","Defend_R","Bash+1","Reaper+1","Shrug It Off","Clothesline+1","Iron Wave","Battle Trance+1","Headbutt","Shrug It Off"],"relics":["Burning Blood","Letter Opener","MealTicket","Akabeko"],"acts_visited":["Exordium"],"potions_floor_usage":[13],"damage_taken":[{"damage":8,"enemies":"2 Louse","floor":1,"turns":4},{"damage":40,"enemies":"Gremlin Nob","floor":6,"turns":5},{"damage":17,"enemies":"Cultist","floor":8,"turns":4},{"damage":4,"enemies":"Small Slimes","floor":10,"turns":4},{"damage":33,"enemies":"3 Sentries","floor":13,"turns":8},{"damage":59,"enemies":"Slime Boss","floor":16,"turns":6}],"seed_played":"6829044349023465782","potions_obtained":[{"floor":6,"key":"Explosive Potion"}],"is_trial":false,"path_per_floor":["M","$","?","$","?","E","R","M","T","M","$","R","E","?","R","B"],"character_chosen":"IRONCLAD","items_purchased":["Clothesline","Shrug It Off"],"campfire_rested":1,"item_purchase_floors":[2,11],"current_hp_per_floor":[69,69,69,69,69,35,57,50,50,52,67,67,50,50,50,0,0],"gold":68,"neow_bonus":"THREE_RARE_CARDS","is_daily":false,"chose_seed":false,"campfire_upgraded":2,"win_rate":0.0,"timestamp":1608311172,"path_taken":["M","$","?","?","?","E","R","M","T","M","$","R","E","?","R","BOSS"],"items_purchased_type":["Card","Card"],"build_version":"2020-12-13","purchased_purges":1,"victory":false,"max_hp_per_floor":[75,75,75,75,75,75,75,75,75,75,75,75,75,75,75,75,75],"card_choices":[{"not_picked":["Berserk","Bludgeon"],"picked":"Reaper","floor":0},{"not_picked":["Warcry","Heavy Blade"],"picked":"Shrug It Off","floor":1},{"not_picked":["Ghostly Armor","Wild Strike"],"picked":"Iron Wave","floor":6},{"not_picked":["Warcry","Sever Soul"],"picked":"Battle Trance","floor":8},{"not_picked":["Dark Embrace","Clothesline"],"picked":"Headbutt","floor":10},{"not_picked":["Hemokinesis","Wild Strike","Clash"],"picked":"SKIP","floor":13}],"player_experience":1280419,"relics_obtained":[{"floor":6,"key":"Letter Opener"},{"floor":9,"key":"MealTicket"},{"floor":13,"key":"Akabeko"}],"event_choices":[{"damage_healed":0,"gold_gain":0,"player_choice":"Upgraded","damage_taken":0,"max_hp_gain":0,"max_hp_loss":0,"event_name":"Upgrade Shrine","floor":3,"gold_loss":0,"cards_upgraded":["Clothesline"]},{"damage_healed":0,"gold_gain":0,"player_choice":"Grow","damage_taken":0,"max_hp_gain":0,"max_hp_loss":0,"event_name":"Living Wall","floor":5,"gold_loss":0,"cards_upgraded":["Bash"]},{"damage_healed":0,"gold_gain":0,"player_choice":"Ignored","damage_taken":0,"max_hp_gain":0,"max_hp_loss":0,"event_name":"Shining Light","floor":14,"gold_loss":0}],"is_beta":false,"boss_relics":[],"items_purged_floors":[2],"is_endless":false,"potions_floor_spawned":[6],"killed_by":"Slime Boss","ascension_level":20}}