{"host":"5bdt6s51dmpd4l3v","time":1608286666,"event":{"mods":["AchievementEnabler","BaseMod","Colored Map","Colored Powertips","Highlight Path","Minty Spire (QoL Compilation)","Rare Cards Sparkle","StSLib"],"gold_per_floor":[119,139,139,153,49,49,81,81,81,81,114,12,26,45,45,149,149,168,185,185,195,195,195],"floor_reached":22,"playtime":610,"items_purged":[],"score":304,"play_id":"066c9992-8678-405c-8c41-fd093a2cd93b","local_time":"20201218181746","is_ascension_mode":true,"campfire_choices":[{"data":"Armaments","floor":6,"key":"SMITH"},{"data":"Shockwave","floor":8,"key":"SMITH"},{"data":"Whirlwind","floor":10,"key":"SMITH"},{"floor":15,"key":"REST"}],"circlet_count":0,"master_deck":["AscendersBane","Strike_R+1","Strike_R+1","Strike_R+1","Strike_R+1","Strike_R+1","Defend_R+1","Defend_R+1","Defend_R+1","Defend_R+1","Bash+1","Armaments+1","Twin Strike","Cleave","Shockwave+1","Whirlwind+1","Feed","Sword Boomerang","Headbutt","Reaper","Rage+1","Thunderclap+1"],"relics":["Burning Blood","Bag of Marbles","Bottled Lightning","Matryoshka","Nunchaku","Sozu"],"acts_visited":["Exordium","TheCity"],"potions_floor_usage":[7,14,18],"damage_taken":[{"damage":6,"enemies":"Cultist","floor":1,"turns":3},{"damage":8,"enemies":"Jaw Worm","floor":2,"turns":4},{"damage":0,"enemies":"Small Slimes","floor":4,"turns":3},{"damage":26,"enemies":"Gremlin Nob","floor":7,"turns":5},{"damage":26,"enemies":"3 Sentries","floor":11,"turns":5},{"damage":12,"enemies":"Gremlin Gang","floor":13,"turns":2},{"damage":6,"enemies":"Looter","floor":14,"turns":2},{"damage":49,"enemies":"Slime Boss","floor":16,"turns":9},{"damage":30,"enemies":"Spheric Guardian","floor":18,"turns":4},{"damage":28,"enemies":"2 Thieves","floor":19,"turns":3},{"damage":24,"enemies":"Snake Plant","floor":21,"turns":2},{"damage":18,"enemies":"3 Cultists","floor":22,"turns":2}],"seed_played":"2353563911363430400","potions_obtained":[{"floor":1,"key":"SpeedPotion"},{"floor":16,"key":"LiquidBronze"}],"is_trial":false,"path_per_floor":["M","M","T","M","$","R","E","R","T","R","E","$","M","M","R","B",null,"M","M","?","M","M"],"character_chosen":"IRONCLAD","items_purchased":["Shockwave","Whirlwind","Sword Boomerang","Block Potion"],"campfire_rested":1,"item_purchase_floors":[5,5,12,12],"current_hp_per_floor":[72,70,70,76,76,76,56,56,56,56,36,36,30,30,54,15,67,43,35,35,17,0,0],"gold":195,"neow_bonus":"UPGRADE_CARD","is_daily":false,"chose_seed":false,"campfire_upgraded":3,"win_rate":0.0,"timestamp":1608286666,"path_taken":["M","M","?","?","?","R","E","R","T","R","E","$","M","M","R","BOSS","M","M","?","M","M"],"items_purchased_type":["Card","Card","Card","Potion"],"build_version":"2020-12-13","purchased_purges":0,"victory":false,"max_hp_per_floor":[80,80,80,80,80,80,80,80,80,80,80,80,80,80,80,84,84,84,84,84,84,84,84],"card_choices":[{"not_picked":["Fire Breathing","Bloodletting"],"picked":"Armaments","floor":1},{"not_picked":["Sword Boomerang","Cleave"],"picked":"Twin Strike","floor":2},{"not_picked":["Exhume","Anger"],"picked":"Cleave","floor":4},{"not_picked":["Entrench","Armaments","Shrug It Off"],"picked":"SKIP","floor":7},{"not_picked":["Anger","Heavy Blade"],"picked":"Feed","floor":11},{"not_picked":["Bloodletting","Hemokinesis"],"picked":"Headbutt","floor":13},{"not_picked":["Pommel Strike","Sword Boomerang","Warcry"],"picked":"SKIP","floor":14},{"not_picked":["Bludgeon","Juggernaut"],"picked":"Reaper","floor":16},{"not_picked":["Feel No Pain","Blood for Blood","Fire Breathing"],"picked":"SKIP","floor":18},{"not_picked":["Clothesline","Havoc"],"picked":"Rage+1","floor":19},{"not_picked":["Intimidate","Wild Strike"],"picked":"Thunderclap+1","floor":21}],"player_experience":132405,"relics_obtained":[{"floor":3,"key":"Bag of Marbles"},{"floor":7,"key":"Bottled Lightning"},{"floor":9,"key":"Matryoshka"},{"floor":11,"key":"Nunchaku"}],"event_choices":[{"damage_healed":0,"gold_gain":0,"player_choice":"Simplicity","damage_taken":0,"max_hp_gain":0,"max_hp_loss":0,"event_name":"Back to Basics","floor":20,"gold_loss":0,"cards_upgraded":["Strike_R","Strike_R","Strike_R","Strike_R","Strike_R","Defend_R","Defend_R","Defend_R","Defend_R"]}],"is_beta":false,"boss_relics":[{"not_picked":["Cursed Key","Calling Bell"],"picked":"Sozu"}],"items_purged_floors":[],"is_endless":false,"potions_floor_spawned":[1,16,18],"killed_by":"3 Cultists","ascension_level":11}}