{"host":"ssjvbhg3zmmiqqou","time":1608258612,"event":{"mods":["2.2 Compatiblity","AchievementEnabler","Act Like it!","Alarm Clock","BaseMod","Better Match","Better Note","Better Sensory Stone","Better Skull","Better Synergies","BetterRewards","Block Reminder","BshForSts","Colored Map","Colored Powertips","Communication Mod","Current Relic Mod","DeckTracker","GifTheSpireLib","Highlight Path","HololiveMod","Minty Spire (QoL Compilation)","Permanent Neow","Practice Mode","Quick Restart","RNG Fix","Random Character Button","Rare Cards Sparkle","Relic Sorter","Relic Stats","StSLib","Synergy Search","UnlockEverythingMod","slay the spire mod where everything is the same but ironclad has a cowboy hat","yUi"],"gold_per_floor":[66,43,43,43,17,51,63,75,110,138,194,221,233,266,278,290,302,327,419,454,479,507,519,549,561,573,97,97,97,97,97,97,220,220,241,256,256,294,23,23,38,57,57,0,0,0],"floor_reached":45,"playtime":2290,"items_purged":[],"score":601,"play_id":"06f996c6-624c-4e12-9412-8007dd405db1","local_time":"20201217203012","is_ascension_mode":false,"campfire_choices":[{"floor":7,"key":"REST"},{"floor":13,"key":"REST"},{"floor":15,"key":"REST"},{"floor":23,"key":"REST"},{"data":"Hololive_CallShiroganeNoel","floor":25,"key":"SMITH"},{"data":"Hololive_DiamondStrike","floor":32,"key":"SMITH"},{"floor":40,"key":"REST"}],"circlet_count":0,"master_deck":["Hololive_Strike","Hololive_Strike","Hololive_Defend+1","Hololive_Defend+1","Hololive_Yoholoon","Hololive_CallYogiri","Hololive_CallRoboco","Hololive_CallMurasakiShion","Hololive_CallShiroganeNoel+1","Hololive_CallShiranuiFlare","Hololive_CallManoAloe","Hololive_Psychosis","Hololive_Drill","Hololive_CallShirakamiFubuki","Hololive_Sequa","Hololive_CallOkamiMio","Hololive_SoulCatcher","Hololive_Psychosis","Hololive_CallDoris","Hololive_CallMomosuzuNene+5","Hololive_CocoNews","Hololive_CocoNews","Hololive_LuckPotion","Hololive_CallYozoraMel","Hololive_BringToTrial","Hololive_ILoveYou","Hololive_DiamondStrike+1","Hololive_Trident","Panacea","Strike_R","Hololive_Nanodesu","Hololive_CallSakuraMiko","Hololive_Drill","Madness","Madness","Parasite","Hololive_CallOkamiMio","Hololive_CallYukihanaLamy","Madness","Hololive_CandyCastle","Hololive_Yoholoon","Hololive_CallAiraniIofifteen+1","Hololive_LuckPotion"],"relics":["Black Star","Golden Idol","Matryoshka","MawBank","War Paint","HornCleat","PreservedInsect","Boot","Dead Branch","Hololive_ChaosS","Orichalcum","Pantograph","MealTicket","Spirit Poop","Runic Pyramid","Mercury Hourglass","Red Mask"],"acts_visited":["Exordium","TheCity","TheBeyond"],"potions_floor_usage":[],"damage_taken":[{"damage":0,"enemies":"2 Louse","floor":1,"turns":4},{"damage":0,"enemies":"Cultist","floor":3,"turns":3},{"damage":0,"enemies":"Lagavulin","floor":6,"turns":4},{"damage":0,"enemies":"Jaw Worm","floor":10,"turns":3},{"damage":0,"enemies":"3 Sentries","floor":11,"turns":5},{"damage":0,"enemies":"2 Fungi Beasts","floor":12,"turns":2},{"damage":1,"enemies":"Large Slime","floor":14,"turns":4},{"damage":0,"enemies":"Slime Boss","floor":16,"turns":8},{"damage":1,"enemies":"2 Thieves","floor":18,"turns":4},{"damage":0,"enemies":"Spheric Guardian","floor":20,"turns":4},{"damage":6,"enemies":"Snake Plant","floor":21,"turns":4},{"damage":0,"enemies":"Sentry and Sphere","floor":22,"turns":4},{"damage":0,"enemies":"Snecko","floor":24,"turns":3},{"damage":0,"enemies":"3 Cultists","floor":29,"turns":3},{"damage":0,"enemies":"Automaton","floor":33,"turns":9},{"damage":0,"enemies":"3 Darklings","floor":35,"turns":2},{"damage":0,"enemies":"Orb Walker","floor":36,"turns":3},{"damage":10,"enemies":"Writhing Mass","floor":38,"turns":4},{"damage":34,"enemies":"4 Shapes","floor":41,"turns":5},{"damage":0,"enemies":"Maw","floor":42,"turns":7},{"damage":17,"enemies":"Sphere and 2 Shapes","floor":45,"turns":3}],"seed_played":"7529328274734701297","potions_obtained":[{"floor":10,"key":"EssenceOfSteel"},{"floor":11,"key":"AttackPotion"},{"floor":12,"key":"FairyPotion"}],"is_trial":false,"path_per_floor":["M","$","M","?","$","E","R","?","T","M","E","M","R","M","R","B",null,"M","T","M","M","M","R","M","R","T","$","?","M","?","?","R","B",null,"M","M","?","M","$","R","M","M","T","?","M"],"character_chosen":"Hololive_HololiveCharacter","items_purchased":["Hololive_Psychosis","Hololive_Drill","Hololive_CallYozoraMel","Hololive_BringToTrial","Hololive_ILoveYou","Hololive_DiamondStrike","Hololive_Trident","Panacea","Hololive_CallYukihanaLamy","Madness","Hololive_CandyCastle","Hololive_Yoholoon"],"campfire_rested":5,"item_purchase_floors":[2,5,27,27,27,27,27,27,39,39,39,39],"current_hp_per_floor":[35,35,35,35,35,35,35,23,23,23,23,23,33,32,35,35,35,34,34,34,28,28,35,35,35,35,35,35,35,35,35,35,35,35,35,35,31,21,35,35,1,1,1,1,0,0],"gold":0,"neow_bonus":"BOSS_RELIC","is_daily":false,"chose_seed":false,"campfire_upgraded":2,"win_rate":0.0,"timestamp":1608258612,"path_taken":["M","$","?","?","$","E","R","?","T","M","E","M","R","M","R","BOSS","M","?","?","M","M","R","M","R","T","?","?","?","?","?","R","BOSS","M","?","?","M","$","R","M","M","T","?","M"],"items_purchased_type":["Card","Card","Card","Card","Card","Card","Card","Card","Card","Card","Card","Card"],"build_version":"2020-12-13","purchased_purges":0,"victory":false,"max_hp_per_floor":[35,35,35,35,35,35,35,35,35,35,35,35,35,35,35,35,35,35,35,35,35,35,35,35,35,35,35,35,35,35,35,35,35,35,35,35,35,35,35,35,35,35,35,35,35,35],"relic_stats":{"counters":[21,88],"Golden Idol":116,"Dead Branch":[61],"PreservedInsect":30,"War Paint":["Hololive_Defend","Hololive_Defend"],"Orichalcum":[102],"MawBank":252,"Boot":[325],"Mercury Hourglass":[18],"Pantograph":0,"MealTicket":14,"Black Star":2,"obtain_stats":[{"Golden Idol":4,"Dead Branch":11,"Spirit Poop":31,"PreservedInsect":9,"Hololive_ChaosS":17,"War Paint":8,"Orichalcum":19,"MawBank":6,"Boot":11,"Mercury Hourglass":43,"Matryoshka":6,"HornCleat":9,"Pantograph":19,"Hololive_TheStar":0,"MealTicket":26,"Black Star":0,"Red Mask":44,"Runic Pyramid":34},{"Golden Idol":2,"Dead Branch":5,"Spirit Poop":14,"PreservedInsect":3,"Hololive_ChaosS":8,"War Paint":3,"Orichalcum":9,"MawBank":3,"Boot":5,"Mercury Hourglass":20,"Matryoshka":3,"HornCleat":3,"Pantograph":9,"Hololive_TheStar":0,"MealTicket":13,"Black Star":0,"Red Mask":20,"Runic Pyramid":15},{"Golden Idol":7,"Dead Branch":19,"Spirit Poop":55,"PreservedInsect":11,"Hololive_ChaosS":33,"War Paint":11,"Orichalcum":37,"MawBank":11,"Boot":19,"Mercury Hourglass":85,"Matryoshka":11,"HornCleat":11,"Pantograph":37,"Hololive_TheStar":0,"MealTicket":52,"Black Star":0,"Red Mask":85,"Runic Pyramid":64}]},"card_choices":[{"not_picked":["Hololive_LuckPotion","Hololive_Breathe"],"picked":"Hololive_CallManoAloe","floor":1},{"not_picked":["Hololive_CallUruhaRushia","Hololive_RevenueBasedLive","Hololive_CallYozoraMel"],"picked":"SKIP","floor":3},{"not_picked":["Hololive_CallAZKi","Hololive_HuntDinosaur"],"picked":"Hololive_CallShirakamiFubuki","floor":6},{"not_picked":["Hololive_Breathe","Hololive_HuntDinosaur"],"picked":"Hololive_Sequa","floor":10},{"not_picked":["Hololive_DiamondStrike","Hololive_Psychosis"],"picked":"Hololive_CallOkamiMio","floor":11},{"not_picked":["Hololive_Psychosis","Hololive_BringToTrial"],"picked":"Hololive_SoulCatcher","floor":12},{"not_picked":["Hololive_Trident","Hololive_SummonFox"],"picked":"Hololive_Psychosis","floor":14},{"not_picked":["Hololive_HuntDinosaur","Hololive_CallShirakamiFubuki"],"picked":"Hololive_CallDoris","floor":18},{"not_picked":["Hololive_Spy","Hololive_CallTokinoSora"],"picked":"Hololive_CallMomosuzuNene","floor":20},{"not_picked":["Hololive_LuckPotion+1","Hololive_CallYozoraMel"],"picked":"Hololive_CocoNews","floor":21},{"not_picked":["Hololive_RevenueBasedLive+1","Hololive_Rebound"],"picked":"Hololive_CocoNews","floor":22},{"not_picked":["Hololive_Breathe","Hololive_CocoNews"],"picked":"Hololive_LuckPotion","floor":24},{"not_picked":["Hololive_Drill","Hololive_CocoNews+1","Hololive_WolfAndLamb"],"picked":"SKIP","floor":29},{"not_picked":["Hololive_MaximGun","Hololive_Thief"],"picked":"Hololive_Nanodesu","floor":33},{"not_picked":["Hololive_Trident+1","Hololive_Rebound"],"picked":"Hololive_CallSakuraMiko","floor":35},{"not_picked":["Hololive_Rebound+1","Hololive_OvertimeWork+1"],"picked":"Hololive_Drill","floor":36},{"not_picked":["Hololive_CallAkaiHaato+1","Hololive_LuckPotion+1"],"picked":"Hololive_CallOkamiMio","floor":38},{"not_picked":["Hololive_Sequa","Hololive_RevenueBasedLive"],"picked":"Hololive_CallAiraniIofifteen+1","floor":41},{"not_picked":["Hololive_FlareMind","Hololive_Sequa+1"],"picked":"Hololive_LuckPotion","floor":42}],"player_experience":10779,"relics_obtained":[{"floor":6,"key":"Matryoshka"},{"floor":6,"key":"MawBank"},{"floor":9,"key":"HornCleat"},{"floor":9,"key":"PreservedInsect"},{"floor":11,"key":"Boot"},{"floor":11,"key":"Dead Branch"},{"floor":19,"key":"Orichalcum"},{"floor":19,"key":"Pantograph"},{"floor":26,"key":"MealTicket"},{"floor":43,"key":"Mercury Hourglass"}],"event_choices":[{"damage_healed":0,"gold_gain":0,"player_choice":"Take Wound","damage_taken":0,"relics_obtained":["Golden Idol"],"max_hp_gain":0,"max_hp_loss":0,"event_name":"Golden Idol","floor":4,"gold_loss":0,"cards_obtained":["Injury"]},{"damage_healed":0,"gold_gain":0,"player_choice":"Success","damage_taken":12,"relics_obtained":["War Paint"],"max_hp_gain":0,"max_hp_loss":0,"event_name":"Scrap Ooze","floor":8,"gold_loss":0},{"damage_healed":0,"gold_gain":0,"player_choice":"Bought 0 Potions","damage_taken":0,"max_hp_gain":0,"max_hp_loss":0,"event_name":"The Woman in Blue","floor":28,"gold_loss":0},{"damage_healed":0,"gold_gain":0,"player_choice":"Take","damage_taken":0,"max_hp_gain":0,"max_hp_loss":0,"event_name":"betterNote:BetterNote","floor":30,"gold_loss":0,"cards_obtained":["Strike_R"]},{"cards_removed":["Injury"],"damage_healed":0,"gold_gain":0,"player_choice":"Offered Curse","damage_taken":0,"relics_obtained":["Spirit Poop"],"max_hp_gain":0,"max_hp_loss":0,"event_name":"Bonfire Elementals","floor":31,"gold_loss":0},{"damage_healed":0,"gold_gain":0,"player_choice":"Embrace Madness","damage_taken":4,"max_hp_gain":0,"max_hp_loss":0,"event_name":"Winding Halls","floor":37,"gold_loss":0,"cards_obtained":["Madness","Madness"]},{"damage_healed":0,"gold_gain":0,"player_choice":"Paid","damage_taken":0,"relics_obtained":["Red Mask"],"max_hp_gain":0,"max_hp_loss":0,"event_name":"Tomb of Lord Red Mask","floor":44,"gold_loss":57}],"is_beta":false,"boss_relics":[{"not_picked":["Sozu","Ectoplasm"],"picked":"Hololive_ChaosS"},{"not_picked":["Astrolabe","Cursed Key"],"picked":"Runic Pyramid"}],"items_purged_floors":[],"is_endless":false,"potions_floor_spawned":[10,11,12,14,18,20,35,41],"killed_by":"Sphere and 2 Shapes","ascension_level":0}}