{"host":"g0q768mgj82xi5uu","time":1608255332,"event":{"mods":["Astrologer","BaseMod","Colored Map","Colored Powertips","Dio Mod","Downfall","Googly Eyes","Hubris","Jorbs\u0027s Wanderer Trilogy","Luminous","Minty Spire (QoL Compilation)","Quick Restart","Shade Mod","StSLib","Td1madao Mod","The Alterego","The Bladedancer","The Construct","The Death Knight","The Elementalist","The Exalted","The Forsaken","The Jungle","TheBandit","TheSwordswoman","UnlockEverythingMod","Waifu the Spire","WarShipGirlsR/????R mod"],"gold_per_floor":[120,139,149,149,167,201,51,51,51,78,97,97,97],"floor_reached":12,"playtime":610,"items_purged":[],"score":80,"play_id":"9fc16c87-aa43-48b4-87ec-851a83654219","local_time":"20201217213532","is_ascension_mode":false,"campfire_choices":[{"floor":8,"key":"REST"}],"circlet_count":0,"master_deck":["alterego_mod:Strike","alterego_mod:Strike","alterego_mod:Strike","alterego_mod:Strike","alterego_mod:Defend","alterego_mod:Defend","alterego_mod:Defend","alterego_mod:Defend","alterego_mod:Impale","alterego_mod:BigMeatyClaws","alterego_mod:BrynhildrsRune","alterego_mod:Jiggle","alterego_mod:Exercise","alterego_mod:Skirt","alterego_mod:IndependentAction","alterego_mod:Swimsuit","alterego_mod:1TonWallop"],"relics":["alterego_mod:MasochisticConstitution","NeowsBlessing","Toxic Egg 2","Regal Pillow","Bottled Flame"],"acts_visited":["Exordium"],"potions_floor_usage":[],"damage_taken":[{"damage":0,"enemies":"2 Louse","floor":1,"turns":1},{"damage":0,"enemies":"Cultist","floor":2,"turns":1},{"damage":0,"enemies":"Jaw Worm","floor":3,"turns":1},{"damage":31,"enemies":"Red Slaver","floor":5,"turns":7},{"damage":24,"enemies":"Gremlin Nob","floor":6,"turns":5},{"damage":40,"enemies":"Lots of Slimes","floor":11,"turns":5},{"damage":27,"enemies":"Lagavulin","floor":12,"turns":2}],"seed_played":"-2220547530479828660","potions_obtained":[{"floor":2,"key":"construct:ShiftPotion"},{"floor":11,"key":"Dexterity Potion"}],"is_trial":false,"path_per_floor":["M","M","M","?","M","E","$","R","T","T","M","E"],"character_chosen":"The_Alterego","items_purchased":["Regal Pillow"],"campfire_rested":1,"item_purchase_floors":[7],"current_hp_per_floor":[70,70,70,70,40,17,17,53,53,53,21,0,0],"gold":97,"neow_bonus":"THREE_ENEMY_KILL","is_daily":false,"chose_seed":false,"campfire_upgraded":0,"win_rate":0.0,"timestamp":1608255332,"path_taken":["M","M","M","?","M","E","?","R","T","?","?","E"],"items_purchased_type":["Relic"],"build_version":"2020-12-13","purchased_purges":0,"victory":false,"max_hp_per_floor":[70,70,70,70,71,72,72,72,72,72,73,73,73],"card_choices":[{"not_picked":["alterego_mod:TrashNCrash","alterego_mod:Pet"],"picked":"alterego_mod:Jiggle","floor":1},{"not_picked":["alterego_mod:MagicResistance","alterego_mod:Jiggle"],"picked":"alterego_mod:Exercise","floor":2},{"not_picked":["alterego_mod:Punishment","alterego_mod:TrashNCrash"],"picked":"alterego_mod:Skirt","floor":3},{"not_picked":["alterego_mod:Complex","alterego_mod:Cycle"],"picked":"alterego_mod:IndependentAction","floor":5},{"not_picked":["alterego_mod:DustData","alterego_mod:Support"],"picked":"alterego_mod:Swimsuit","floor":6},{"not_picked":["alterego_mod:Skirt","alterego_mod:BoobPocket+1"],"picked":"alterego_mod:1TonWallop","floor":11}],"player_experience":145457,"relics_obtained":[{"floor":6,"key":"Toxic Egg 2"},{"floor":9,"key":"Bottled Flame"}],"event_choices":[{"damage_healed":0,"gold_gain":0,"player_choice":"Ignored","damage_taken":0,"max_hp_gain":0,"max_hp_loss":0,"event_name":"NoteForYourself","floor":4,"gold_loss":0}],"is_beta":false,"boss_relics":[],"items_purged_floors":[],"is_endless":false,"potions_floor_spawned":[2,11],"killed_by":"Lagavulin","ascension_level":0}}