{"host":"63howft1cojq0ioc","time":1608277355,"event":{"mods":["Act Like it!","Aspiration","BaseMod","DeckTracker","Downfall","Infinite Spire","Minty Spire (QoL Compilation)","Quick Restart","Relic Stats","Replay The Spire","StSLib","SuperFastMode","The Jungle"],"gold_per_floor":[119,132,61,61,236,236,236],"floor_reached":6,"playtime":589,"items_purged":["Injury"],"score":41,"play_id":"78bc7bc2-2cb6-443a-a4a3-82a94d77f0ce","local_time":"20201218054235","is_ascension_mode":true,"campfire_choices":[],"circlet_count":0,"master_deck":["Strike_R","Strike_R","Strike_R","Strike_R","Strike_R","Defend_R","Defend_R","Defend_R+1","Defend_R+1","Bash","Anger","Injury","Doubt"],"relics":["Burning Blood","War Paint","ReplayTheSpireMod:CursedCoin","Regal Pillow","Golden Idol"],"acts_visited":["Exordium"],"potions_floor_usage":[],"damage_taken":[{"damage":0,"enemies":"Small Slimes","floor":1,"turns":5},{"damage":13,"enemies":"Jaw Worm","floor":2,"turns":6},{"damage":89,"enemies":"Gremlin Nob","floor":6,"turns":6}],"seed_played":"6944478737744842852","potions_obtained":[],"is_trial":false,"path_per_floor":["M","M","$","?","?","E"],"character_chosen":"IRONCLAD","items_purchased":["ReplayTheSpireMod:CursedCoin","Regal Pillow"],"campfire_rested":0,"item_purchase_floors":[3,3],"current_hp_per_floor":[80,73,73,73,73,0,0],"gold":236,"neow_bonus":"RANDOM_COMMON_RELIC","is_daily":false,"chose_seed":false,"campfire_upgraded":0,"win_rate":0.0,"timestamp":1608277355,"path_taken":["M","M","$","?","?","E"],"items_purchased_type":["Relic","Relic"],"build_version":"2020-12-13","purchased_purges":1,"victory":false,"max_hp_per_floor":[80,80,80,80,80,80,80],"relic_stats":{"Regal Pillow":0,"counters":[3,17],"Golden Idol":0,"War Paint":["Defend_R","Defend_R"],"obtain_stats":[{"Regal Pillow":3,"ReplayTheSpireMod:CursedCoin":3,"Golden Idol":4,"War Paint":0,"Burning Blood":0},{"Regal Pillow":2,"ReplayTheSpireMod:CursedCoin":2,"Golden Idol":2,"War Paint":0,"Burning Blood":0},{"Regal Pillow":11,"ReplayTheSpireMod:CursedCoin":11,"Golden Idol":11,"War Paint":0,"Burning Blood":0}],"Burning Blood":6},"card_choices":[{"not_picked":["Shrug It Off","Uppercut","Power Through"],"picked":"SKIP","floor":1},{"not_picked":["Armaments","Body Slam"],"picked":"Anger","floor":2}],"player_experience":91449,"relics_obtained":[],"event_choices":[{"damage_healed":0,"gold_gain":0,"player_choice":"Take Wound","damage_taken":0,"relics_obtained":["Golden Idol"],"max_hp_gain":0,"max_hp_loss":0,"event_name":"Golden Idol","floor":4,"gold_loss":0,"cards_obtained":["Injury"]},{"damage_healed":0,"gold_gain":175,"player_choice":"AGREE","damage_taken":0,"max_hp_gain":0,"max_hp_loss":0,"event_name":"Liars Game","floor":5,"gold_loss":0,"cards_obtained":["Doubt"]}],"is_beta":false,"boss_relics":[],"items_purged_floors":[3],"is_endless":false,"potions_floor_spawned":[],"killed_by":"Gremlin Nob","ascension_level":4}}