{"host":"l8k579n63ej0vska","time":1608292521,"event":{"mods":["BaseMod","Colored Map","Infinite Spire","Minty Spire (QoL Compilation)","Replay The Spire","StSLib","The Bug Knight"],"gold_per_floor":[116,116,116,30,49,85,98,98,143,143,143,143,10,31,31,126,126,147,147,160,178,178,178,203,203,227,227,252,252,34,65,65,168,168,192,192,256,256,256,256],"floor_reached":39,"playtime":3564,"items_purged":["Defend_G","Shame","Strike_G","Defend_G"],"score":954,"play_id":"7db4161e-44c3-4ba9-bfb3-ba6310da6496","local_time":"20201218125521","is_ascension_mode":true,"campfire_choices":[{"data":"Madness","floor":8,"key":"SMITH"},{"data":"Fluid Movement","floor":10,"key":"SMITH"},{"data":"Leap","floor":12,"key":"SMITH"},{"data":"Phantasmal Killer","floor":23,"key":"SMITH"},{"data":"ReplayTheSpireMod:Scrap Shanks","floor":25,"key":"SMITH"},{"data":"Accuracy","floor":29,"key":"SMITH"}],"circlet_count":0,"master_deck":["AscendersBane","Defend_G","Finisher+1","Hidden Blade","Madness+1","Fluid Movement+1","Leap+1","Beam Cell","ReplayTheSpireMod:Speed Training+1","ReplayTheSpireMod:Speed Training+1","Blade Dance+1","Phantasmal Killer+1","Blade Dance","Blade Dance","ReplayTheSpireMod:Scrap Shanks+1","Accuracy+1","Hidden Blade+1","Deflect","Fluid Movement","Acrobatics+1","infinitespire:FutureSight","infinitespire:SealOfDarkness+","Acrobatics"],"relics":["Replay:Drink Me","Golden Idol","HollowMod:PaleOreRelic","Snecko Scales","Nloth\u0027s Gift","ReplayTheSpireMod:Lightbulb","MealTicket","Replay:Multitool","infinitespire:EvilPickle","Empty Cage","Guide Book","Tingsha"],"acts_visited":["Exordium","TheCity","TheBeyond"],"potions_floor_usage":[6,14,21,37],"damage_taken":[{"damage":4,"enemies":"Cultist","floor":1,"turns":5},{"damage":9,"enemies":"Jaw Worm","floor":5,"turns":4},{"damage":9,"enemies":"3 Sentries","floor":6,"turns":11},{"damage":6,"enemies":"Small Slimes","floor":7,"turns":4},{"damage":19,"enemies":"Exordium Thugs","floor":14,"turns":4},{"damage":2,"enemies":"The Guardian","floor":16,"turns":9},{"damage":0,"enemies":"Spheric Guardian","floor":18,"turns":3},{"damage":0,"enemies":"Chosen","floor":20,"turns":4},{"damage":1,"enemies":"Centurion and Healer","floor":21,"turns":5},{"damage":23,"enemies":"Snake Plant","floor":24,"turns":3},{"damage":0,"enemies":"3 Cultists","floor":28,"turns":2},{"damage":7,"enemies":"Nightmare","floor":31,"turns":5},{"damage":23,"enemies":"Pondfish","floor":33,"turns":5},{"damage":6,"enemies":"3 Shapes","floor":35,"turns":2},{"damage":14,"enemies":"2 Orb Walkers","floor":37,"turns":3},{"damage":5,"enemies":"infinitespire:Three Voidlings","floor":39,"turns":2},{"damage":13,"enemies":"Nightmare_Alpha","floor":39,"turns":1}],"seed_played":"-4599749833272545021","potions_obtained":[{"floor":1,"key":"Explosive Potion"},{"floor":5,"key":"Adrenaline Potion"},{"floor":20,"key":"SkillPotion"},{"floor":24,"key":"Adrenaline Potion"},{"floor":37,"key":"Dexterity Potion"}],"is_trial":false,"path_per_floor":["M","?","?","$","M","E","M","R","T","R","?","R","$","M","R_BF","B",null,"M","?","M","M","?","R","M","R","T","AVR","M","R","$","NM","R_BF","B",null,"M","AVR","?","?","?"],"character_chosen":"THE_SILENT","items_purchased":["Madness","ReplayTheSpireMod:Speed Training","Deflect","Fluid Movement"],"campfire_rested":0,"item_purchase_floors":[4,13,30,30],"current_hp_per_floor":[46,45,45,45,36,27,21,21,21,21,21,21,21,2,15,13,37,37,37,37,36,36,36,13,13,13,13,13,13,28,21,34,11,37,31,31,17,17,0,0],"gold":256,"neow_bonus":"BOSS_RELIC","is_daily":false,"chose_seed":false,"campfire_upgraded":6,"win_rate":0.0,"timestamp":1608292521,"path_taken":["M","?","?","$","M","E","?","R","T","R","?","R","?","M","R_BF","BOSS","M","?","?","M","?","R","M","R","T","AVR","?","R","$","NM","R_BF","BOSS","M","AVR","?","?","?"],"items_purchased_type":["Card","Card","Card","Card"],"build_version":"2020-12-13","purchased_purges":4,"victory":false,"max_hp_per_floor":[50,45,45,45,45,45,45,45,45,45,45,45,45,45,45,45,45,45,45,45,45,45,45,45,45,45,45,45,45,45,45,45,45,45,45,45,45,45,45,45],"card_choices":[{"not_picked":["Leg Sweep","Deadly Poison"],"picked":"Finisher","floor":1},{"not_picked":["Finisher","Deadly Poison"],"picked":"Fluid Movement","floor":5},{"not_picked":["Sneak Up","Backflip","Draining Mist"],"picked":"SKIP","floor":6},{"not_picked":["Reflex","Dagger Throw","Backflip"],"picked":"SKIP","floor":7},{"not_picked":["Bane","Flying Knee"],"picked":"Blade Dance","floor":14},{"not_picked":["Malaise","ReplayTheSpireMod:From All Sides"],"picked":"Phantasmal Killer","floor":16},{"not_picked":["Outmaneuver","Sucker Punch"],"picked":"Blade Dance","floor":18},{"not_picked":["Dagger Spray+1","Flying Knee+1"],"picked":"Blade Dance","floor":20},{"not_picked":["Skewer","Burst"],"picked":"ReplayTheSpireMod:Scrap Shanks","floor":21},{"not_picked":["Blur","Skewer"],"picked":"Accuracy","floor":24},{"not_picked":["Eviscerate","PiercingWail"],"picked":"Hidden Blade+1","floor":28},{"not_picked":["Bullet Time","PiercingWail","Skewer"],"picked":"SKIP","floor":31},{"not_picked":["Dodge and Roll","Sucker Punch"],"picked":"Acrobatics+1","floor":35},{"not_picked":["Corpse Explosion","Underhanded Strike"],"picked":"Acrobatics","floor":37}],"player_experience":1622085,"relics_obtained":[{"floor":6,"key":"HollowMod:PaleOreRelic"},{"floor":9,"key":"Snake Skull"},{"floor":26,"key":"MealTicket"},{"floor":31,"key":"Replay:Multitool"},{"floor":37,"key":"Tingsha"}],"event_choices":[{"damage_healed":0,"gold_gain":0,"player_choice":"Lose Max HP","damage_taken":0,"relics_obtained":["Golden Idol"],"max_hp_gain":0,"max_hp_loss":5,"event_name":"Golden Idol","floor":2,"gold_loss":0},{"damage_healed":0,"gold_gain":0,"cards_transformed":["Defend_G"],"player_choice":"Transformed","damage_taken":0,"max_hp_gain":0,"max_hp_loss":0,"event_name":"Transmorgrifier","floor":3,"gold_loss":0,"cards_obtained":["Hidden Blade"]},{"damage_healed":0,"gold_gain":0,"player_choice":"Traded Relic","damage_taken":0,"relics_obtained":["Nloth\u0027s Gift"],"max_hp_gain":0,"max_hp_loss":0,"event_name":"N\u0027loth","floor":19,"relics_lost":["Snake Skull"],"gold_loss":0},{"damage_healed":0,"gold_gain":0,"player_choice":"Fight","damage_taken":0,"max_hp_gain":0,"max_hp_loss":0,"event_name":"Mysterious Sphere","floor":37,"gold_loss":0},{"damage_healed":0,"gold_gain":0,"player_choice":"Ignored","damage_taken":0,"max_hp_gain":0,"max_hp_loss":0,"event_name":"The Moai Head","floor":38,"gold_loss":0}],"is_beta":false,"boss_relics":[{"not_picked":["Replay:Grab Bag","Ectoplasm"],"picked":"Snecko Scales"},{"not_picked":["Kintsugi","Snecko Eye"],"picked":"Empty Cage"}],"items_purged_floors":[13,27,30,36],"is_endless":true,"potions_floor_spawned":[1,5,20,24,37,39],"killed_by":"Nightmare_Alpha","ascension_level":15}}