{"host":"5gc11emcm5chfr5t","time":1608312206,"event":{"mods":["2.2 Compatiblity","AchievementEnabler","BaseMod","Bestiary","Better Note","Colored Map","Colored Powertips","Downfall","Googly Eyes","Minty Spire (QoL Compilation)","Rare Cards Sparkle","StSLib"],"gold_per_floor":[99,274,199,228,228,292,318,332,30,61,46,46,46,59,74,74,74],"floor_reached":16,"playtime":759,"items_purged":[],"score":175,"play_id":"2b35e3e4-deef-4b77-abd8-76a5a7237537","local_time":"20201218122326","is_ascension_mode":true,"campfire_choices":[{"floor":1.0,"key":"RECALL"},{"data":"sneckomod:SnekBite","floor":3.0,"key":"SMITH"},{"data":"sneckomod:Unknown2Cost","floor":5.0,"key":"SMITH"}],"circlet_count":0,"master_deck":["AscendersBane","sneckomod:Strike","sneckomod:Strike","sneckomod:Defend","sneckomod:Defend","sneckomod:Defend","sneckomod:TailWhip","sneckomod:SnekBite+1","sneckomod:Unknown","sneckomod:Unknown","sneckomod:Unknown2Cost+1","sneckomod:QuickBite","sneckomod:SnekBeam","sneckomod:Nope","sneckomod:UnknownBlock+1","sneckomod:SoulExchange+1","sneckomod:UnknownDexterity+1","sneckomod:UnknownRarePower","sneckomod:Unknown1Cost+1"],"relics":["SlaversCollar","downfall:HeartBlessingRed","Shuriken","sneckomod:ConfusingCodex","Ancient Tea Set","Toxic Egg 2","Girya"],"acts_visited":["Exordium"],"potions_floor_usage":[9,16],"damage_taken":[{"damage":22.0,"enemies":"3 Sentries","floor":4.0,"turns":12.0},{"damage":9,"enemies":"3 Sentries","floor":6,"turns":9},{"damage":0,"enemies":"Jaw Worm","floor":8,"turns":1},{"damage":5,"enemies":"downfall:FleeingMerchant","floor":9,"turns":4},{"damage":8,"enemies":"Gremlin Nob","floor":10,"turns":4},{"damage":12,"enemies":"downfall:FleeingMerchant","floor":11,"turns":4},{"damage":4,"enemies":"Small Slimes","floor":14,"turns":2},{"damage":0,"enemies":"2 Louse","floor":15,"turns":3},{"damage":19,"enemies":"downfall:Silent","floor":16,"turns":3}],"seed_played":"-5799816694856303548","potions_obtained":[{"floor":6,"key":"AttackPotion"},{"floor":10,"key":"LiquidBronze"},{"floor":14,"key":"Fire Potion"},{"floor":15,"key":"SkillPotion"}],"is_trial":false,"path_per_floor":["R","?","R","E","R","?","T","M","$","E","$","?","?","M","M","B"],"character_chosen":"THE_SNECKO","items_purchased":["Toxic Egg 2","sneckomod:UnknownBlock+1"],"campfire_rested":0,"item_purchase_floors":[9,9],"current_hp_per_floor":[81,81,81,59,59,50,50,50,45,37,25,25,25,21,21,2,2],"gold":74,"neow_bonus":"BOSS_RELIC","is_daily":false,"chose_seed":false,"campfire_upgraded":2,"win_rate":0.0,"timestamp":1608312206,"path_taken":["R","?","R","E","R","?","T","M","$","E","$","?","?","M","M","BOSS"],"items_purchased_type":["Relic","Card"],"build_version":"2020-12-13","purchased_purges":0,"victory":false,"max_hp_per_floor":[90,90,90,90,90,90,90,90,90,90,90,90,90,90,90,90,90],"card_choices":[{"not_picked":["sneckomod:UnknownVulnerable","sneckomod:IronFang"],"picked":"sneckomod:Unknown2Cost","floor":4.0},{"not_picked":["sneckomod:UnknownVulnerable","sneckomod:UnknownClassTHE_CHAMP_GRAY"],"picked":"sneckomod:QuickBite","floor":6},{"not_picked":["sneckomod:TrashToTreasure","sneckomod:UnknownCommonAttack"],"picked":"sneckomod:SnekBeam","floor":8},{"not_picked":["sneckomod:SoulDraw","sneckomod:UnknownCommonSkill"],"picked":"sneckomod:Nope","floor":9},{"not_picked":["sneckomod:Nope+1","sneckomod:UnknownWeak+1"],"picked":"sneckomod:SoulExchange+1","floor":10},{"not_picked":["sneckomod:IronFang","sneckomod:DiceBlock+1"],"picked":"sneckomod:UnknownDexterity+1","floor":11},{"not_picked":["sneckomod:WideSting","sneckomod:RainOfDice","sneckomod:MasterEye"],"picked":"SKIP","floor":14},{"not_picked":["sneckomod:QuickMove+1","sneckomod:Nope+1"],"picked":"sneckomod:Unknown1Cost+1","floor":15}],"player_experience":423255,"relics_obtained":[{"floor":4.0,"key":"Shuriken"},{"floor":6,"key":"sneckomod:ConfusingCodex"},{"floor":7,"key":"Ancient Tea Set"},{"floor":10,"key":"Girya"}],"event_choices":[{"cards_removed":["Doubt"],"damage_healed":0,"gold_gain":0,"player_choice":"Card Removal","damage_taken":0,"max_hp_gain":0,"max_hp_loss":0,"event_name":"The Cleric","floor":12,"gold_loss":0},{"damage_healed":0,"gold_gain":0,"cards_transformed":["sneckomod:Strike"],"player_choice":"Change","damage_taken":0,"max_hp_gain":0,"max_hp_loss":0,"event_name":"Living Wall","floor":13,"gold_loss":0,"cards_obtained":["sneckomod:UnknownRarePower"]}],"is_beta":false,"boss_relics":[],"items_purged_floors":[],"is_endless":false,"potions_floor_spawned":[6,10,14,15],"killed_by":"downfall:Silent","ascension_level":13}}