{"host":"6bsan6hkua32tfq7","time":1608251702,"event":{"mods":["BaseMod","Better Third Choice","Colored Map","Highlight Path","Minty Spire (QoL Compilation)","StSLib"],"gold_per_floor":[113,38,49,124,24,59,59,59,59,73,73,73,90,110,110,189,189,208,208,208,208,208,208,208,208],"floor_reached":24,"playtime":440,"items_purged":["Defend_G","Defend_G"],"score":384,"play_id":"ff026771-d039-4283-b108-6cc753437fa4","local_time":"20201218013502","is_ascension_mode":true,"campfire_choices":[{"floor":8,"key":"REST"},{"data":"Crippling Poison","floor":12,"key":"SMITH"},{"data":"Deadly Poison","floor":15,"key":"SMITH"},{"floor":23,"key":"REST"}],"circlet_count":0,"master_deck":["AscendersBane","Strike_G","Strike_G","Strike_G","Strike_G","Strike_G","Defend_G","Defend_G","Defend_G","Survivor","Neutralize","Crippling Poison+1","Skewer","Blade Dance","Doubt","Deadly Poison+1","Well Laid Plans","After Image","Wraith Form v2","Writhe","Ghostly","Ghostly","Ghostly","Necronomicurse"],"relics":["Cursed Key","Letter Opener","Pantograph","Art of War","Sozu","betterThird:NestCultRelic","Tiny Chest","Necronomicon"],"acts_visited":["Exordium","TheCity"],"potions_floor_usage":[14,18,24],"damage_taken":[{"damage":6,"enemies":"Cultist","floor":1,"turns":4},{"damage":0,"enemies":"Jaw Worm","floor":3,"turns":4},{"damage":37,"enemies":"Lagavulin","floor":6,"turns":6},{"damage":9,"enemies":"Small Slimes","floor":10,"turns":2},{"damage":0,"enemies":"2 Fungi Beasts","floor":13,"turns":3},{"damage":0,"enemies":"Exordium Wildlife","floor":14,"turns":2},{"damage":38,"enemies":"Hexaghost","floor":16,"turns":11},{"damage":19,"enemies":"Spheric Guardian","floor":18,"turns":7},{"damage":22,"enemies":"Book of Stabbing","floor":24,"turns":2}],"seed_played":"2700248850019300515","potions_obtained":[{"floor":10,"key":"DistilledChaos"},{"floor":14,"key":"ColorlessPotion"},{"floor":16,"key":"FearPotion"}],"is_trial":false,"path_per_floor":["M","$","M","?","$","E","?","R","T","M","?","R","M","M","R","B",null,"M","?","?","?","?","R","E"],"character_chosen":"THE_SILENT","items_purchased":[],"campfire_rested":2,"item_purchase_floors":[],"current_hp_per_floor":[53,53,53,42,42,5,5,24,24,15,15,15,15,15,15,2,50,31,31,31,31,10,19,0,0],"gold":208,"neow_bonus":"BOSS_RELIC","is_daily":false,"chose_seed":false,"campfire_upgraded":2,"win_rate":0.0,"timestamp":1608251702,"path_taken":["M","?","?","?","$","E","?","R","T","M","?","R","M","M","R","BOSS","M","?","?","?","?","R","E"],"items_purchased_type":[],"build_version":"2020-12-13","purchased_purges":2,"victory":false,"max_hp_per_floor":[66,66,66,66,66,66,66,66,66,66,66,66,66,66,66,66,66,66,66,66,33,33,33,33,33],"card_choices":[{"not_picked":["Deflect","PiercingWail"],"picked":"Crippling Poison","floor":1},{"not_picked":["Deflect","Escape Plan"],"picked":"Skewer","floor":3},{"not_picked":["Dagger Throw","Accuracy"],"picked":"Blade Dance","floor":6},{"not_picked":["Outmaneuver","Dagger Throw"],"picked":"Deadly Poison","floor":10},{"not_picked":["Underhanded Strike","Accuracy"],"picked":"Well Laid Plans","floor":13},{"not_picked":["Catalyst","All Out Attack"],"picked":"After Image","floor":14},{"not_picked":["Glass Knife","Storm of Steel"],"picked":"Wraith Form v2","floor":16},{"not_picked":["Acrobatics","Dagger Throw","Poisoned Stab"],"picked":"SKIP","floor":18}],"player_experience":5197703,"relics_obtained":[{"floor":6,"key":"Letter Opener"},{"floor":9,"key":"Pantograph"},{"floor":22,"key":"Necronomicon"}],"event_choices":[{"damage_healed":0,"gold_gain":75,"player_choice":"Gold","damage_taken":11,"max_hp_gain":0,"max_hp_loss":0,"event_name":"betterThird:BetterGoop","floor":4,"gold_loss":0},{"damage_healed":0,"gold_gain":0,"player_choice":"Ignored","damage_taken":59,"max_hp_gain":0,"max_hp_loss":0,"event_name":"betterThird:BetterSerpent","floor":7,"gold_loss":0},{"damage_healed":0,"gold_gain":0,"player_choice":"Searched \u00271\u0027 times","damage_taken":0,"relics_obtained":["Art of War"],"max_hp_gain":0,"max_hp_loss":0,"event_name":"Dead Adventurer","floor":11,"gold_loss":0},{"damage_healed":0,"gold_gain":0,"player_choice":"Madness","damage_taken":0,"relics_obtained":["betterThird:NestCultRelic"],"max_hp_gain":0,"max_hp_loss":0,"event_name":"betterThird:BetterNest","floor":19,"gold_loss":0},{"damage_healed":0,"gold_gain":0,"player_choice":"Opened","damage_taken":0,"relics_obtained":["Tiny Chest"],"max_hp_gain":0,"max_hp_loss":0,"event_name":"The Mausoleum","floor":20,"gold_loss":0,"cards_obtained":["Writhe"]},{"damage_healed":0,"gold_gain":0,"player_choice":"Became a Ghost","damage_taken":0,"max_hp_gain":0,"max_hp_loss":33,"event_name":"Ghosts","floor":21,"gold_loss":0,"cards_obtained":["Ghostly","Ghostly","Ghostly"]},{"damage_healed":0,"gold_gain":0,"player_choice":"Obtained Book","damage_taken":21,"max_hp_gain":0,"max_hp_loss":0,"event_name":"Cursed Tome","floor":22,"gold_loss":0}],"is_beta":false,"boss_relics":[{"not_picked":["SacredBark","Empty Cage"],"picked":"Sozu"}],"items_purged_floors":[2,5],"is_endless":false,"potions_floor_spawned":[10,14,16,18],"killed_by":"Book of Stabbing","ascension_level":20}}