{"host":"6hzrz31j95f2y1pa","time":1608303260,"event":{"mods":["BaseMod","Colored Map","Downfall","Minty Spire (QoL Compilation)","StSLib"],"gold_per_floor":[99,99,24,24,24,50,50,78,78,111,122,136,155,175,193,288,288,213,233,71,88,98,129,153,183,108,133,146,146,161,146,160,256,256,256,344,371,387,419,430,430,461,475,475,491,491,22,37,49,49,49,49,49],"floor_reached":52,"playtime":3451,"items_purged":["champ:Defend","champ:Defend"],"score":1084,"play_id":"41904d04-113c-478d-b5cc-dd018210e0f8","local_time":"20201218095420","is_ascension_mode":true,"campfire_choices":[{"floor":1.0,"key":"RECALL"},{"data":"champ:Taunt","floor":3.0,"key":"SMITH"},{"data":"champ:BladeFlurry","floor":5.0,"key":"SMITH"},{"data":"champ:ViciousMockery","floor":9.0,"key":"SMITH"},{"floor":18.0,"key":"REST"},{"floor":26.0,"key":"REST"},{"floor":35,"key":"REST"},{"floor":44,"key":"REST"}],"circlet_count":0,"master_deck":["champ:Strike","champ:Strike","champ:Strike","champ:Defend+1","champ:Defend+1","champ:Execute+1","champ:Taunt+1","champ:BladeFlurry+1","champ:ViciousMockery+1","champ:Aggression","champ:IronFortress","champ:FanOfKnives","champ:FlashCut","champ:Haymaker","champ:DefensiveShout","champ:Aggression","champ:SwordSigil","champ:FaceSlap+1","champ:Control","champ:FlashCut","champ:DefensiveShout+1","champ:Circumvent","champ:SwordSigil","champ:Balance+1","champ:StanceDance","champ:EnchantCrown","champ:Backstep","champ:Improvising","champ:ViciousMockery+1","champ:Balance","champ:Balance+1","champ:Duel","expansioncontent:AwakenDeath","champ:FlashCut","champ:DefensiveStyle","champ:ShieldWall","champ:IronFortress+1"],"relics":["champ:ChampionCrown","downfall:HeartsMalice","downfall:HeartBlessingRed","Regal Pillow","Pantograph","White Beast Statue","Akabeko","Fusion Hammer","downfall:HeartBlessingGreen","Du-Vu Doll","War Paint","downfall:HeartBlessingBlue","hexamod:BolsterEngine","SacredBark","HornCleat","Question Card","Bottled Flame","Boot","Kunai"],"acts_visited":["Exordium","TheCity","TheBeyond","TheEnding"],"potions_floor_usage":[39,43,52,52],"damage_taken":[{"damage":0.0,"enemies":"Small Slimes","floor":2.0,"turns":1.0},{"damage":0.0,"enemies":"3 Sentries","floor":6.0,"turns":1.0},{"damage":0.0,"enemies":"Gremlin Nob","floor":8.0,"turns":1.0},{"damage":33.0,"enemies":"Lagavulin","floor":10.0,"turns":7.0},{"damage":5.0,"enemies":"Cultist","floor":11.0,"turns":4.0},{"damage":17.0,"enemies":"Jaw Worm","floor":12.0,"turns":2.0},{"damage":5.0,"enemies":"Red Slaver","floor":13.0,"turns":3.0},{"damage":10.0,"enemies":"Gremlin Gang","floor":14.0,"turns":3.0},{"damage":6.0,"enemies":"Blue Slaver","floor":15.0,"turns":2.0},{"damage":52.0,"enemies":"downfall:Ironclad","floor":16.0,"turns":7.0},{"damage":16.0,"enemies":"Shell Parasite","floor":19.0,"turns":4.0},{"damage":11.0,"enemies":"downfall:FleeingMerchant","floor":20.0,"turns":4.0},{"damage":13.0,"enemies":"Shelled Parasite and Fungi","floor":21.0,"turns":4.0},{"damage":15.0,"enemies":"3 Cultists","floor":22.0,"turns":5.0},{"damage":35.0,"enemies":"Gremlin Leader","floor":23.0,"turns":6.0},{"damage":26.0,"enemies":"Book of Stabbing","floor":25.0,"turns":4.0},{"damage":35.0,"enemies":"Slavers","floor":27.0,"turns":5.0},{"damage":16.0,"enemies":"Centurion and Healer","floor":28.0,"turns":4.0},{"damage":29.0,"enemies":"Snake Plant","floor":30.0,"turns":4.0},{"damage":5.0,"enemies":"downfall:FleeingMerchant","floor":31.0,"turns":4.0},{"damage":4.0,"enemies":"3 Cultists","floor":32.0,"turns":3.0},{"damage":38.0,"enemies":"downfall:Silent","floor":33.0,"turns":8.0},{"damage":20,"enemies":"downfall:FleeingMerchant","floor":36,"turns":4},{"damage":21,"enemies":"Nemesis","floor":37,"turns":7},{"damage":0,"enemies":"Orb Walker","floor":38,"turns":2},{"damage":11,"enemies":"Reptomancer","floor":39,"turns":6},{"damage":12,"enemies":"3 Shapes","floor":40,"turns":7},{"damage":57,"enemies":"Giant Head","floor":42,"turns":8},{"damage":0,"enemies":"Spire Growth","floor":43,"turns":5},{"damage":38,"enemies":"Transient","floor":45,"turns":5},{"damage":10,"enemies":"Sphere and 2 Shapes","floor":48,"turns":3},{"damage":10,"enemies":"4 Shapes","floor":49,"turns":8},{"damage":23,"enemies":"downfall:Defect","floor":50,"turns":9},{"damage":125,"enemies":"downfall:CharBossMerchant","floor":52,"turns":10}],"seed_played":"4957511869309893550","potions_obtained":[{"floor":8.0,"key":"SmokeBomb"},{"floor":10.0,"key":"SteroidPotion"},{"floor":11.0,"key":"champ:OpenerPotion"},{"floor":12.0,"key":"Energy Potion"},{"floor":13.0,"key":"champ:UltimateStancePotion"},{"floor":14.0,"key":"EntropicBrew"},{"floor":16.0,"key":"Dexterity Potion"},{"floor":19.0,"key":"LiquidMemories"},{"floor":23.0,"key":"Strength Potion"},{"floor":25.0,"key":"SteroidPotion"},{"floor":28.0,"key":"Block Potion"},{"floor":31.0,"key":"BlessingOfTheForge"},{"floor":33.0,"key":"PowerPotion"},{"floor":36,"key":"CultistPotion"},{"floor":39,"key":"Dexterity Potion"},{"floor":40,"key":"champ:UltimateStancePotion"},{"floor":43,"key":"SmokeBomb"},{"floor":45,"key":"sneckomod:MuddlingPotion"},{"floor":49,"key":"SpeedPotion"}],"is_trial":false,"path_per_floor":["R","M","R","?","R","E","T","E","R","E","M","M","M","M","M","B",null,"R","M","$","M","M","E","T","E","R","E","M","?","M","$","M","B",null,"R","$","E","M","E","M","T","E","M","R","M","?","$","M","M","B",null,"E"],"character_chosen":"THE_CHAMP","items_purchased":["champ:Control","champ:Balance","Regen Potion","Kunai","expansioncontent:AwakenDeath","champ:FlashCut","champ:DefensiveStyle"],"campfire_rested":4,"item_purchase_floors":[20,36,36,47,47,47,47],"current_hp_per_floor":[90,90,90,90,90,90,90,90,90,65,65,56,51,46,45,24,90,90,82,82,73,63,46,46,23,78,58,56,41,29,29,28,36,100,100,85,76,76,70,58,58,14,53,98,67,59,59,52,42,67,100,0,0],"gold":49,"neow_bonus":"THREE_ENEMY_KILL","is_daily":false,"chose_seed":false,"campfire_upgraded":3,"win_rate":0.0,"timestamp":1608303260,"path_taken":["R","M","R","?","R","E","T","E","R","E","M","M","?","M","M","BOSS","R","M","$","M","M","E","T","E","R","E","M","?","?","$","M","BOSS","R","$","E","M","E","M","T","E","M","R","M","?","$","?","M","BOSS","E"],"items_purchased_type":["Card","Card","Potion","Relic","Card","Card","Card"],"build_version":"2020-12-13","purchased_purges":2,"victory":false,"max_hp_per_floor":[90,90,90,90,90,90,90,90,90,90,90,90,90,90,90,90,90,90,90,90,90,90,90,90,90,100,100,100,100,100,100,100,100,100,100,100,100,100,100,100,100,100,100,100,100,100,100,100,100,100,100,100,100],"card_choices":[{"not_picked":["champ:CrookedStrike","champ:ShieldWall"],"picked":"champ:BladeFlurry","floor":2.0},{"not_picked":["champ:Encircle","champ:AdrenalArmor"],"picked":"champ:ViciousMockery","floor":6.0},{"not_picked":["champ:CrookedStrike","champ:PreciseThrust"],"picked":"champ:Aggression","floor":8.0},{"not_picked":["champ:BerserkerStyle","champ:FocusedBerserking"],"picked":"champ:IronFortress","floor":10.0},{"not_picked":["champ:Shatter","champ:BladeFlurry"],"picked":"champ:FanOfKnives","floor":11.0},{"not_picked":["champ:Encircle","champ:BerserkersShout"],"picked":"champ:FlashCut","floor":12.0},{"not_picked":["champ:DancingMaster","champ:IronFortress"],"picked":"champ:Haymaker","floor":13.0},{"not_picked":["champ:Encircle","champ:CrookedStrike"],"picked":"champ:DefensiveShout","floor":14.0},{"not_picked":["champ:DefensiveShout","champ:FightOn"],"picked":"champ:Aggression","floor":15.0},{"not_picked":["champ:Circumvent","champ:CrookedStrike"],"picked":"champ:SwordSigil","floor":19.0},{"not_picked":["champ:FanOfKnives","champ:BerserkersShout"],"picked":"champ:FaceSlap+1","floor":20.0},{"not_picked":["champ:FightOn","champ:Encircle"],"picked":"champ:FlashCut","floor":21.0},{"not_picked":["champ:FocusedDefense","champ:Shatter","champ:FlashCut"],"picked":"SKIP","floor":22.0},{"not_picked":["champ:TornadoPunch","champ:ViciousMockery"],"picked":"champ:DefensiveShout+1","floor":23.0},{"not_picked":["champ:Haymaker","champ:RageSigil"],"picked":"champ:Circumvent","floor":25.0},{"not_picked":["champ:ShieldSigil","champ:Lariat"],"picked":"champ:SwordSigil","floor":27.0},{"not_picked":["champ:Backstep+1","champ:TornadoPunch"],"picked":"champ:Balance","floor":28.0},{"not_picked":["champ:BerserkersShout","champ:BladeFlurry"],"picked":"champ:StanceDance","floor":30.0},{"not_picked":["champ:FightOn","champ:FaceSlap"],"picked":"champ:EnchantCrown","floor":31.0},{"not_picked":["champ:DeathBlow","champ:Haymaker"],"picked":"champ:Backstep","floor":32.0},{"not_picked":["champ:PerfectForm","champ:StrikeOfGenius"],"picked":"champ:Improvising","floor":33.0},{"not_picked":["champ:Backstep+1","champ:ShieldSlam"],"picked":"champ:ViciousMockery+1","floor":36},{"not_picked":["champ:Haymaker+1","champ:CrookedStrike","champ:ViciousMockery"],"picked":"SKIP","floor":37},{"not_picked":["champ:SwordSigil","champ:Riposte","champ:Haymaker"],"picked":"SKIP","floor":38},{"not_picked":["champ:DeathBlow","champ:Encircle"],"picked":"champ:Balance+1","floor":39},{"not_picked":["champ:FlashCut+1","champ:TornadoPunch+1","champ:CrookedStrike","champ:PreciseThrust"],"picked":"SKIP","floor":40},{"not_picked":["champ:RecklessLeap+1","champ:Backstep+1","champ:EndlessRage+1","champ:ShieldSigil+1"],"picked":"SKIP","floor":42},{"not_picked":["champ:DefensiveShout+1","champ:TornadoPunch","champ:AdrenalArmor","champ:ShieldSigil+1"],"picked":"SKIP","floor":43},{"not_picked":["champ:PreciseThrust+1","champ:EnragedBash","champ:FaceSlap"],"picked":"champ:Duel","floor":45},{"not_picked":["champ:EnragedBash+1","champ:FlashCut+1","champ:AdrenalArmor"],"picked":"champ:ShieldWall","floor":48},{"not_picked":["champ:CrownThrow","champ:SwordSigil+1","champ:BerserkerStyle+1"],"picked":"champ:IronFortress+1","floor":49}],"player_experience":1201643,"relics_obtained":[{"floor":6.0,"key":"Regal Pillow"},{"floor":7.0,"key":"Pantograph"},{"floor":8.0,"key":"White Beast Statue"},{"floor":10.0,"key":"Akabeko"},{"floor":23.0,"key":"Du-Vu Doll"},{"floor":25.0,"key":"War Paint"},{"floor":27.0,"key":"hexamod:BolsterEngine"},{"floor":37,"key":"HornCleat"},{"floor":39,"key":"Question Card"},{"floor":41,"key":"Bottled Flame"},{"floor":42,"key":"Boot"}],"event_choices":[{"damage_healed":0.0,"max_hp_gain":0.0,"max_hp_loss":0.0,"gold_gain":0.0,"event_name":"Upgrade Shrine","player_choice":"Upgraded","floor":4.0,"gold_loss":0.0,"damage_taken":0.0,"cards_upgraded":["champ:Execute"]}],"is_beta":false,"boss_relics":[{"not_picked":["Sozu","Calling Bell"],"picked":"Fusion Hammer"},{"not_picked":["Tiny House","Busted Crown"],"picked":"SacredBark"}],"items_purged_floors":[20,36],"is_endless":false,"potions_floor_spawned":[8,10,11,12,13,14,15,16,19,20,21,22,23,25,27,28,30,31,32,33,36,37,38,39,40,42,43,45,48,49],"killed_by":"downfall:CharBossMerchant","ascension_level":3}}