{"host":"jak4ncvfzor9mys0","time":1608317618,"event":{"mods":["2.2 Compatiblity","AchievementEnabler","BaseMod","Better Altar","Better Match","Better Note","Better Sensory Stone","Better Skull","Better Third Choice","BetterRewards","Block Reminder","Colored Map","Colored Powertips","Energized Spire","Gold Saver","Hubris","Infinite Spire","Key Reminder","Minty Spire (QoL Compilation)","Rare Cards Sparkle","Red Circlet Mod","Relic Sorter","Relic Stats","Replay The Spire","Retaliation","StSLib","SuperFastMode","The Blue Laboratory"],"gold_per_floor":[415,429,42,142,164,164,221,244,267,298,298,5,5,45,45,173,173,215,255,303,303,303,363,363,400,426,426,476,476,514,546,546,582,582],"floor_reached":33,"playtime":1266,"items_purged":["Strike_B","Defend_B","Strike_B"],"score":271,"play_id":"dbfb413e-b96f-47bc-b186-d8ad7dbb3d3e","local_time":"20201218105338","is_ascension_mode":false,"campfire_choices":[{"data":"Zap","floor":6,"key":"SMITH"},{"data":"Redo","floor":11,"key":"SMITH"},{"data":"Dualcast","floor":13,"key":"SMITH"},{"data":"Stack","floor":15,"key":"SMITH"},{"data":"Leap","floor":24,"key":"SMITH"},{"data":"infinitespire:Oblivion","floor":32,"key":"SMITH"}],"circlet_count":0,"master_deck":["Strike_B","Strike_B+1","Defend_B","Defend_B","Defend_B+1","Zap+1","Dualcast+1","Cold Snap","Stack+1","Leap+1","Chill","Redo+1","Sweeping Beam+1","Ball Lightning","Conserve Battery","infinitespire:Oblivion+1"],"relics":["Cracked Core","infinitespire:CursedDice","Pen Nib","NeowsBlessing","Replay:Bandana","Replay:Frozen Program","Simple Rune","Strawberry","TheAbacus","Busted Crown","Replay:Wax Seal","Ice Cream"],"acts_visited":["Exordium","TheCity"],"potions_floor_usage":[7,16,23,28,28,33,33],"damage_taken":[{"damage":0,"enemies":"Jaw Worm","floor":1,"turns":1},{"damage":0,"enemies":"Cultist","floor":2,"turns":1},{"damage":0,"enemies":"2 Louse","floor":5,"turns":1},{"damage":27,"enemies":"Gremlin Nob","floor":7,"turns":5},{"damage":0,"enemies":"Blue Slaver","floor":8,"turns":4},{"damage":1,"enemies":"3 Louse","floor":10,"turns":3},{"damage":0,"enemies":"Lots of Slimes","floor":14,"turns":4},{"damage":11,"enemies":"Hexaghost","floor":16,"turns":9},{"damage":4,"enemies":"2 Thieves","floor":18,"turns":4},{"damage":0,"enemies":"3 Byrds","floor":19,"turns":4},{"damage":0,"enemies":"Centurion and Healer","floor":20,"turns":5},{"damage":7,"enemies":"Nightmare","floor":23,"turns":9},{"damage":0,"enemies":"Snecko","floor":25,"turns":6},{"damage":0,"enemies":"3 Cultists","floor":28,"turns":4},{"damage":0,"enemies":"Sentry and Sphere","floor":30,"turns":4},{"damage":0,"enemies":"Snecko","floor":31,"turns":4},{"damage":71,"enemies":"Pondfish","floor":33,"turns":20}],"seed_played":"8151732598784894791","potions_obtained":[{"floor":5,"key":"DuplicationPotion"},{"floor":7,"key":"LiquidBronze"},{"floor":8,"key":"Explosive Potion"},{"floor":10,"key":"blueLaboratory:Moonshine"},{"floor":19,"key":"blueLaboratory:SystemWipe"},{"floor":23,"key":"ColorlessPotion"},{"floor":28,"key":"Fire Potion"},{"floor":30,"key":"SpeedPotion"},{"floor":31,"key":"Block Potion"}],"is_trial":false,"path_per_floor":["M","M","$","?","M","R","E","M","T","M","R","$","R","M","R","B",null,"M","M","M","?","?","NM","R","M","T","T","M","AVR","M","M","R","B"],"character_chosen":"DEFECT","items_purchased":["Replay:Bandana","Replay:Frozen Program","TheAbacus","Sweeping Beam"],"campfire_rested":0,"item_purchase_floors":[3,3,12,12],"current_hp_per_floor":[75,75,75,75,75,75,48,48,55,54,54,54,54,54,54,43,82,78,78,78,78,78,71,71,71,71,71,71,71,71,71,71,0,0],"gold":582,"neow_bonus":"THREE_ENEMY_KILL","is_daily":false,"chose_seed":false,"campfire_upgraded":6,"win_rate":0.0,"timestamp":1608317618,"path_taken":["M","M","$","?","M","R","E","?","T","M","R","$","R","M","R","BOSS","M","M","M","?","?","NM","R","M","T","?","M","AVR","M","M","R","BOSS"],"items_purchased_type":["Relic","Relic","Relic","Card"],"build_version":"2020-12-13","purchased_purges":3,"victory":false,"max_hp_per_floor":[75,75,75,75,75,75,75,75,82,82,82,82,82,82,82,82,82,82,82,82,82,82,82,82,82,82,82,82,82,82,82,82,82,82],"relic_stats":{"TheAbacus":[126],"Busted Crown":20,"counters":[17,88],"Pen Nib":[4],"obtain_stats":[{"Ice Cream":27,"Replay:Bandana":3,"Replay:Frozen Program":3,"TheAbacus":12,"Busted Crown":17,"NeowsBlessing":0,"infinitespire:CursedDice":23,"Strawberry":9,"Simple Rune":7,"Pen Nib":29,"Replay:Wax Seal":26,"Cracked Core":0},{"Ice Cream":13,"Replay:Bandana":2,"Replay:Frozen Program":2,"TheAbacus":6,"Busted Crown":8,"NeowsBlessing":0,"infinitespire:CursedDice":12,"Strawberry":5,"Simple Rune":4,"Pen Nib":14,"Replay:Wax Seal":13,"Cracked Core":0},{"Ice Cream":56,"Replay:Bandana":2,"Replay:Frozen Program":2,"TheAbacus":15,"Busted Crown":28,"NeowsBlessing":0,"infinitespire:CursedDice":50,"Strawberry":12,"Simple Rune":8,"Pen Nib":60,"Replay:Wax Seal":56,"Cracked Core":0}]},"card_choices":[{"not_picked":["Turbo","ReplayTheSpireMod:Reroute Power"],"picked":"Cold Snap","floor":1},{"not_picked":["Streamline","Reboot"],"picked":"Stack","floor":2},{"not_picked":["Skim","ReplayGash"],"picked":"Leap","floor":5},{"not_picked":["Static Discharge","Barrage"],"picked":"Chill","floor":7},{"not_picked":["Sweeping Beam","Beam Cell"],"picked":"Redo","floor":8},{"not_picked":["Creative AI","ReplaySort","Undo"],"picked":"SKIP","floor":10},{"not_picked":["Rebound","Barrage"],"picked":"Ball Lightning","floor":14},{"not_picked":[],"picked":"Conserve Battery","floor":18},{"not_picked":["Steam"],"picked":"SKIP","floor":19},{"not_picked":["Stack+1"],"picked":"SKIP","floor":20},{"not_picked":["Compile Driver"],"picked":"SKIP","floor":23},{"not_picked":["Compile Driver"],"picked":"SKIP","floor":23},{"not_picked":["Hologram"],"picked":"SKIP","floor":25},{"not_picked":["Force Field"],"picked":"SKIP","floor":28},{"not_picked":["Sweeping Beam+1"],"picked":"SKIP","floor":30},{"not_picked":["Gash"],"picked":"SKIP","floor":31}],"player_experience":2640014,"relics_obtained":[{"floor":7,"key":"Simple Rune"},{"floor":9,"key":"Strawberry"},{"floor":23,"key":"infinitespire:CursedDice"},{"floor":26,"key":"Replay:Wax Seal"},{"floor":27,"key":"Ice Cream"}],"event_choices":[{"damage_healed":0,"gold_gain":100,"player_choice":"Pray","damage_taken":0,"max_hp_gain":0,"max_hp_loss":0,"event_name":"Golden Shrine","floor":4,"gold_loss":0},{"damage_healed":0,"gold_gain":0,"player_choice":"Forge","damage_taken":0,"max_hp_gain":0,"max_hp_loss":0,"event_name":"Accursed Blacksmith","floor":21,"gold_loss":0,"cards_upgraded":["Sweeping Beam"]},{"cards_removed":["Strike_B"],"damage_healed":0,"gold_gain":0,"player_choice":"Give","damage_taken":0,"max_hp_gain":0,"max_hp_loss":0,"event_name":"betterNote:BetterNote","floor":22,"gold_loss":0,"cards_obtained":["Strike_B"]}],"is_beta":false,"boss_relics":[{"not_picked":["energizedSpire:NeverEndingSparkler","Runic Pyramid"],"picked":"Busted Crown"}],"items_purged_floors":[3,12,29],"is_endless":true,"potions_floor_spawned":[5,7,8,10,19,23,28,30,31],"killed_by":"Pondfish","ascension_level":0}}