{"host":"ovxa65d68iy9l57e","time":1608250170,"event":{"mods":["AchievementEnabler","BaseMod","Colored Map","Minty Spire (QoL Compilation)","Relic Stats","StSLib","The Alterego"],"gold_per_floor":[113,123,133,143,157,157,184,201,247,259,289,326,353,379,391,504,516,540,552,584,611,638,676,688,160,242,242,242,259,1,1,1,106,106,118,198,218,237,292,322,322,335,335,370,387,416,74,85,85,85],"floor_reached":51,"playtime":5183,"items_purged":["Defend_B","Defend_B"],"score":775,"play_id":"56ac67dc-24b6-4842-b3e5-c4254af10973","local_time":"20201218010930","is_ascension_mode":false,"campfire_choices":[{"data":"Hologram","floor":6.0,"key":"SMITH"},{"data":"Reprogram","floor":10.0,"key":"SMITH"},{"floor":15.0,"key":"REST"},{"floor":24,"key":"REST"},{"data":"Hyperbeam","floor":28,"key":"SMITH"},{"floor":32,"key":"REST"},{"floor":41,"key":"REST"},{"data":"Echo Form","floor":49,"key":"SMITH"}],"circlet_count":0,"master_deck":["Strike_B","Strike_B","Strike_B","Defend_B","Defend_B","Zap","Dualcast","Leap","Go for the Eyes","Reprogram+1","Doom and Gloom+1","Hologram+1","Coolheaded","Gash","Hologram","Beam Cell+1","FTL","Echo Form+1","Steam+1","Conserve Battery+1","Redo+1","Hyperbeam+1","Master of Strategy","Master of Strategy","Electrodynamics","BootSequence+1","Reinforced Body+1","Streamline+1","Auto Shields+1","Creative AI","Melter+1"],"relics":["Philosopher\u0027s Stone","Letter Opener","MawBank","Blood Vial","Sozu","Ornamental Fan","Sling","Whetstone","Mercury Hourglass","Nunchaku","Kunai","Nuclear Battery","Darkstone Periapt","FossilizedHelix","Centennial Puzzle","Oddly Smooth Stone","Meat on the Bone","Pear","InkBottle"],"acts_visited":["Exordium","TheCity","TheBeyond"],"potions_floor_usage":[16,21],"damage_taken":[{"damage":1.0,"enemies":"Small Slimes","floor":1.0,"turns":4.0},{"damage":0.0,"enemies":"Cultist","floor":2.0,"turns":4.0},{"damage":17.0,"enemies":"Jaw Worm","floor":3.0,"turns":5.0},{"damage":0.0,"enemies":"Red Slaver","floor":4.0,"turns":4.0},{"damage":0.0,"enemies":"Large Slime","floor":5.0,"turns":5.0},{"damage":20.0,"enemies":"Gremlin Nob","floor":7.0,"turns":4.0},{"damage":7.0,"enemies":"Exordium Wildlife","floor":8.0,"turns":3.0},{"damage":8.0,"enemies":"Exordium Thugs","floor":11.0,"turns":4.0},{"damage":8.0,"enemies":"3 Sentries","floor":12.0,"turns":4.0},{"damage":0.0,"enemies":"Lots of Slimes","floor":13.0,"turns":3.0},{"damage":3.0,"enemies":"Gremlin Gang","floor":14.0,"turns":3.0},{"damage":21,"enemies":"Slime Boss","floor":16,"turns":7},{"damage":15,"enemies":"Spheric Guardian","floor":18,"turns":5},{"damage":0,"enemies":"Shell Parasite","floor":20,"turns":5},{"damage":1,"enemies":"Chosen and Byrds","floor":21,"turns":6},{"damage":23,"enemies":"Shelled Parasite and Fungi","floor":22,"turns":6},{"damage":32,"enemies":"Gremlin Leader","floor":23,"turns":8},{"damage":0,"enemies":"3 Cultists","floor":29,"turns":4},{"damage":9,"enemies":"Collector","floor":33,"turns":5},{"damage":3,"enemies":"3 Darklings","floor":35,"turns":3},{"damage":1,"enemies":"Orb Walker","floor":37,"turns":3},{"damage":6,"enemies":"Maw","floor":38,"turns":7},{"damage":11,"enemies":"2 Orb Walkers","floor":39,"turns":4},{"damage":23,"enemies":"Giant Head","floor":40,"turns":6},{"damage":0,"enemies":"Spire Growth","floor":42,"turns":5},{"damage":27,"enemies":"Reptomancer","floor":44,"turns":6},{"damage":0,"enemies":"Transient","floor":45,"turns":5},{"damage":0,"enemies":"Nemesis","floor":46,"turns":5},{"damage":0,"enemies":"3 Darklings","floor":48,"turns":2},{"damage":33,"enemies":"Donu and Deca","floor":50,"turns":9}],"seed_played":"-1987735196986055297","potions_obtained":[{"floor":4.0,"key":"EssenceOfDarkness"},{"floor":5.0,"key":"DuplicationPotion"},{"floor":7.0,"key":"GamblersBrew"},{"floor":12.0,"key":"CultistPotion"},{"floor":14.0,"key":"SmokeBomb"},{"floor":16,"key":"Block Potion"}],"is_trial":false,"path_per_floor":["M","M","M","M","M","R","E","M","T","R","M","E","M","M","R","B",null,"M","?","M","M","M","E","R","$","T","?","R","M","$","?","R","B",null,"M","T","M","M","?","E","R","M","T","E","M","E","$","M","R","B",null],"character_chosen":"DEFECT","items_purchased":["Sling","Whetstone","Master of Strategy","Kunai","InkBottle"],"campfire_rested":4,"item_purchase_floors":[25,25,25,30,47],"current_hp_per_floor":[74,74,57,57,57,57,37,30,30,30,22,14,16,15,37,18,75,60,60,62,63,42,12,34,34,34,34,34,36,36,36,58,51,75,72,72,73,69,60,39,61,63,63,38,40,52,52,54,54,35],"gold":85,"neow_bonus":"BOSS_RELIC","is_daily":false,"chose_seed":false,"campfire_upgraded":4,"win_rate":0.0,"timestamp":1608250170,"path_taken":["M","M","M","M","M","R","E","M","T","R","M","E","M","M","R","BOSS","M","?","M","M","?","E","R","$","T","?","R","M","$","?","R","BOSS","M","?","M","M","?","E","R","M","T","E","M","E","?","M","R","BOSS"],"items_purchased_type":["Relic","Relic","Card","Relic","Relic"],"build_version":"2020-12-13","purchased_purges":2,"victory":true,"max_hp_per_floor":[75,75,75,75,75,75,75,75,75,75,75,75,75,75,75,75,75,75,75,75,75,75,75,75,75,75,75,75,75,75,75,75,75,75,75,75,75,75,75,75,75,75,75,75,75,85,85,85,85,85],"relic_stats":{"Darkstone Periapt":0,"counters":[30,144],"Letter Opener":[403],"Whetstone":["Doom and Gloom","Beam Cell"],"MawBank":192,"Mercury Hourglass":[260],"Blood Vial":38,"Sozu":5,"Nunchaku":[15],"Centennial Puzzle":[6],"Ornamental Fan":[108],"Kunai":[25],"obtain_stats":[{"Darkstone Periapt":36,"Pear":46,"Oddly Smooth Stone":43,"Letter Opener":7,"Whetstone":25,"MawBank":9,"Sling":25,"Mercury Hourglass":26,"Nuclear Battery":34,"Blood Vial":12,"Sozu":17,"Nunchaku":27,"Centennial Puzzle":40,"Ornamental Fan":23,"Philosopher\u0027s Stone":0,"Kunai":30,"Cracked Core":0,"FossilizedHelix":39,"InkBottle":47,"Meat on the Bone":44},{"Darkstone Periapt":20,"Pear":28,"Oddly Smooth Stone":25,"Letter Opener":6,"Whetstone":17,"MawBank":7,"Sling":17,"Mercury Hourglass":17,"Nuclear Battery":19,"Blood Vial":9,"Sozu":12,"Nunchaku":17,"Centennial Puzzle":24,"Ornamental Fan":17,"Philosopher\u0027s Stone":0,"Kunai":18,"Cracked Core":0,"FossilizedHelix":23,"InkBottle":28,"Meat on the Bone":26},{"Darkstone Periapt":92,"Pear":133,"Oddly Smooth Stone":117,"Letter Opener":26,"Whetstone":80,"MawBank":29,"Sling":80,"Mercury Hourglass":80,"Nuclear Battery":89,"Blood Vial":37,"Sozu":50,"Nunchaku":80,"Centennial Puzzle":112,"Ornamental Fan":80,"Philosopher\u0027s Stone":0,"Kunai":84,"Cracked Core":0,"FossilizedHelix":106,"InkBottle":133,"Meat on the Bone":123}],"InkBottle":[6],"Meat on the Bone":12},"card_choices":[{"not_picked":["Hologram","Go for the Eyes"],"picked":"Leap","floor":1.0},{"not_picked":["Tempest","Coolheaded"],"picked":"Go for the Eyes","floor":2.0},{"not_picked":["Conserve Battery","Hello World"],"picked":"Reprogram","floor":3.0},{"not_picked":["Redo","BootSequence"],"picked":"Doom and Gloom","floor":4.0},{"not_picked":["Sweeping Beam","Compile Driver"],"picked":"Hologram","floor":5.0},{"not_picked":["Stack","Cold Snap"],"picked":"Coolheaded","floor":7.0},{"not_picked":["Stack","Seek"],"picked":"Gash","floor":8.0},{"not_picked":["Ball Lightning","Recycle"],"picked":"Hologram","floor":11.0},{"not_picked":["Rainbow","Barrage","Darkness"],"picked":"SKIP","floor":12.0},{"not_picked":["Reinforced Body","Barrage"],"picked":"Beam Cell","floor":13.0},{"not_picked":["Static Discharge","Beam Cell"],"picked":"FTL","floor":14.0},{"not_picked":["Biased Cognition","Fission"],"picked":"Echo Form","floor":16},{"not_picked":["Gash","Redo"],"picked":"Steam+1","floor":18},{"not_picked":["Beam Cell","Double Energy"],"picked":"Conserve Battery+1","floor":20},{"not_picked":["Stack+1","Aggregate"],"picked":"Redo+1","floor":21},{"not_picked":["Lockon","Static Discharge+1","Storm+1"],"picked":"SKIP","floor":22},{"not_picked":["Glacier","Force Field"],"picked":"Hyperbeam","floor":23},{"not_picked":["Aggregate","Lockon","Steam+1"],"picked":"SKIP","floor":29},{"not_picked":["Rainbow","Echo Form"],"picked":"Electrodynamics","floor":33},{"not_picked":["Steam+1","Turbo+1"],"picked":"BootSequence+1","floor":35},{"not_picked":["Sweeping Beam+1","Barrage"],"picked":"Reinforced Body+1","floor":37},{"not_picked":["Aggregate+1","Consume+1"],"picked":"Streamline+1","floor":38},{"not_picked":["Streamline+1","Reinforced Body"],"picked":"Auto Shields+1","floor":39},{"not_picked":["Stack","Aggregate"],"picked":"Creative AI","floor":40},{"not_picked":["Go for the Eyes+1","Stack","Gash"],"picked":"SKIP","floor":42},{"not_picked":["Doom and Gloom","Leap"],"picked":"Melter+1","floor":44},{"not_picked":["Gash+1","Barrage","Rebound+1"],"picked":"SKIP","floor":45},{"not_picked":["FTL","Hello World","Chaos"],"picked":"SKIP","floor":46},{"not_picked":["Compile Driver+1","Hello World","Electrodynamics"],"picked":"SKIP","floor":48}],"player_experience":210911,"relics_obtained":[{"floor":7.0,"key":"Letter Opener"},{"floor":9.0,"key":"MawBank"},{"floor":12.0,"key":"Blood Vial"},{"floor":23,"key":"Ornamental Fan"},{"floor":26,"key":"Mercury Hourglass"},{"floor":36,"key":"Darkstone Periapt"},{"floor":39,"key":"FossilizedHelix"},{"floor":40,"key":"Centennial Puzzle"},{"floor":43,"key":"Oddly Smooth Stone"},{"floor":44,"key":"Meat on the Bone"},{"floor":46,"key":"Pear"}],"event_choices":[{"cards_removed":["Strike_B"],"damage_healed":0,"gold_gain":0,"player_choice":"Purged","damage_taken":0,"max_hp_gain":0,"max_hp_loss":0,"event_name":"Purifier","floor":19,"gold_loss":0},{"damage_healed":0,"gold_gain":0,"player_choice":"Opened","damage_taken":0,"relics_obtained":["Nunchaku"],"max_hp_gain":0,"max_hp_loss":0,"event_name":"The Mausoleum","floor":27,"gold_loss":0},{"damage_healed":0,"gold_gain":0,"player_choice":"Copied","damage_taken":0,"max_hp_gain":0,"max_hp_loss":0,"event_name":"Duplicator","floor":31,"gold_loss":0,"cards_obtained":["Master of Strategy"]},{"damage_healed":0,"gold_gain":0,"player_choice":"Fight","damage_taken":0,"max_hp_gain":0,"max_hp_loss":0,"event_name":"Mysterious Sphere","floor":39,"gold_loss":0}],"is_beta":false,"boss_relics":[{"not_picked":["Cursed Key","Calling Bell"],"picked":"Sozu"},{"not_picked":["Runic Pyramid","Busted Crown"],"picked":"Nuclear Battery"}],"items_purged_floors":[25,47],"is_endless":false,"potions_floor_spawned":[4,5,7,12,14,16,20,22,39,40,45],"ascension_level":0}}