{"host":"3t6uby4o5waaq95r","time":1608328892,"event":{"mods":["AchievementEnabler","BaseMod","Bestiary","Colored Map","Highlight Path","Minty Spire (QoL Compilation)","Permanent Neow","Quick Restart","Random Character Button","SuperFastMode"],"gold_per_floor":[114,132,148,323,323,340,340,368,449,449,462,478,478,493,493,589,589,600,600,600,611,114,146,161,161,161,161,261,261,6,19,19,124,124,138,138,148,199,199,199,219,219,219,37,0,0,0,350,350,350],"floor_reached":51,"playtime":1601,"items_purged":["Doubt"],"score":913,"play_id":"a88efc4c-22d8-45c0-8781-ab67cc4d8f8a","local_time":"20201218160132","is_ascension_mode":false,"campfire_choices":[{"data":"Poisoned Stab","floor":7,"key":"SMITH"},{"floor":10,"key":"REST"},{"floor":15,"key":"REST"},{"floor":25,"key":"REST"},{"floor":29,"key":"REST"},{"data":"Distraction","floor":32,"key":"SMITH"},{"data":"Neutralize","floor":40,"key":"SMITH"},{"floor":42,"key":"DIG"},{"floor":49,"key":"DIG"}],"circlet_count":0,"master_deck":["Strike_G","Strike_G","Strike_G","Strike_G","Defend_G","Defend_G","Defend_G","Defend_G","Defend_G","Survivor","Neutralize+1","Blur","Masterful Stab","Flying Knee","Bane","Poisoned Stab+1","Crippling Poison","Dodge and Roll","Die Die Die","Defend_R","Noxious Fumes","Envenom","Choke","Flash of Steel","Distraction+1","Quick Slash","Phantasmal Killer","CurseOfTheBell","Acrobatics+1","Blade Dance+1","Endless Agony+1","Concentrate+1"],"relics":["Ring of the Snake","Happy Flower","StoneCalendar","The Courier","Busted Crown","MealTicket","Nilry\u0027s Codex","Membership Card","The Specimen","Centennial Puzzle","Oddly Smooth Stone","Snake Skull","Juzu Bracelet","Kunai","Regal Pillow","Bag of Marbles","Dead Branch","Calling Bell","Anchor","Pear","WingedGreaves","Shovel","Pantograph","Molten Egg 2","FossilizedHelix","Blood Vial","Red Mask","Old Coin","Lizard Tail"],"acts_visited":["Exordium","TheCity","TheBeyond"],"potions_floor_usage":[8,16,33,33,48,48,50],"damage_taken":[{"damage":0,"enemies":"Cultist","floor":1,"turns":3},{"damage":9,"enemies":"2 Louse","floor":2,"turns":3},{"damage":0,"enemies":"Small Slimes","floor":3,"turns":3},{"damage":2,"enemies":"Exordium Thugs","floor":6,"turns":4},{"damage":26,"enemies":"3 Sentries","floor":8,"turns":10},{"damage":8,"enemies":"Exordium Wildlife","floor":11,"turns":4},{"damage":2,"enemies":"2 Fungi Beasts","floor":12,"turns":2},{"damage":11,"enemies":"Exordium Thugs","floor":14,"turns":4},{"damage":24,"enemies":"Hexaghost","floor":16,"turns":9},{"damage":20,"enemies":"2 Thieves","floor":18,"turns":5},{"damage":4,"enemies":"3 Byrds","floor":21,"turns":4},{"damage":8,"enemies":"Slavers","floor":23,"turns":4},{"damage":24,"enemies":"Snake Plant","floor":24,"turns":4},{"damage":11,"enemies":"Sentry and Sphere","floor":31,"turns":4},{"damage":32,"enemies":"Automaton","floor":33,"turns":8},{"damage":0,"enemies":"3 Shapes","floor":35,"turns":2},{"damage":24,"enemies":"3 Darklings","floor":37,"turns":6},{"damage":39,"enemies":"2 Orb Walkers","floor":38,"turns":5},{"damage":12,"enemies":"Writhing Mass","floor":41,"turns":5},{"damage":0,"enemies":"Mind Bloom Boss Battle","floor":48,"turns":3},{"damage":36,"enemies":"Donu and Deca","floor":50,"turns":4}],"seed_played":"7184491475441073525","potions_obtained":[{"floor":2,"key":"Fire Potion"},{"floor":8,"key":"Explosive Potion"},{"floor":11,"key":"AttackPotion"},{"floor":12,"key":"Dexterity Potion"},{"floor":23,"key":"DistilledChaos"},{"floor":33,"key":"Swift Potion"},{"floor":35,"key":"DistilledChaos"},{"floor":48,"key":"Swift Potion"}],"is_trial":false,"path_per_floor":["M","M","M","?","?","M","R","E","T","R","M","M","?","M","R","B",null,"M","?","?","M","$","E","M","R","T","?","?","R","$","M","R","B",null,"M","?","M","?","?","R","M","R","T","$","?","$","?","?","R","B",null],"character_chosen":"THE_SILENT","items_purchased":["Membership Card","The Specimen","Centennial Puzzle","Oddly Smooth Stone","Snake Skull","Flash of Steel","Regal Pillow","Bag of Marbles","Distraction","Dead Branch","FossilizedHelix","Blood Vial"],"campfire_rested":4,"item_purchase_floors":[22,22,22,22,22,22,30,30,30,30,44,44],"current_hp_per_floor":[70,61,61,61,61,59,59,33,33,54,46,44,44,33,54,30,70,50,50,34,30,45,37,13,34,34,34,34,55,70,59,59,27,80,80,80,56,17,70,70,58,58,58,70,70,70,70,70,70,34],"gold":350,"neow_bonus":"RANDOM_COMMON_RELIC","is_daily":false,"chose_seed":false,"campfire_upgraded":3,"win_rate":0.0,"timestamp":1608328892,"path_taken":["M","M","M","?","?","M","R","E","T","R","?","M","?","?","R","BOSS","M","?","?","M","$","E","M","R","T","?","?","R","?","M","R","BOSS","M","?","M","?","?","R","M","R","T","$","?","$","?","?","R","BOSS"],"items_purchased_type":["Relic","Relic","Relic","Relic","Relic","Card","Relic","Relic","Card","Relic","Relic","Relic"],"build_version":"2020-12-13","purchased_purges":1,"victory":true,"max_hp_per_floor":[70,70,70,70,70,70,70,70,70,70,70,70,70,70,70,70,70,70,70,70,70,70,70,70,70,70,70,70,70,70,70,70,70,80,80,80,80,80,70,70,70,70,70,70,70,70,70,70,70,70],"card_choices":[{"not_picked":["Cloak And Dagger","Flying Knee"],"picked":"Blur","floor":1},{"not_picked":["Dagger Throw","Calculated Gamble"],"picked":"Masterful Stab","floor":2},{"not_picked":["Dodge and Roll","Prepared"],"picked":"Flying Knee","floor":3},{"not_picked":["Backflip","Bane"],"picked":"Poisoned Stab","floor":6},{"not_picked":["Deflect","Flechettes"],"picked":"Crippling Poison","floor":8},{"not_picked":["Deflect","Cloak And Dagger"],"picked":"Dodge and Roll","floor":11},{"not_picked":["Flying Knee","Dagger Spray"],"picked":"Die Die Die","floor":12},{"not_picked":["Quick Slash","Masterful Stab"],"picked":"Noxious Fumes","floor":14},{"not_picked":["Grand Finale","Wraith Form v2"],"picked":"Envenom","floor":16},{"not_picked":[],"picked":"Choke","floor":21},{"not_picked":["Acrobatics"],"picked":"SKIP","floor":23},{"not_picked":[],"picked":"Masterful Stab+1","floor":24},{"not_picked":[],"picked":"Quick Slash","floor":31},{"not_picked":[],"picked":"Phantasmal Killer","floor":33},{"not_picked":[],"picked":"Acrobatics+1","floor":35},{"not_picked":[],"picked":"Blade Dance+1","floor":37},{"not_picked":[],"picked":"Endless Agony+1","floor":38},{"not_picked":["Dagger Throw"],"picked":"SKIP","floor":41},{"not_picked":[],"picked":"Concentrate+1","floor":48}],"player_experience":775828,"relics_obtained":[{"floor":8,"key":"StoneCalendar"},{"floor":9,"key":"The Courier"},{"floor":20,"key":"Nilry\u0027s Codex"},{"floor":23,"key":"Juzu Bracelet"},{"floor":26,"key":"Kunai"},{"floor":34,"key":"Anchor"},{"floor":34,"key":"Pear"},{"floor":34,"key":"WingedGreaves"},{"floor":38,"key":"Shovel"},{"floor":42,"key":"Pantograph"},{"floor":43,"key":"Molten Egg 2"},{"floor":48,"key":"Old Coin"},{"floor":49,"key":"Lizard Tail"}],"event_choices":[{"damage_healed":0,"gold_gain":175,"player_choice":"AGREE","damage_taken":0,"max_hp_gain":0,"max_hp_loss":0,"event_name":"Liars Game","floor":4,"gold_loss":0,"cards_obtained":["Doubt"]},{"damage_healed":0,"gold_gain":0,"player_choice":"2 cards matched","damage_taken":0,"max_hp_gain":0,"max_hp_loss":0,"event_name":"Match and Keep!","floor":5,"gold_loss":0,"cards_obtained":["A Thousand Cuts","Bane"]},{"cards_removed":["A Thousand Cuts"],"damage_healed":0,"gold_gain":0,"player_choice":"Took Card","damage_taken":0,"max_hp_gain":0,"max_hp_loss":0,"event_name":"NoteForYourself","floor":13,"gold_loss":0,"cards_obtained":["Defend_R"]},{"damage_healed":0,"gold_gain":0,"player_choice":"Opened","damage_taken":0,"relics_obtained":["MealTicket"],"max_hp_gain":0,"max_hp_loss":0,"event_name":"The Mausoleum","floor":19,"gold_loss":0},{"damage_healed":0,"gold_gain":0,"player_choice":"Obtained Book","damage_taken":16,"max_hp_gain":0,"max_hp_loss":0,"event_name":"Cursed Tome","floor":20,"gold_loss":0},{"damage_healed":0,"gold_gain":0,"player_choice":"Ignored","damage_taken":0,"max_hp_gain":0,"max_hp_loss":0,"event_name":"Ghosts","floor":27,"gold_loss":0},{"damage_healed":0,"gold_gain":100,"player_choice":"Pray","damage_taken":0,"max_hp_gain":0,"max_hp_loss":0,"event_name":"Golden Shrine","floor":28,"gold_loss":0},{"cards_removed":["Masterful Stab"],"damage_healed":0,"gold_gain":0,"player_choice":"Removed Attack","damage_taken":0,"max_hp_gain":0,"max_hp_loss":0,"event_name":"Falling","floor":36,"gold_loss":0},{"damage_healed":0,"gold_gain":0,"player_choice":"Fight","damage_taken":0,"max_hp_gain":0,"max_hp_loss":0,"event_name":"Mysterious Sphere","floor":38,"gold_loss":0},{"damage_healed":70,"gold_gain":0,"player_choice":"Heal","damage_taken":0,"max_hp_gain":0,"max_hp_loss":10,"event_name":"The Moai Head","floor":39,"gold_loss":0},{"damage_healed":0,"gold_gain":0,"player_choice":"Paid","damage_taken":0,"relics_obtained":["Red Mask"],"max_hp_gain":0,"max_hp_loss":0,"event_name":"Tomb of Lord Red Mask","floor":45,"gold_loss":37},{"cards_removed":["Strike_G"],"damage_healed":0,"gold_gain":0,"player_choice":"Offered Basic","damage_taken":0,"max_hp_gain":0,"max_hp_loss":0,"event_name":"Bonfire Elementals","floor":47,"gold_loss":0},{"damage_healed":0,"gold_gain":0,"player_choice":"Fight","damage_taken":0,"max_hp_gain":0,"max_hp_loss":0,"event_name":"MindBloom","floor":48,"gold_loss":0}],"is_beta":false,"boss_relics":[{"not_picked":["Ring of the Serpent","SacredBark"],"picked":"Busted Crown"},{"not_picked":["Coffee Dripper","Astrolabe"],"picked":"Calling Bell"}],"items_purged_floors":[22],"is_endless":false,"potions_floor_spawned":[2,8,11,12,23,24,31,33,35,41,48],"ascension_level":0}}