{"host":"ktoxvvst1mwxww91","time":1608307775,"event":{"mods":["BaseMod","Downfall","Hermit","Minty Spire (QoL Compilation)","StSLib","The Hierophant","The Mystic","The Necromancer"],"gold_per_floor":[116,126,16,16,34,34,34,34,34,13,25,25,25,45,45,174,174,188,201,23,23,23],"floor_reached":21,"playtime":510,"items_purged":["Dualcast","Coolheaded"],"score":270,"play_id":"57696de7-9151-4ebe-874f-85ccffa5c97a","local_time":"20201218170935","is_ascension_mode":true,"campfire_choices":[{"data":"Capacitor","floor":6,"key":"SMITH"},{"data":"Beam Cell","floor":8,"key":"SMITH"},{"data":"Go for the Eyes","floor":15,"key":"SMITH"}],"circlet_count":0,"master_deck":["AscendersBane","Strike_B","Strike_B","Strike_B","Defend_B","Defend_B","Defend_B","Defend_B","Cold Snap","Beam Cell+1","Capacitor+1","Melter","Hyperbeam","Go for the Eyes+1","Echo Form","Undo","Loop"],"relics":["Philosopher\u0027s Stone","Gremlin Horn","Golden Idol","Runic Pyramid"],"acts_visited":["Exordium","TheCity"],"potions_floor_usage":[2,11,16,19,21],"damage_taken":[{"damage":3.0,"enemies":"Cultist","floor":1.0,"turns":4.0},{"damage":5,"enemies":"2 Louse","floor":2,"turns":2},{"damage":7,"enemies":"Small Slimes","floor":5,"turns":3},{"damage":9,"enemies":"Exordium Thugs","floor":11,"turns":4},{"damage":2,"enemies":"Blue Slaver","floor":14,"turns":4},{"damage":21,"enemies":"Hexaghost","floor":16,"turns":13},{"damage":4,"enemies":"Shell Parasite","floor":18,"turns":4},{"damage":48,"enemies":"3 Byrds","floor":19,"turns":5},{"damage":18,"enemies":"Centurion and Healer","floor":21,"turns":2}],"seed_played":"2478474379885418260","potions_obtained":[{"floor":1.0,"key":"SpeedPotion"},{"floor":5,"key":"PowerPotion"},{"floor":11,"key":"DistilledChaos"},{"floor":16,"key":"Energy Potion"},{"floor":19,"key":"champ:CounterPotion"}],"is_trial":false,"path_per_floor":["M","M","$","?","M","R","$","R","T","?","M","?","?","M","R","B",null,"M","M","$","M"],"character_chosen":"DEFECT","items_purchased":["Capacitor","Loop"],"campfire_rested":0,"item_purchase_floors":[3,20],"current_hp_per_floor":[65,60,60,53,46,46,46,46,46,46,37,37,37,35,35,14,55,51,3,3,0,0],"gold":23,"neow_bonus":"BOSS_RELIC","is_daily":false,"chose_seed":false,"campfire_upgraded":3,"win_rate":0.0,"timestamp":1608307775,"path_taken":["M","M","$","?","M","R","$","R","T","?","M","?","?","?","R","BOSS","M","M","$","M"],"items_purchased_type":["Card","Card"],"build_version":"2020-12-13","purchased_purges":2,"victory":false,"max_hp_per_floor":[75,75,75,75,75,75,75,75,75,75,75,69,69,69,69,69,69,69,69,69,69,69],"card_choices":[{"not_picked":["Recycle","Turbo"],"picked":"Cold Snap","floor":1.0},{"not_picked":["Compile Driver","Reprogram"],"picked":"Beam Cell","floor":2},{"not_picked":["Steam","Rebound"],"picked":"Melter","floor":5},{"not_picked":["Rip and Tear","Force Field"],"picked":"Coolheaded","floor":11},{"not_picked":["Streamline","Doom and Gloom"],"picked":"Go for the Eyes","floor":14},{"not_picked":["Hyperbeam","Seek"],"picked":"Echo Form","floor":16},{"not_picked":["Tempest","Coolheaded","Stack"],"picked":"SKIP","floor":18},{"not_picked":["Streamline","Compile Driver"],"picked":"Undo","floor":19}],"player_experience":1024212,"relics_obtained":[{"floor":9,"key":"Gremlin Horn"}],"event_choices":[{"cards_removed":["Zap"],"damage_healed":0,"gold_gain":0,"player_choice":"Card Removal","damage_taken":7,"max_hp_gain":0,"max_hp_loss":0,"event_name":"Golden Wing","floor":4,"gold_loss":0},{"damage_healed":0,"gold_gain":0,"player_choice":"Left Gold","damage_taken":0,"max_hp_gain":0,"max_hp_loss":0,"event_name":"World of Goop","floor":10,"gold_loss":21},{"damage_healed":0,"gold_gain":0,"player_choice":"Lose Max HP","damage_taken":0,"relics_obtained":["Golden Idol"],"max_hp_gain":0,"max_hp_loss":6,"event_name":"Golden Idol","floor":12,"gold_loss":0},{"damage_healed":0,"gold_gain":0,"cards_transformed":["Strike_B"],"player_choice":"Transformed","damage_taken":0,"max_hp_gain":0,"max_hp_loss":0,"event_name":"Transmorgrifier","floor":13,"gold_loss":0,"cards_obtained":["Hyperbeam"]}],"is_beta":false,"boss_relics":[{"not_picked":["Black Star","Tiny House"],"picked":"Runic Pyramid"}],"items_purged_floors":[3,20],"is_endless":false,"potions_floor_spawned":[1,5,11,16,19],"killed_by":"Centurion and Healer","ascension_level":12}}