{"host":"ecr3kz287jr92u81","time":1608290883,"event":{"mods":["Act Like it!","BaseMod","Dota2Spire","GifTheSpireLib","Hallownest","Lobotomy","LobotomyExtend","Minty Spire (QoL Compilation)","Quick Restart","Replay The Spire","RumiaBox-露米娅的神秘盒子","Spicy Shops","StSLib","[IsaacMod]以撒尖塔","vexMod"],"gold_per_floor":[110,129,143,153,173,173,173,211,211,211,286,299,17,27,27,104,104,115,165,165,179,179,179,192,203,227,227,227],"floor_reached":27,"playtime":1225,"items_purged":["Strike_R"],"score":639,"play_id":"fd75290a-de45-45c1-a310-4a47d5f1735a","local_time":"20201218192803","is_ascension_mode":true,"campfire_choices":[{"data":"Shrug It Off","floor":6.0,"key":"SMITH"},{"data":"Thunderclap","floor":10.0,"key":"SMITH"},{"floor":15.0,"key":"REST"},{"data":"Body Slam","floor":23.0,"key":"SMITH"}],"circlet_count":0,"master_deck":["AscendersBane","Defend_R","Defend_R","Defend_R","Defend_R","Bash","Shrug It Off","ReplayReversal","Rampage+1","Shrug It Off+1","Thunderclap+1","Seeing Red","Body Slam","ReplayTheSpireMod:Stacked","Brutality","Body Slam+1","Bite","Bite","Bite","Bite","Bite","Metallicize","Pommel Strike"],"relics":["Burning Blood","HushsDoor","D6","LetterFromLob","AddBug","SecretRecord","SecretRecord"],"acts_visited":["Exordium","TheCity"],"potions_floor_usage":[],"damage_taken":[{"damage":23.0,"enemies":"Jaw Worm","floor":1.0,"turns":7.0},{"damage":3.0,"enemies":"Cultist","floor":2.0,"turns":4.0},{"damage":1.0,"enemies":"Small Slimes","floor":3.0,"turns":4.0},{"damage":10.0,"enemies":"2 Fungi Beasts","floor":4.0,"turns":4.0},{"damage":8.0,"enemies":"Blue Slaver","floor":5.0,"turns":4.0},{"damage":0.0,"enemies":"Exordium Thugs","floor":12.0,"turns":4.0},{"damage":9.0,"enemies":"3 Louse","floor":14.0,"turns":3.0},{"damage":26.0,"enemies":"The Guardian","floor":16.0,"turns":11.0},{"damage":10.0,"enemies":"Spheric Guardian","floor":18.0,"turns":5.0},{"damage":12.0,"enemies":"2 Thieves","floor":21.0,"turns":4.0},{"damage":64.0,"enemies":"Shelled Parasite and Fungi","floor":24.0,"turns":5.0},{"damage":14.0,"enemies":"Snecko","floor":25.0,"turns":7.0},{"damage":0,"enemies":"3 Cultists","floor":27,"turns":1}],"seed_played":"20794783559621","potions_obtained":[{"floor":1.0,"key":"SteroidPotion"},{"floor":2.0,"key":"Cursed Concoction"},{"floor":4.0,"key":"BlessingOfTheForge"},{"floor":8.0,"key":"Cursed Concoction"},{"floor":14.0,"key":"Elixir"},{"floor":16.0,"key":"PowerPotion"},{"floor":21.0,"key":"FearPotion"}],"is_trial":true,"path_per_floor":["M","M","M","M","M","R","?","?","T","R","?","M","$","M","R","B",null,"M","?","?","M","?","R","M","M","T","M"],"character_chosen":"IRONCLAD","items_purchased":["Body Slam","ReplayTheSpireMod:Stacked"],"campfire_rested":1,"item_purchase_floors":[13,13],"current_hp_per_floor":[51,54,59,55,53,53,53,23,23,23,12,18,18,15,37,17,61,57,57,52,52,52,52,14,30,30,30,30],"gold":227,"neow_bonus":"","is_daily":false,"chose_seed":true,"campfire_upgraded":3,"win_rate":0.0,"timestamp":1608290883,"path_taken":["M","M","M","M","M","R","?","?","T","R","?","M","?","M","R","BOSS","M","?","?","M","?","R","M","M","T","M"],"items_purchased_type":["Card","Card"],"build_version":"2020-12-13","purchased_purges":1,"victory":false,"max_hp_per_floor":[75,75,75,75,75,75,75,75,75,75,75,75,75,75,75,75,75,75,75,52,52,52,52,52,52,52,52,52],"card_choices":[{"not_picked":["Whirlwind","Spot Weakness"],"picked":"Shrug It Off","floor":1.0},{"not_picked":["Infernal Blade","Headbutt"],"picked":"ReplayReversal","floor":2.0},{"not_picked":["Twin Strike","Sever Soul","Havoc"],"picked":"SKIP","floor":3.0},{"not_picked":["Run Through","Iron Wave"],"picked":"Rampage","floor":4.0},{"not_picked":["Spot Weakness","Thunderclap"],"picked":"Shrug It Off","floor":5.0},{"not_picked":["Run Through","Heavy Blade"],"picked":"Bomb","floor":8.0},{"not_picked":["Battle Trance","Clash"],"picked":"Thunderclap","floor":8.0},{"not_picked":["Corruption","Second Wind"],"picked":"Seeing Red","floor":12.0},{"not_picked":["Warcry","Anger","Armaments"],"picked":"SKIP","floor":14.0},{"not_picked":["Hemogenesis","Impervious"],"picked":"Brutality","floor":16.0},{"not_picked":["Searing Blow","Cleave"],"picked":"Body Slam","floor":18.0},{"not_picked":["ReplayTheSpireMod:Strike From Hell+1","Perfected Strike","Warcry"],"picked":"SKIP","floor":21.0},{"not_picked":["Searing Blow","Hemokinesis"],"picked":"Metallicize","floor":24.0},{"not_picked":["Armaments","Rampage"],"picked":"Pommel Strike","floor":25.0}],"player_experience":149476,"relics_obtained":[{"floor":1.0,"key":"LetterFromLob"},{"floor":1.0,"key":"AddBug"},{"floor":8.0,"key":"ZombieArmy"},{"floor":9.0,"key":"Question Card"},{"floor":16.0,"key":"SecretRecord"},{"floor":26.0,"key":"ReplayTheSpireMod:TigerMarble"}],"event_choices":[{"damage_healed":0.0,"max_hp_gain":0.0,"max_hp_loss":0.0,"gold_gain":0.0,"event_name":"Upgrade Shrine","player_choice":"Upgraded","floor":7.0,"gold_loss":0.0,"damage_taken":0.0,"cards_upgraded":["Rampage"]},{"damage_healed":0.0,"max_hp_gain":0.0,"max_hp_loss":0.0,"gold_gain":75.0,"event_name":"World of Goop","player_choice":"Gather Gold","floor":11.0,"gold_loss":0.0,"damage_taken":11.0},{"damage_healed":0.0,"max_hp_gain":0.0,"max_hp_loss":0.0,"gold_gain":50.0,"event_name":"Nest","player_choice":"Stole From Cult","floor":19.0,"gold_loss":0.0,"damage_taken":0.0},{"damage_healed":0.0,"max_hp_gain":0.0,"max_hp_loss":23.0,"gold_gain":0.0,"event_name":"Vampires","player_choice":"Became a vampire","floor":20.0,"gold_loss":0.0,"damage_taken":0.0,"cards_obtained":["Bite","Bite","Bite","Bite","Bite"]}],"is_beta":false,"boss_relics":[{"not_picked":["vexMod:RockOfEvil","AddBug"],"picked":"Runic Dome"},{"not_picked":[]}],"items_purged_floors":[13],"is_endless":true,"potions_floor_spawned":[1,2,4,14,16,21],"killed_by":"3 Cultists","ascension_level":20}}