{"host":"rih3m63woujmecfd","time":1608290485,"event":{"mods":["BaseMod","Lobotomy","LobotomyExtend","Minty Spire (QoL Compilation)","Remilia£®¿Ÿ√◊¿Ú—«£©","Replay The Spire","Shop Mod","StSLib"],"gold_per_floor":[112,125,148,178,206,218,240,252,287,315,327,339,368,391,403,518,530,562,587,614,30,43,43,56,56,56,71,85,99,111,124,124,223,523,535,548,3,22,33,59,89,89,89,89,89,115,148,181,181,278,278,278,278],"floor_reached":52,"playtime":4851,"items_purged":["PunishingBird","CENSORED"],"score":981,"play_id":"392b97ed-da71-4f99-beec-2b995837ff95","local_time":"20201218192125","daily_mods":["Vintage","Heirloom","Time Dilation","Flight","DeadlyEvents","Elite Swarm","Lethality"],"is_ascension_mode":false,"campfire_choices":[],"circlet_count":0,"master_deck":["Mercenary","BigBird","SpecialBullet","SpecialBullet","SpecialBullet","SpecialBullet","SpecialBullet","SpecialBullet","SpecialBullet","ControlCode","InformationCode","SecurityCode","Pot Of Greed+1","Pot Of Greed+1","GreedKing","TrainingCode","BlackSwan","RecordCode","Mimicry","Pot Of Greed","RedShoes","ExtractionCode","Twilight","BlackArmy","Adoration","Adoration"],"relics":["CogitoBucket","StoneCalendar","Grinning Jar","LetterFromLob","MawBank","Pet Ghost","Toy Ornithopter","Mercury Hourglass","Oddly Smooth Stone","SkinProphecy","War Paint","Ice Cream","Blue Doll","Art of War","Black Star","Bag of Preparation","Theresia","Bronze Scales","Blue Candle","MerchantsRug","Replay:Wax Seal","Sling","Regal Pillow","Replay:Mystery Machine","Question Card","MealTicket","AtMidnight","Chameleon Ring","AspirationHeart","Bag of Marbles","HornCleat","Centennial Puzzle","Strawberry","Replay:Grab Bag","SlaversCollar","Busted Crown","Calling Bell","Runic Pyramid","Old Coin","ReplayTheSpireMod:Ninjato","Potion Belt","Bottled Lightning","Lamp_r","ReplayTheSpireMod:Lightbulb","Replay:Rubber Ducky","PreservedInsect","Toolbox","Lantern","Ancient Tea Set","WantedRequest","Replay:Bottled Steam","Bottled Tornado","Replay:Arrowhead","Bird Faced Urn","BranchBurnRelic","Replay:Multitool","Shuriken","Pondfish Scales","Gremlin Horn","SolemnVow_r","StrikeDummy","Counterbalance","Replay:Bronze Core"],"acts_visited":["Exordium","TheCity","TheBeyond","Exordium"],"potions_floor_usage":[22],"damage_taken":[{"damage":0,"enemies":"Cultist","floor":1,"turns":1},{"damage":1,"enemies":"Small Slimes","floor":2,"turns":2},{"damage":15,"enemies":"Jaw Worm","floor":3,"turns":2},{"damage":11,"enemies":"3 Louse","floor":4,"turns":2},{"damage":13,"enemies":"2 Fungi Beasts","floor":5,"turns":2},{"damage":19,"enemies":"Lots of Slimes","floor":7,"turns":2},{"damage":8,"enemies":"Gremlin Gang","floor":10,"turns":2},{"damage":17,"enemies":"Red Slaver","floor":13,"turns":2},{"damage":1,"enemies":"Exordium Wildlife","floor":14,"turns":2},{"damage":54,"enemies":"The Guardian","floor":16,"turns":4},{"damage":57,"enemies":"Shell Parasite","floor":18,"turns":4},{"damage":0,"enemies":"2 Thieves","floor":19,"turns":1},{"damage":26,"enemies":"Shelled Parasite and Fungi","floor":20,"turns":2},{"damage":0,"enemies":"Snake Plant","floor":22,"turns":1},{"damage":0,"enemies":"3 Cultists","floor":24,"turns":2},{"damage":51,"enemies":"Cultist and Chosen","floor":27,"turns":8},{"damage":0,"enemies":"Snake Plant","floor":28,"turns":1},{"damage":0,"enemies":"Sentry and Sphere","floor":29,"turns":1},{"damage":0,"enemies":"Centurion and Healer","floor":30,"turns":1},{"damage":0,"enemies":"3 Cultists","floor":31,"turns":1},{"damage":10,"enemies":"Pondfish","floor":33,"turns":5},{"damage":14,"enemies":"Orb Walker","floor":35,"turns":2},{"damage":9,"enemies":"3 Shapes","floor":36,"turns":3},{"damage":0,"enemies":"Maw","floor":38,"turns":4},{"damage":0,"enemies":"Transient","floor":39,"turns":3},{"damage":27,"enemies":"R_Hoarder","floor":40,"turns":7},{"damage":86,"enemies":"Nemesis","floor":41,"turns":7},{"damage":0,"enemies":"R_Hoarder","floor":46,"turns":1},{"damage":0,"enemies":"Giant Head","floor":47,"turns":2},{"damage":0,"enemies":"R_Hoarder","floor":48,"turns":2},{"damage":7,"enemies":"Donu and Deca","floor":50,"turns":4},{"damage":0,"enemies":"2 Louse","floor":52,"turns":1}],"seed_played":"5206617972687960655","potions_obtained":[{"floor":16,"key":"Strength Potion"},{"floor":33,"key":"SmokeBomb"}],"is_trial":true,"path_per_floor":["M","M","M","M","M","R","M","R","T","M","R","M","M","M","R","B",null,"M","M","M","$","M","R","M","R","T","M","M","M","M","M","R","B",null,"M","M","$","M","M","E","E","R","T","R","R","E","E","E","R","B",null,"M"],"character_chosen":"Angela","items_purchased":["MerchantsRug","Replay:Wax Seal","Sling","Regal Pillow","Block Potion","Replay:Rubber Ducky","PreservedInsect","Toolbox"],"campfire_rested":0,"item_purchase_floors":[21,21,21,21,21,37,37,37],"current_hp_per_floor":[70,70,63,60,60,60,57,57,57,61,61,61,54,63,63,23,78,17,33,24,24,44,44,62,62,62,36,52,71,90,118,118,141,141,147,145,153,155,161,163,133,133,133,133,133,155,177,179,179,185,185,181,181],"gold":278,"neow_bonus":"","is_daily":false,"chose_seed":false,"campfire_upgraded":0,"win_rate":0.0,"timestamp":1608290485,"path_taken":["M","M","M","M","M","R","M","R","T","M","R","M","M","M","R","BOSS","M","M","M","$","M","R","M","R","T","M","M","M","M","M","R","BOSS","M","M","$","M","M","E","E","R","T","R","R","E","E","E","R","BOSS","M"],"items_purchased_type":["Relic","Relic","Relic","Relic","Potion","Relic","Relic","Relic"],"build_version":"2020-12-13","purchased_purges":2,"victory":false,"max_hp_per_floor":[70,70,70,70,70,70,70,70,70,72,72,72,74,76,76,78,78,86,88,90,90,92,92,98,98,98,112,114,120,126,139,139,141,141,147,153,153,155,161,163,165,165,165,165,165,171,177,179,179,185,185,187,187],"card_choices":[{"not_picked":["MHz","SpiderBud"],"picked":"PunishingBird","floor":1},{"not_picked":["SpiderBud","WhitesApple"],"picked":"GreedKing","floor":2},{"not_picked":["OSAHOGD","CherryBlossoms"],"picked":"Funeral","floor":18},{"not_picked":["PunishingBird","Porccubus"],"picked":"DespairKnight","floor":24},{"not_picked":["SingingMachine","PunishingBird"],"picked":"BigBird","floor":29},{"not_picked":["Freischutz","BigBadWolf"],"picked":"BlackSwan","floor":30},{"not_picked":["HeroicMonk","Rudolta"],"picked":"CENSORED","floor":31},{"not_picked":["Adoration","Twilight"],"picked":"Mimicry","floor":33},{"not_picked":["NakedNest","LaLuna"],"picked":"Mercenary","floor":35},{"not_picked":["Freischutz","RedShoes"],"picked":"QueenOfHatred","floor":36},{"not_picked":["Scarecrow","NakedNest"],"picked":"RedShoes","floor":39},{"not_picked":["Mimicry"],"picked":"SKIP","floor":40},{"not_picked":["Justitia"],"picked":"SKIP","floor":41},{"not_picked":["WhitesApple","Rudolta"],"picked":"BlueStar","floor":46},{"not_picked":["SoundOfStar"],"picked":"SKIP","floor":46},{"not_picked":["Twilight"],"picked":"SKIP","floor":46},{"not_picked":["SoundOfStar"],"picked":"SKIP","floor":46},{"not_picked":["Twilight"],"picked":"SKIP","floor":46},{"not_picked":["LongBird","Laetitia"],"picked":"Funeral","floor":47},{"not_picked":[],"picked":"Twilight","floor":47},{"not_picked":["TheSmile"],"picked":"SKIP","floor":47},{"not_picked":["TheSmile"],"picked":"SKIP","floor":48},{"not_picked":["Mimicry"],"picked":"SKIP","floor":48},{"not_picked":["WhitesApple","DreamingCurrent"],"picked":"BlackArmy","floor":50},{"not_picked":["DaCapo"],"picked":"Adoration","floor":50},{"not_picked":["SoundOfStar"],"picked":"Adoration","floor":50}],"player_experience":125350,"relics_obtained":[{"floor":1,"key":"Grinning Jar"},{"floor":1,"key":"LetterFromLob"},{"floor":2,"key":"MawBank"},{"floor":3,"key":"Pet Ghost"},{"floor":4,"key":"Toy Ornithopter"},{"floor":5,"key":"Mercury Hourglass"},{"floor":7,"key":"Oddly Smooth Stone"},{"floor":9,"key":"War Paint"},{"floor":10,"key":"Ice Cream"},{"floor":13,"key":"Blue Doll"},{"floor":14,"key":"Art of War"},{"floor":18,"key":"Bag of Preparation"},{"floor":19,"key":"Bronze Scales"},{"floor":20,"key":"Blue Candle"},{"floor":22,"key":"Replay:Mystery Machine"},{"floor":24,"key":"Question Card"},{"floor":26,"key":"MealTicket"},{"floor":27,"key":"AtMidnight"},{"floor":27,"key":"Chameleon Ring"},{"floor":28,"key":"Bag of Marbles"},{"floor":29,"key":"HornCleat"},{"floor":30,"key":"Centennial Puzzle"},{"floor":31,"key":"Strawberry"},{"floor":34,"key":"Old Coin"},{"floor":34,"key":"ReplayTheSpireMod:Ninjato"},{"floor":34,"key":"Potion Belt"},{"floor":35,"key":"Bottled Lightning"},{"floor":36,"key":"ReplayTheSpireMod:Lightbulb"},{"floor":38,"key":"Lantern"},{"floor":39,"key":"Ancient Tea Set"},{"floor":40,"key":"Replay:Bottled Steam"},{"floor":40,"key":"Bottled Tornado"},{"floor":41,"key":"Replay:Arrowhead"},{"floor":41,"key":"Bird Faced Urn"},{"floor":43,"key":"Dead Branch"},{"floor":46,"key":"Replay:Multitool"},{"floor":46,"key":"Shuriken"},{"floor":47,"key":"Pondfish Scales"},{"floor":47,"key":"Gremlin Horn"},{"floor":48,"key":"StrikeDummy"},{"floor":48,"key":"Counterbalance"}],"event_choices":[],"is_beta":false,"boss_relics":[{"not_picked":["Astrolabe","Honey Jar"],"picked":"Black Star"},{"not_picked":["Kintsugi","ChewingGum"],"picked":"Replay:Grab Bag"},{"not_picked":["Velvet Choker","Sozu"],"picked":"SlaversCollar"},{"not_picked":["Runic Dome","Coffee Dripper"],"picked":"Busted Crown"},{"not_picked":["Ring of Chaos","Snecko Eye"],"picked":"Calling Bell"},{"not_picked":["Tiny House","Snecko Heart"],"picked":"Runic Pyramid"},{"not_picked":["Replay:Drink Me","Replay:Wanted Poster"],"picked":"Replay:Bronze Core"}],"items_purged_floors":[21,37],"is_endless":true,"potions_floor_spawned":[16,33],"killed_by":"2 Louse","ascension_level":0}}