{"host":"TheHustler","time":1608299276,"event":{"mods":["BaseMod","Block Reminder","Colored Map","Colored Powertips","Minty Spire (QoL Compilation)","Quick Restart","StSLib","SuperFastMode","Unceasing Turn Reminder"],"gold_per_floor":[118,118,137,153,172,172,499,649,649,649,649,394,413,96,96,168,168,185,21,71,71,85,85,115,115,187,200,9,9,9,9],"floor_reached":30,"playtime":570,"items_purged":["Doubt","Strike_B","Defend_B","Defend_B"],"score":492,"play_id":"ca3cc1fc-f12d-460b-a638-64ae03fd45dd","local_time":"20201218144756","is_ascension_mode":true,"campfire_choices":[{"data":"Zap","floor":6.0,"key":"SMITH"},{"data":"Lockon","floor":11,"key":"SMITH"},{"data":"Metamorphosis","floor":15,"key":"SMITH"},{"data":"Apotheosis","floor":23,"key":"SMITH"},{"floor":25,"key":"REST"},{"data":"Defragment","floor":29,"key":"SMITH"}],"circlet_count":0,"master_deck":["AscendersBane","Strike_B+1","Strike_B","Defend_B","Defend_B","Zap+1","Dualcast","Leap","Self Repair","Glacier","Rip and Tear+1","Lockon+1","Metamorphosis+1","BootSequence","Apotheosis+1","Electrodynamics","Sweeping Beam","Defragment+1","Core Surge","Steam","FTL"],"relics":["Cracked Core","NeowsBlessing","MealTicket","Old Coin","Shuriken","Sozu","Whetstone","Mummified Hand"],"acts_visited":["Exordium","TheCity"],"potions_floor_usage":[16],"damage_taken":[{"damage":0.0,"enemies":"2 Louse","floor":1.0,"turns":1.0},{"damage":0.0,"enemies":"Jaw Worm","floor":3.0,"turns":1.0},{"damage":0.0,"enemies":"Cultist","floor":4.0,"turns":1.0},{"damage":6.0,"enemies":"Blue Slaver","floor":5.0,"turns":5.0},{"damage":27,"enemies":"Lagavulin","floor":7,"turns":10},{"damage":16,"enemies":"Lots of Slimes","floor":13,"turns":4},{"damage":16,"enemies":"Hexaghost","floor":16,"turns":9},{"damage":10,"enemies":"Spheric Guardian","floor":18,"turns":5},{"damage":33,"enemies":"2 Thieves","floor":22,"turns":4},{"damage":50,"enemies":"Book of Stabbing","floor":24,"turns":5},{"damage":0,"enemies":"Centurion and Healer","floor":27,"turns":5},{"damage":71,"enemies":"Slavers","floor":30,"turns":4}],"seed_played":"-7823232866298163580","potions_obtained":[{"floor":4.0,"key":"LiquidMemories"},{"floor":5.0,"key":"FairyPotion"}],"is_trial":false,"path_per_floor":["M","?","M","M","M","R","E","?","T","?","R","$","M","$","R","B",null,"M","$","?","?","M","R","E","R","T","M","$","R","E"],"character_chosen":"DEFECT","items_purchased":["Metamorphosis","Apotheosis","Defragment","FTL"],"campfire_rested":1,"item_purchase_floors":[12,14,19,28],"current_hp_per_floor":[64,53,53,53,54,54,34,34,34,24,24,39,30,45,45,36,62,62,71,71,71,45,45,23,44,44,51,66,66,0,0],"gold":9,"neow_bonus":"THREE_ENEMY_KILL","is_daily":false,"chose_seed":false,"campfire_upgraded":5,"win_rate":0.0,"timestamp":1608299276,"path_taken":["M","?","M","M","M","R","E","?","T","?","R","$","M","$","R","BOSS","M","$","?","?","M","R","E","R","T","M","$","R","E"],"items_purchased_type":["Card","Card","Card","Card"],"build_version":"2020-12-17","purchased_purges":4,"victory":false,"max_hp_per_floor":[71,71,71,71,71,71,71,71,71,71,71,71,71,71,71,71,71,71,71,71,71,71,71,71,71,71,71,71,71,71,71],"card_choices":[{"not_picked":["Streamline","Recycle"],"picked":"Leap","floor":1.0},{"not_picked":["Recycle","Streamline"],"picked":"Self Repair","floor":3.0},{"not_picked":["Streamline","Sweeping Beam"],"picked":"Glacier","floor":4.0},{"not_picked":["Genetic Algorithm","Streamline"],"picked":"Rip and Tear","floor":5.0},{"not_picked":["Amplify","Redo"],"picked":"Lockon","floor":7},{"not_picked":["Barrage","Double Energy"],"picked":"BootSequence","floor":13},{"not_picked":["Echo Form","Machine Learning"],"picked":"Electrodynamics","floor":16},{"not_picked":["Streamline","Glacier"],"picked":"Sweeping Beam","floor":18},{"not_picked":["Sweeping Beam","Stack"],"picked":"Steam","floor":22},{"not_picked":["Rip and Tear","Gash","Static Discharge"],"picked":"SKIP","floor":24},{"not_picked":["Darkness","Streamline","Ball Lightning"],"picked":"SKIP","floor":27}],"player_experience":600083,"relics_obtained":[{"floor":7,"key":"Old Coin"},{"floor":9,"key":"Shuriken"},{"floor":24,"key":"Whetstone"},{"floor":26,"key":"Mummified Hand"}],"event_choices":[{"damage_healed":0.0,"max_hp_gain":0.0,"max_hp_loss":0.0,"gold_gain":0.0,"event_name":"Scrap Ooze","player_choice":"Success","floor":2.0,"gold_loss":0.0,"damage_taken":11.0,"relics_obtained":["MealTicket"]},{"damage_healed":0,"gold_gain":150,"player_choice":"AGREE","damage_taken":0,"max_hp_gain":0,"max_hp_loss":0,"event_name":"Liars Game","floor":8,"gold_loss":0,"cards_obtained":["Doubt"]},{"damage_healed":0,"gold_gain":0,"player_choice":"Damaged","damage_taken":10,"max_hp_gain":0,"max_hp_loss":0,"event_name":"Wheel of Change","floor":10,"gold_loss":0},{"damage_healed":0,"gold_gain":50,"player_choice":"Stole From Cult","damage_taken":0,"max_hp_gain":0,"max_hp_loss":0,"event_name":"Nest","floor":20,"gold_loss":0},{"damage_healed":0,"gold_gain":0,"cards_transformed":["Strike_B"],"player_choice":"Transformed","damage_taken":0,"max_hp_gain":0,"max_hp_loss":0,"event_name":"Transmorgrifier","floor":21,"gold_loss":0,"cards_obtained":["Core Surge"]}],"is_beta":true,"boss_relics":[{"not_picked":["Pandora\u0027s Box","Runic Pyramid"],"picked":"Sozu"}],"items_purged_floors":[12,14,19,28],"is_endless":false,"potions_floor_spawned":[4,5,18,27],"killed_by":"Slavers","ascension_level":20}}