{"host":"zftkeu5v9gqs3wr3","time":1608289666,"event":{"mods":["Act Like it!","Bard","BaseMod","CapriCore","Elementarium","Gensokyo","Jorbs\u0027s Wanderer Trilogy","Mad Scientist","Minty Spire (QoL Compilation)","Potionbrewer","Rare Cards Sparkle","Shade Mod","StSLib","The Cursed","The Immortal","The Runesmith","TheSwordswoman"],"gold_per_floor":[119,194,210,210,210,254,254,254,278,278,292,316,351,376,388,529,541,543,555,567,579,609,621,621],"floor_reached":23,"playtime":1256,"items_purged":[],"score":224,"play_id":"01077df3-3868-4f54-a8f9-530f8650e3e8","local_time":"20201218110746","is_ascension_mode":false,"campfire_choices":[{"data":"Spot Weakness","floor":8,"key":"SMITH"},{"data":"Bash","floor":10,"key":"SMITH"},{"data":"Heavy Blade","floor":15,"key":"SMITH"}],"circlet_count":0,"master_deck":["Strike_R+1","Strike_R+1","Strike_R+1","Strike_R+1","Strike_R+1","Defend_R+1","Defend_R+1","Defend_R+1","Defend_R+1","Bash+1","Iron Wave","Disarm","Spot Weakness+1","Clash","Heavy Blade+1","Double Tap","Pommel Strike+1","Headbutt"],"relics":["Black Blood","NeowsBlessing","Golden Idol","Vajra","Tiny Chest","MawBank","Meat on the Bone"],"acts_visited":["Exordium","TheCity"],"potions_floor_usage":[11,13,13,13],"damage_taken":[{"damage":0,"enemies":"Cultist","floor":1,"turns":1},{"damage":0,"enemies":"Small Slimes","floor":3,"turns":1},{"damage":0,"enemies":"Gremlin Nob","floor":6,"turns":1},{"damage":0,"enemies":"Jaw Worm","floor":11,"turns":3},{"damage":9,"enemies":"2 Fungi Beasts","floor":12,"turns":4},{"damage":24,"enemies":"Lagavulin","floor":13,"turns":5},{"damage":5,"enemies":"Blue Slaver","floor":14,"turns":3},{"damage":25,"enemies":"The Guardian","floor":16,"turns":8},{"damage":15,"enemies":"2 Thieves","floor":18,"turns":4},{"damage":30,"enemies":"3 Byrds","floor":22,"turns":6},{"damage":73,"enemies":"Slavers","floor":23,"turns":4}],"seed_played":"940408095921557963","potions_obtained":[{"floor":3,"key":"potionbrewer:EndurancePotion"},{"floor":6,"key":"potionbrewer:AcidPotion"},{"floor":11,"key":"SkillPotion"},{"floor":12,"key":"AttackPotion"},{"floor":18,"key":"potionbrewer:AcidPotion"}],"is_trial":false,"path_per_floor":["M","?","M","?","?","E","?","R","T","R","M","M","E","M","R","B",null,"M","?","?","T","M","E"],"character_chosen":"IRONCLAD","items_purchased":[],"campfire_rested":0,"item_purchase_floors":[],"current_hp_per_floor":[80,72,78,74,74,74,79,79,79,79,79,76,58,59,59,40,79,76,76,76,76,58,0,0],"gold":621,"neow_bonus":"THREE_ENEMY_KILL","is_daily":false,"chose_seed":false,"campfire_upgraded":3,"win_rate":0.0,"timestamp":1608289666,"path_taken":["M","?","?","?","?","E","?","R","T","R","M","M","E","?","R","BOSS","M","?","?","?","M","E"],"items_purchased_type":[],"build_version":"2020-12-13","purchased_purges":0,"victory":false,"max_hp_per_floor":[80,80,80,74,74,74,79,79,79,79,79,79,79,79,79,79,79,79,79,79,79,79,79,79],"card_choices":[{"not_picked":["Perfected Strike","Carnage"],"picked":"Iron Wave","floor":1},{"not_picked":["Bloodletting","Clothesline"],"picked":"Disarm","floor":3},{"not_picked":["Seeing Red","Dropkick"],"picked":"Spot Weakness","floor":6},{"not_picked":["Clothesline","Sword Boomerang","Perfected Strike"],"picked":"SKIP","floor":11},{"not_picked":["Sword Boomerang","Body Slam"],"picked":"Clash","floor":12},{"not_picked":["Juggernaut","Perfected Strike","Clothesline"],"picked":"SKIP","floor":13},{"not_picked":["Cleave","Clothesline"],"picked":"Heavy Blade","floor":14},{"not_picked":["Fiend Fire","Limit Break"],"picked":"Double Tap","floor":16},{"not_picked":["Body Slam","Heavy Blade"],"picked":"Pommel Strike+1","floor":18},{"not_picked":["Rupture+1","Heavy Blade"],"picked":"Headbutt","floor":22}],"player_experience":83919,"relics_obtained":[{"floor":6,"key":"Vajra"},{"floor":9,"key":"Tiny Chest"},{"floor":13,"key":"MawBank"},{"floor":21,"key":"Meat on the Bone"}],"event_choices":[{"damage_healed":0,"gold_gain":75,"player_choice":"Touch","damage_taken":8,"max_hp_gain":0,"max_hp_loss":0,"event_name":"FaceTrader","floor":2,"gold_loss":0},{"damage_healed":0,"gold_gain":0,"player_choice":"Lose Max HP","damage_taken":0,"relics_obtained":["Golden Idol"],"max_hp_gain":0,"max_hp_loss":6,"event_name":"Golden Idol","floor":4,"gold_loss":0},{"damage_healed":0,"gold_gain":0,"player_choice":"Ignored","damage_taken":0,"max_hp_gain":0,"max_hp_loss":0,"event_name":"Liars Game","floor":5,"gold_loss":0},{"damage_healed":0,"gold_gain":0,"player_choice":"Donut","damage_taken":0,"max_hp_gain":5,"max_hp_loss":0,"event_name":"Big Fish","floor":7,"gold_loss":0},{"damage_healed":0,"gold_gain":0,"player_choice":"Simplicity","damage_taken":0,"max_hp_gain":0,"max_hp_loss":0,"event_name":"Back to Basics","floor":20,"gold_loss":0,"cards_upgraded":["Strike_R","Strike_R","Strike_R","Strike_R","Strike_R","Defend_R","Defend_R","Defend_R","Defend_R"]}],"is_beta":false,"boss_relics":[{"not_picked":["SlaversCollar","Mark of Pain"],"picked":"Black Blood"}],"items_purged_floors":[],"is_endless":false,"potions_floor_spawned":[3,6,11,12,18],"killed_by":"Slavers","ascension_level":0}}