{"host":"8fjsnt81u6xsmhji","time":1608327949,"event":{"mods":["BaseMod","Colored Powertips","Downfall","Glutton Mod","Minty Spire (QoL Compilation)","Quick Restart","Somnambulant","StSLib","The Bug Knight","The Construct","The Forsaken","The Hierophant","The Mystic"],"gold_per_floor":[99,109,109,34,34,334,334,369,130,55,74,122,122,134,146,241,241,241,254,284,284,299,399,399,499,519,519,11,28,45,77,90,186,186,186,186,205,205,238,338,363,396,321,353,363,378,388,360,378,378],"floor_reached":51,"playtime":3488,"items_purged":["Slimebound:Icky","HollowMod:HerrahsAnger"],"score":855,"play_id":"dfff1e0f-e86e-41e9-9ac6-2e0358ef40db","local_time":"20201218154549","is_ascension_mode":false,"campfire_choices":[{"floor":1.0,"key":"RECALL"},{"data":"HollowMod:FocusHealStart","floor":10.0,"key":"SMITH"},{"data":"HollowMod:HornetsHelp","floor":18.0,"key":"SMITH"},{"floor":27.0,"key":"REST"},{"data":"HollowMod:LifebloodCore","floor":35.0,"key":"SMITH"},{"data":"expansioncontent:QuickStudy","floor":38.0,"key":"SMITH"},{"data":"HollowMod:PureNailStrike","floor":43.0,"key":"SMITH"}],"circlet_count":0,"master_deck":["HollowMod:NailStrikeStart","HollowMod:NailStrikeStart","HollowMod:NailStrikeStart","HollowMod:NailStrikeStart","HollowMod:QuickDashStart","HollowMod:QuickDashStart","HollowMod:QuickDashStart","HollowMod:QuickDashStart","HollowMod:FocusHealStart+1","HollowMod:PogoStrike","expansioncontent:GoopSpray","Slimebound:Icky","HollowMod:CycloneSlash","HollowMod:PureNailStrike+1","HollowMod:MonomonsArchive","HollowMod:HornetsHelp+1","HollowMod:PerfectDash+1","HollowMod:SiblingsSouls+1","HollowMod:GrimmsGift+1","HollowMod:DashSlash","HollowMod:NewLittleFool+1","HollowMod:RecoilStrike+1","HollowMod:AwokenDreamNail","expansioncontent:QuickStudy+1","HollowMod:BaldurShell","HollowMod:CloakDash","HollowMod:PerfectDash","HollowMod:LifebloodCore+1","HollowMod:SoulSplash","HollowMod:PerfectDash+1","HollowMod:MantisMark","HollowMod:SoulEater+1"],"relics":["HollowMod:VesselMask","Guardian:PocketSentry","HollowMod:KingsBrand","Chemical X","downfall:HeartBlessingRed","MealTicket","downfall:BrokenWingStatue","Velvet Choker","Omamori","Enchiridion","Lizard Tail","HornCleat","PreservedInsect","ClockworkSouvenir","HollowMod:GreatKnightMask","SacredBark","The Courier","Potion Belt","theForsaken:Gavel","downfall:HeartBlessingBlue","Frozen Egg 2","Anchor"],"acts_visited":["Exordium","TheCity","TheBeyond"],"potions_floor_usage":[48],"damage_taken":[{"damage":0.0,"enemies":"Small Slimes","floor":2.0,"turns":2.0},{"damage":26.0,"enemies":"3 Sentries","floor":8.0,"turns":10.0},{"damage":0.0,"enemies":"downfall:FleeingMerchant","floor":9.0,"turns":4.0},{"damage":1.0,"enemies":"Jaw Worm","floor":11.0,"turns":3.0},{"damage":0.0,"enemies":"2 Louse","floor":14.0,"turns":2.0},{"damage":1.0,"enemies":"Lots of Slimes","floor":15.0,"turns":3.0},{"damage":60.0,"enemies":"downfall:Watcher","floor":16.0,"turns":8.0},{"damage":0.0,"enemies":"Spheric Guardian","floor":19.0,"turns":3.0},{"damage":0.0,"enemies":"Book of Stabbing","floor":20.0,"turns":6.0},{"damage":0.0,"enemies":"Snecko","floor":22.0,"turns":4.0},{"damage":6.0,"enemies":"downfall:Ironclad","floor":23.0,"turns":3.0},{"damage":29.0,"enemies":"Centurion and Healer","floor":26.0,"turns":5.0},{"damage":0.0,"enemies":"downfall:FleeingMerchant","floor":28.0,"turns":4.0},{"damage":0.0,"enemies":"Snake Plant","floor":29.0,"turns":2.0},{"damage":0.0,"enemies":"Sentry and Sphere","floor":30.0,"turns":3.0},{"damage":0.0,"enemies":"HollowMod:Zote","floor":31.0,"turns":2.0},{"damage":0.0,"enemies":"Centurion and Healer","floor":32.0,"turns":4.0},{"damage":5.0,"enemies":"downfall:Defect","floor":33.0,"turns":6.0},{"damage":0.0,"enemies":"3 Darklings","floor":37.0,"turns":5.0},{"damage":7.0,"enemies":"Nemesis","floor":39.0,"turns":3.0},{"damage":0.0,"enemies":"downfall:LadyInBlue","floor":40.0,"turns":6.0},{"damage":4.0,"enemies":"Reptomancer","floor":42.0,"turns":5.0},{"damage":10.0,"enemies":"Giant Head","floor":44.0,"turns":8.0},{"damage":3.0,"enemies":"Orb Walker","floor":45.0,"turns":2.0},{"damage":15.0,"enemies":"4 Shapes","floor":46.0,"turns":4.0},{"damage":13.0,"enemies":"Writhing Mass","floor":47.0,"turns":5.0},{"damage":6.0,"enemies":"downfall:FleeingMerchant","floor":48.0,"turns":3.0},{"damage":0,"enemies":"Jaw Worm Horde","floor":49,"turns":3},{"damage":1,"enemies":"downfall:Ironclad","floor":50,"turns":9}],"seed_played":"-8539542293319630886","potions_obtained":[{"floor":8.0,"key":"LiquidBronze"},{"floor":11.0,"key":"Block Potion"},{"floor":15.0,"key":"SkillPotion"},{"floor":16.0,"key":"ColorlessPotion"},{"floor":26.0,"key":"construct:ShiftPotion"},{"floor":30.0,"key":"SkillPotion"},{"floor":40.0,"key":"Fruit Juice"},{"floor":40.0,"key":"SteroidPotion"},{"floor":45.0,"key":"Regen Potion"},{"floor":46.0,"key":"Weak Potion"},{"floor":47.0,"key":"Dexterity Potion"}],"is_trial":false,"path_per_floor":["R","M","?","?","?","?","T","E","$","R","M","T","?","M","M","B",null,"R","M","E","?","M","?","T","?","M","R","$","M","M","?","M","B",null,"R","?","M","R","E","?","T","E","R","E","M","M","M","$","M","B",null],"character_chosen":"THE_BUGKNIGHT","items_purchased":["Chemical X","ClockworkSouvenir","HollowMod:AwokenDreamNail","expansioncontent:QuickStudy","HollowMod:BaldurShell","CultistPotion","EntropicBrew","Anchor"],"campfire_rested":1,"item_purchase_floors":[9,28,28,28,28,48,48,48],"current_hp_per_floor":[75,75,75,80,80,80,80,66,76,76,79,79,79,79,80,20,80,80,80,80,64,64,64,64,64,41,65,80,80,80,80,80,75,80,80,80,80,80,79,80,80,79,89,85,87,72,65,84,84,89],"gold":378,"neow_bonus":"RANDOM_COLORLESS","is_daily":false,"chose_seed":false,"campfire_upgraded":5,"win_rate":0.0,"timestamp":1608327949,"path_taken":["R","M","?","?","?","?","T","E","?","R","?","?","?","M","M","BOSS","R","M","E","?","M","?","T","?","M","R","$","?","?","?","M","BOSS","R","?","M","R","E","?","T","E","R","E","M","?","M","$","M","BOSS"],"items_purchased_type":["Relic","Relic","Card","Card","Card","Potion","Potion","Relic"],"build_version":"2020-12-13","purchased_purges":2,"victory":true,"max_hp_per_floor":[75,75,75,80,80,80,80,80,80,80,80,80,80,80,80,80,80,80,80,80,80,80,80,80,80,80,80,80,80,80,80,80,80,80,80,80,80,80,80,80,80,80,90,90,90,90,90,100,100,100],"card_choices":[{"not_picked":["expansioncontent:HyperBeam","Flash of Steel"],"picked":"expansioncontent:GoopSpray","floor":0.0},{"not_picked":["HollowMod:Grubsong","HollowMod:DescendingDark","HollowMod:LifebloodCocoon"],"picked":"SKIP","floor":2.0},{"not_picked":["HollowMod:ShadowDash","HollowMod:CrystalDash"],"picked":"HollowMod:CycloneSlash","floor":8.0},{"not_picked":["HollowMod:GreatSlash","HollowMod:ChannelNail"],"picked":"HollowMod:PureNailStrike","floor":9.0},{"not_picked":["HollowMod:RecoilStrike","HollowMod:VengefulSpirit"],"picked":"HollowMod:HerrahsAnger","floor":11.0},{"not_picked":["HollowMod:WraithStrike","HollowMod:RecoilStrike","HollowMod:CycloneSlash"],"picked":"SKIP","floor":14.0},{"not_picked":["HollowMod:VengefulVoid","HollowMod:ShadowDash"],"picked":"HollowMod:MonomonsArchive","floor":15.0},{"not_picked":["HollowMod:VoidDash","HollowMod:NewInfectedGuardian"],"picked":"HollowMod:HornetsHelp","floor":16.0},{"not_picked":["HollowMod:BaldurShell","HollowMod:CornifersMapStart"],"picked":"HollowMod:PerfectDash+1","floor":19.0},{"not_picked":["HollowMod:MonomonsArchive+1","HollowMod:AbyssShriek"],"picked":"HollowMod:SiblingsSouls+1","floor":20.0},{"not_picked":["HollowMod:TaintedHusks+1","HollowMod:WraithStrike"],"picked":"HollowMod:GrimmsGift+1","floor":22.0},{"not_picked":["HollowMod:RecoilStrike","HollowMod:MonomonsArchive"],"picked":"HollowMod:DashSlash","floor":23.0},{"not_picked":["HollowMod:RecoilStrike","HollowMod:HowlingWraiths+1"],"picked":"HollowMod:NewLittleFool+1","floor":26.0},{"not_picked":["HollowMod:AbyssShriek+1","HollowMod:SoulStrike+1"],"picked":"HollowMod:RecoilStrike+1","floor":28.0},{"not_picked":["HollowMod:NewJinnsSoul","HollowMod:SharpenedNail","HollowMod:SoulShaman+1"],"picked":"SKIP","floor":29.0},{"not_picked":["HollowMod:HeavyBlow","HollowMod:VengefulVoid","HollowMod:ShapeofUnn"],"picked":"SKIP","floor":30.0},{"not_picked":["HollowMod:TaintedHusks","HollowMod:DoubleDash"],"picked":"HollowMod:CloakDash","floor":31.0},{"not_picked":["HollowMod:GrimmsGift","HollowMod:PureNailStrike"],"picked":"HollowMod:PerfectDash","floor":32.0},{"not_picked":["HollowMod:ElderbugsWisdom","HollowMod:NewInfectedGuardian"],"picked":"HollowMod:LifebloodCore","floor":33.0},{"not_picked":["HollowMod:GoodIntentions+1","HollowMod:ShapeofUnn+1"],"picked":"HollowMod:SoulSplash","floor":37.0},{"not_picked":["HollowMod:SharpenedShadows","HollowMod:InfectionAssault","HollowMod:VengefulVoid+1"],"picked":"SKIP","floor":39.0},{"not_picked":["HollowMod:NewJinnsSoul","HollowMod:LordofShades"],"picked":"HollowMod:PerfectDash+1","floor":42.0},{"not_picked":["HollowMod:CloakDash+1","HollowMod:NewJinnsSoul+1"],"picked":"HollowMod:MantisMark","floor":44.0},{"not_picked":["HollowMod:SoulSplash+1","HollowMod:MothsMistake+1","HollowMod:CoiledNail+1"],"picked":"SKIP","floor":45.0},{"not_picked":["HollowMod:CloakDash","HollowMod:ChannelNail+1","HollowMod:SoulShaman"],"picked":"SKIP","floor":46.0},{"not_picked":["HollowMod:DoubleDash+1","HollowMod:LuriensSpire"],"picked":"HollowMod:SoulEater+1","floor":47.0},{"not_picked":["HollowMod:NewJinnsSoul+1","HollowMod:ShadowDash","HollowMod:RecoilStrike+1"],"picked":"SKIP","floor":49}],"player_experience":565864,"relics_obtained":[{"floor":7.0,"key":"Guardian:PocketSentry"},{"floor":8.0,"key":"HollowMod:KingsBrand"},{"floor":12.0,"key":"MealTicket"},{"floor":20.0,"key":"Omamori"},{"floor":21.0,"key":"Enchiridion"},{"floor":23.0,"key":"Lizard Tail"},{"floor":23.0,"key":"HornCleat"},{"floor":24.0,"key":"PreservedInsect"},{"floor":31.0,"key":"HollowMod:GreatKnightMask"},{"floor":39.0,"key":"The Courier"},{"floor":40.0,"key":"Potion Belt"},{"floor":42.0,"key":"theForsaken:Gavel"},{"floor":44.0,"key":"Frozen Egg 2"}],"event_choices":[],"is_beta":false,"boss_relics":[{"not_picked":["Snecko Eye","Runic Pyramid"],"picked":"Velvet Choker"},{"not_picked":["Astrolabe","Sozu"],"picked":"SacredBark"}],"items_purged_floors":[9,48],"is_endless":false,"potions_floor_spawned":[8,11,15,16,19,20,23,26,30,45,46,47],"ascension_level":0}}