{"host":"cijhj3091wf4aho3","time":1608268996,"event":{"mods":["BaseMod","Colored Map","Colored Powertips","Downfall","Friendly Minions","GifTheSpireLib","Highlight Path","Minty Spire (QoL Compilation)","Permanent Neow","Random Character Button","Relic Sorter","Relic Stats","StSLib","everything is the same but u backflip on backflip","slay the spire mod where everything is the same but ironclad has a cowboy hat"],"gold_per_floor":[99,99,99,99,99,24,24,24,24,24,24,9,9,9,9,9,9,9,9,9,9,9,9,9,9,9,9,9,0,0,0,0,0,0,0,0,0,0,0,0,0,0,0,0,0,0,0,0,0,0],"floor_reached":51,"playtime":2080,"items_purged":[],"score":1251,"play_id":"aa491577-c59b-4437-8b16-c1ea24886799","local_time":"20201217212316","is_ascension_mode":true,"campfire_choices":[{"floor":1,"key":"RECALL"},{"data":"champ:GutPunch","floor":6,"key":"SMITH"},{"data":"champ:Taunt","floor":18,"key":"SMITH"},{"data":"champ:Encircle","floor":20,"key":"SMITH"},{"data":"champ:IgnorePain","floor":35,"key":"SMITH"},{"data":"RitualDagger","floor":38,"key":"SMITH"},{"data":"champ:AdrenalArmor","floor":43,"key":"SMITH"}],"circlet_count":0,"master_deck":["champ:Strike","champ:Strike","champ:Strike","champ:Strike","champ:Defend","champ:Defend","champ:Defend","champ:Defend","champ:Execute","champ:Taunt+1","champ:RecklessLeap","champ:GutPunch+1","champ:Duel","champ:Encircle+1","champ:Backstep","Slimebound:Icky","champ:VampiricStrike","champ:AdrenalArmor+1","champ:EndlessRage+1","Shame","RitualDagger+1","champ:HeartStrike","champ:IgnorePain+1","champ:StanceDance+1","champ:Shatter+1","champ:StanceDance+1","champ:AdrenalArmor","expansioncontent:SuperHexaguard","champ:BerserkersShout+1","champ:AdrenalArmor+1"],"relics":["Ectoplasm","Champion Belt","downfall:HeartBlessingRed","Pen Nib","Question Card","champ:SpectersHand","Coffee Dripper","Dream Catcher","Nunchaku","Shuriken","Mango","StoneCalendar","Ancient Tea Set","champ:ChampionCrownUpgraded","Omamori","Ornamental Fan","Bag of Marbles","White Beast Statue","The Courier","Bottled Flame"],"acts_visited":["Exordium","TheCity","TheBeyond"],"potions_floor_usage":[16,33,36,50,50],"damage_taken":[{"damage":10,"enemies":"Jaw Worm","floor":2,"turns":3},{"damage":28,"enemies":"Jaw Worm","floor":3,"turns":3},{"damage":5,"enemies":"2 Louse","floor":4,"turns":2},{"damage":32,"enemies":"Lagavulin","floor":8,"turns":4},{"damage":5,"enemies":"Small Slimes","floor":9,"turns":2},{"damage":17,"enemies":"Gremlin Nob","floor":10,"turns":3},{"damage":7,"enemies":"3 Louse","floor":11,"turns":2},{"damage":31,"enemies":"downfall:FleeingMerchant","floor":12,"turns":4},{"damage":2,"enemies":"2 Fungi Beasts","floor":14,"turns":1},{"damage":3,"enemies":"Blue Slaver","floor":15,"turns":2},{"damage":48,"enemies":"downfall:Ironclad","floor":16,"turns":4},{"damage":27,"enemies":"Gremlin Leader","floor":19,"turns":5},{"damage":29,"enemies":"Shell Parasite","floor":22,"turns":2},{"damage":56,"enemies":"Book of Stabbing","floor":23,"turns":4},{"damage":33,"enemies":"Gremlin Leader","floor":25,"turns":4},{"damage":27,"enemies":"3 Byrds","floor":26,"turns":4},{"damage":45,"enemies":"Slavers","floor":27,"turns":4},{"damage":41,"enemies":"downfall:FleeingMerchant","floor":29,"turns":4},{"damage":27,"enemies":"Cultist and Chosen","floor":31,"turns":3},{"damage":39,"enemies":"Centurion and Healer","floor":32,"turns":3},{"damage":76,"enemies":"downfall:Silent","floor":33,"turns":5},{"damage":34,"enemies":"Nemesis","floor":36,"turns":3},{"damage":7,"enemies":"downfall:FleeingMerchant","floor":39,"turns":1},{"damage":80,"enemies":"Giant Head","floor":40,"turns":7},{"damage":25,"enemies":"Reptomancer","floor":42,"turns":4},{"damage":38,"enemies":"Nemesis","floor":44,"turns":3},{"damage":23,"enemies":"3 Darklings","floor":46,"turns":3},{"damage":9,"enemies":"Orb Walker","floor":48,"turns":1},{"damage":21,"enemies":"4 Shapes","floor":49,"turns":3},{"damage":70,"enemies":"downfall:Watcher","floor":50,"turns":5}],"seed_played":"-6497237436678009385","potions_obtained":[{"floor":2,"key":"GamblersBrew"},{"floor":4,"key":"Ancient Potion"},{"floor":9,"key":"CultistPotion"},{"floor":15,"key":"CultistPotion"},{"floor":16,"key":"hexamod:EctoCoolerPotion"},{"floor":26,"key":"champ:TechniquePotion"},{"floor":33,"key":"GamblersBrew"},{"floor":40,"key":"LiquidMemories"},{"floor":42,"key":"champ:CounterPotion"},{"floor":46,"key":"CultistPotion"},{"floor":49,"key":"FearPotion"}],"is_trial":false,"path_per_floor":["R","M","?","M","?","R","T","E","M","E","M","$","?","M","M","B",null,"R","E","R","?","M","E","T","E","M","E","?","$","?","M","M","B",null,"R","E","?","R","$","E","T","E","R","E","?","M","$","M","M","B",null],"character_chosen":"THE_CHAMP","items_purchased":[],"campfire_rested":0,"item_purchase_floors":[],"current_hp_per_floor":[90,90,77,75,75,75,75,74,74,74,74,74,74,84,90,61,90,90,90,90,90,90,66,66,104,104,94,94,104,98,104,104,92,104,104,104,104,104,104,102,102,104,104,104,94,104,104,104,104,104],"gold":0,"neow_bonus":"BOSS_RELIC","is_daily":false,"chose_seed":false,"campfire_upgraded":6,"win_rate":0.0,"timestamp":1608268996,"path_taken":["R","M","?","M","?","R","T","E","M","E","M","$","?","M","M","BOSS","R","E","R","?","M","E","T","E","M","E","?","$","?","M","M","BOSS","R","E","?","R","$","E","T","E","R","E","?","M","?","?","M","BOSS"],"items_purchased_type":[],"build_version":"2020-12-13","purchased_purges":0,"victory":true,"max_hp_per_floor":[90,90,90,90,90,90,90,90,90,90,90,90,90,90,90,90,90,90,90,90,90,90,90,90,104,104,104,104,104,104,104,104,104,104,104,104,104,104,104,104,104,104,104,104,104,104,104,104,104,104],"relic_stats":{"Dream Catcher":0,"Nunchaku":[15],"counters":[30,98],"Shuriken":[29],"Ornamental Fan":[48],"StoneCalendar":[0],"Ectoplasm":1317,"Pen Nib":[23],"Champion Belt":[13],"Question Card":31,"obtain_stats":[{"downfall:HeartBlessingRed":6,"champ:ChampionCrown":0,"Mango":25,"StoneCalendar":27,"Pen Nib":7,"champ:ChampionCrownUpgraded":34,"The Courier":42,"Omamori":36,"Question Card":8,"Ancient Tea Set":28,"White Beast Statue":41,"Dream Catcher":19,"Nunchaku":23,"Bottled Flame":44,"Shuriken":24,"Ornamental Fan":37,"Ectoplasm":0,"Coffee Dripper":17,"Bag of Marbles":40,"Champion Belt":3,"champ:SpectersHand":10},{"downfall:HeartBlessingRed":3,"champ:ChampionCrown":0,"Mango":15,"StoneCalendar":17,"Pen Nib":3,"champ:ChampionCrownUpgraded":21,"The Courier":25,"Omamori":22,"Question Card":4,"Ancient Tea Set":17,"White Beast Statue":24,"Dream Catcher":12,"Nunchaku":14,"Bottled Flame":26,"Shuriken":14,"Ornamental Fan":22,"Ectoplasm":0,"Coffee Dripper":11,"Bag of Marbles":24,"Champion Belt":2,"champ:SpectersHand":6},{"downfall:HeartBlessingRed":8,"champ:ChampionCrown":0,"Mango":45,"StoneCalendar":53,"Pen Nib":8,"champ:ChampionCrownUpgraded":68,"The Courier":83,"Omamori":71,"Question Card":12,"Ancient Tea Set":53,"White Beast Statue":79,"Dream Catcher":35,"Nunchaku":41,"Bottled Flame":86,"Shuriken":41,"Ornamental Fan":71,"Ectoplasm":0,"Coffee Dripper":30,"Bag of Marbles":79,"Champion Belt":6,"champ:SpectersHand":17}]},"card_choices":[{"not_picked":["champ:SwordSigil","champ:DefensiveStyle"],"picked":"champ:RecklessLeap","floor":2},{"not_picked":["champ:GladiatorsShout","champ:PreciseThrust"],"picked":"champ:GutPunch","floor":3},{"not_picked":["champ:Circumvent","champ:PreciseThrust"],"picked":"champ:Duel","floor":4},{"not_picked":["champ:SwordSigil","champ:Haymaker","champ:StrikeOfGenius"],"picked":"SKIP","floor":8},{"not_picked":["champ:Backstep","champ:BerserkersShout","champ:FocusedGladiator"],"picked":"champ:Encircle","floor":9},{"not_picked":["champ:CrookedStrike","champ:StanceDance","champ:DefensiveShout"],"picked":"champ:Backstep","floor":10},{"not_picked":["champ:GladiatorsShout","champ:BladeFlurry","champ:ViciousMockery","champ:FocusedDefense"],"picked":"SKIP","floor":11},{"not_picked":["champ:BringItOn","champ:FlashCut","champ:Circumvent","champ:FocusedDefense"],"picked":"SKIP","floor":12},{"not_picked":["champ:FalseCounter","champ:LastStand","champ:GladiatorsShout","champ:FlashCut"],"picked":"SKIP","floor":14},{"not_picked":["champ:PerfectedStrike","champ:FlashCut","champ:CrookedStrike","champ:RecklessLeap"],"picked":"SKIP","floor":15},{"not_picked":["champ:SwordThrow","champ:HoldFirm","champ:PerfectForm"],"picked":"champ:VampiricStrike","floor":16},{"not_picked":["champ:DeathBlow","champ:RisingSlash+1","champ:StanceDance","champ:EnragedBash"],"picked":"SKIP","floor":19},{"not_picked":["champ:BringItOn","champ:GladiatorsShout","champ:DefensiveShout","champ:PerfectedStrike"],"picked":"SKIP","floor":22},{"not_picked":["champ:ShieldSlam","champ:FightOn","champ:PerfectedStrike","champ:HeavySlash"],"picked":"SKIP","floor":23},{"not_picked":["champ:BladeFlurry","champ:Circumvent","champ:BerserkerStyle+1","champ:Balance"],"picked":"SKIP","floor":25},{"not_picked":["champ:EnragedBash","champ:GladiatorsShout","champ:Haymaker"],"picked":"champ:AdrenalArmor","floor":26},{"not_picked":["champ:Shatter","champ:TornadoPunch","champ:ArenaPreparation"],"picked":"champ:EndlessRage+1","floor":27},{"not_picked":["champ:FlashCut","champ:Backstep","champ:TornadoPunch","champ:SkillfulDodge"],"picked":"SKIP","floor":29},{"not_picked":["champ:Balance","champ:IronFortress","champ:ViciousMockery","champ:EnGarde"],"picked":"SKIP","floor":31},{"not_picked":["champ:StanceDance","champ:PerfectedStrike","champ:FocusedDefense"],"picked":"champ:HeartStrike","floor":32},{"not_picked":["champ:HeavySlash","champ:PerfectForm","champ:VampiricStrike"],"picked":"champ:IgnorePain","floor":33},{"not_picked":["champ:FlashCut+1","champ:Circumvent+1","champ:RapidStrikes"],"picked":"champ:StanceDance+1","floor":36},{"not_picked":["champ:RageSigil","champ:AdrenalArmor","champ:FocusedBerserking+1","champ:FocusedGladiator"],"picked":"SKIP","floor":39},{"not_picked":["champ:ShieldThrow","champ:DefensiveShout+1","champ:RisingSlash+1"],"picked":"champ:Shatter+1","floor":40},{"not_picked":["champ:BladeFlurry+1","champ:IgnorePain","champ:SwordSigil"],"picked":"champ:StanceDance+1","floor":42},{"not_picked":["champ:TornadoPunch+1","champ:Haymaker+1","champ:Duel+1"],"picked":"champ:AdrenalArmor","floor":44},{"not_picked":["expansioncontent:FaceSlap","expansioncontent:GoopSpray","expansioncontent:LastStand"],"picked":"expansioncontent:SuperHexaguard","floor":45},{"not_picked":["champ:BladeFlurry","champ:Shatter","champ:Haymaker"],"picked":"champ:BerserkersShout+1","floor":46},{"not_picked":["champ:BladeFlurry","champ:Balance+1","champ:CrookedStrike","champ:HeartStrike"],"picked":"SKIP","floor":48},{"not_picked":["champ:DefensiveStyle","champ:BladeFlurry","champ:DefensiveShout+1"],"picked":"champ:AdrenalArmor+1","floor":49}],"player_experience":448364,"relics_obtained":[{"floor":3,"key":"Champion Belt"},{"floor":7,"key":"Pen Nib"},{"floor":8,"key":"Question Card"},{"floor":10,"key":"champ:SpectersHand"},{"floor":19,"key":"Dream Catcher"},{"floor":23,"key":"Nunchaku"},{"floor":24,"key":"Shuriken"},{"floor":25,"key":"Mango"},{"floor":27,"key":"StoneCalendar"},{"floor":36,"key":"Omamori"},{"floor":37,"key":"Ornamental Fan"},{"floor":40,"key":"Bag of Marbles"},{"floor":41,"key":"White Beast Statue"},{"floor":42,"key":"The Courier"},{"floor":44,"key":"Bottled Flame"}],"event_choices":[{"damage_healed":0,"gold_gain":0,"player_choice":"Ignored","damage_taken":0,"max_hp_gain":0,"max_hp_loss":0,"event_name":"Ghosts","floor":21,"gold_loss":0},{"damage_healed":0,"gold_gain":0,"player_choice":"Stole Relic","damage_taken":0,"relics_obtained":["Ancient Tea Set"],"max_hp_gain":0,"max_hp_loss":0,"event_name":"Addict","floor":28,"gold_loss":0,"cards_obtained":["Shame"]}],"is_beta":false,"boss_relics":[{"not_picked":["Sozu","Black Star"],"picked":"Coffee Dripper"},{"not_picked":["Empty Cage","Runic Dome"],"picked":"champ:ChampionCrownUpgraded"}],"items_purged_floors":[],"is_endless":false,"potions_floor_spawned":[2,4,9,15,16,19,26,27,32,33,40,42,44,46,48,49],"ascension_level":4}}