{"host":"joxnbq9hujdt0xua","time":1608326419,"event":{"mods":["Act Like it!","BaseMod","Colored Powertips","Downfall","Minty Spire (QoL Compilation)","Replay The Spire","StSLib"],"gold_per_floor":[116,128,133,150,165,191,209,209,209,36,36,49,66,86,86,86,86],"floor_reached":16,"playtime":476,"items_purged":["Strike_G","Strike_G"],"score":106,"play_id":"a657a215-cbf8-4e36-a9f0-8fc210e6750f","local_time":"20201219052019","is_ascension_mode":false,"campfire_choices":[{"floor":15,"key":"REST"}],"circlet_count":0,"master_deck":["Strike_G","Strike_G","Strike_G","Defend_G","Defend_G","Defend_G","Defend_G","Defend_G","Survivor","Neutralize","Acrobatics","Infinite Blades","Poisoned Stab","Dagger Spray","Replay:Bag of Tricks","Footwork","Terror","Tools of the Trade"],"relics":["Ring of the Snake","NeowsBlessing","ReplayTheSpireMod:CursedCoin","Orichalcum","Replay:Wax Seal","CultistMask"],"acts_visited":["Exordium"],"potions_floor_usage":[6,14],"damage_taken":[{"damage":0,"enemies":"Cultist","floor":1,"turns":1},{"damage":0,"enemies":"Jaw Worm","floor":2,"turns":1},{"damage":0,"enemies":"2 Louse","floor":4,"turns":1},{"damage":14,"enemies":"Exordium Thugs","floor":5,"turns":7},{"damage":32,"enemies":"Gremlin Nob","floor":6,"turns":4},{"damage":7,"enemies":"3 Louse","floor":7,"turns":3},{"damage":13,"enemies":"2 Fungi Beasts","floor":12,"turns":4},{"damage":0,"enemies":"Red Slaver","floor":13,"turns":4},{"damage":1,"enemies":"Large Slime","floor":14,"turns":8},{"damage":20,"enemies":"The Guardian","floor":16,"turns":4}],"seed_played":"8013608899438565580","potions_obtained":[{"floor":1,"key":"champ:CounterPotion"},{"floor":4,"key":"Milkshake"},{"floor":7,"key":"Weak Potion"},{"floor":13,"key":"Elixir"},{"floor":14,"key":"DuplicationPotion"}],"is_trial":false,"path_per_floor":["M","M","$","M","M","E","M","?","T","$","?","M","M","M","R","B"],"character_chosen":"THE_SILENT","items_purchased":["Infinite Blades","ReplayTheSpireMod:CursedCoin","Terror"],"campfire_rested":1,"item_purchase_floors":[3,3,10],"current_hp_per_floor":[70,70,70,70,56,24,17,17,17,17,17,4,4,3,24,4,4],"gold":86,"neow_bonus":"THREE_ENEMY_KILL","is_daily":false,"chose_seed":false,"campfire_upgraded":0,"win_rate":0.0,"timestamp":1608326419,"path_taken":["M","?","$","M","?","E","?","?","T","?","?","M","M","M","R","BOSS"],"items_purchased_type":["Card","Relic","Card"],"build_version":"2020-12-13","purchased_purges":2,"victory":false,"max_hp_per_floor":[70,70,70,70,70,70,70,70,70,70,70,70,70,70,70,70,70],"card_choices":[{"not_picked":["Heel Hook","Backflip"],"picked":"Acrobatics","floor":1},{"not_picked":["Quick Slash","Dagger Throw","Underhanded Strike"],"picked":"SKIP","floor":2},{"not_picked":["Slice","Sneak Up"],"picked":"Poisoned Stab","floor":4},{"not_picked":["Underhanded Strike","ReplayTheSpireMod:Tripwire"],"picked":"Dagger Spray","floor":5},{"not_picked":["Deadly Poison","Dodge and Roll"],"picked":"Replay:Bag of Tricks","floor":6},{"not_picked":["Dagger Throw","Sucker Punch"],"picked":"Footwork","floor":7},{"not_picked":["Prepared","Dodge and Roll","Heel Hook"],"picked":"SKIP","floor":12},{"not_picked":["Acrobatics","Blade Dance","Calculated Gamble"],"picked":"SKIP","floor":13},{"not_picked":["Deflect","Acrobatics"],"picked":"Tools of the Trade","floor":14}],"player_experience":72742,"relics_obtained":[{"floor":6,"key":"Orichalcum"},{"floor":9,"key":"Replay:Wax Seal"}],"event_choices":[{"cards_removed":["Normality"],"damage_healed":0,"gold_gain":0,"player_choice":"Removed Curses","damage_taken":0,"max_hp_gain":0,"max_hp_loss":0,"event_name":"Fountain of Cleansing","floor":8,"gold_loss":0},{"damage_healed":0,"gold_gain":0,"player_choice":"Trade","damage_taken":0,"relics_obtained":["CultistMask"],"max_hp_gain":0,"max_hp_loss":0,"event_name":"FaceTrader","floor":11,"gold_loss":0}],"is_beta":false,"boss_relics":[],"items_purged_floors":[3,10],"is_endless":false,"potions_floor_spawned":[1,4,7,13,14],"killed_by":"The Guardian","ascension_level":0}}