{"host":"sabve5zmqufxyc5o","time":1608278013,"event":{"mods":["2.2 Compatiblity","AchievementEnabler","Act Like it!","BaseMod","Block Reminder","Colored Map","Colored Powertips","DeckTracker","KOR Keyword Fix","Keyboard Shortcuts","Minty Spire (QoL Compilation)","Quick Restart","Rare Cards Sparkle","Relic Stats","StSLib","SuperFastMode"],"gold_per_floor":[118,118,118,65,81,111,129,129,129,146,146,162,182,182,182],"floor_reached":14,"playtime":192,"items_purged":[],"score":234,"play_id":"a4a638a3-3fc5-4885-87e7-e00a65b874e3","local_time":"20201218165333","is_ascension_mode":true,"campfire_choices":[{"data":"Coolheaded","floor":8,"key":"SMITH"},{"floor":11,"key":"REST"}],"circlet_count":0,"master_deck":["AscendersBane","Strike_B","Strike_B+1","Strike_B","Defend_B","Defend_B","Defend_B+1","Defend_B","Zap","Dualcast","Cold Snap","Rebound","Compile Driver","Coolheaded+1","Genetic Algorithm","Hologram","Hologram","Loop","Seek"],"relics":["Cracked Core","NeowsBlessing","Ginger","Emotion Chip"],"acts_visited":["Exordium"],"potions_floor_usage":[10,14],"damage_taken":[{"damage":0,"enemies":"Jaw Worm","floor":1,"turns":1},{"damage":0,"enemies":"Cultist","floor":5,"turns":1},{"damage":0,"enemies":"Lagavulin","floor":6,"turns":1},{"damage":0,"enemies":"Small Slimes","floor":7,"turns":3},{"damage":3,"enemies":"Exordium Thugs","floor":10,"turns":7},{"damage":20,"enemies":"Gremlin Gang","floor":12,"turns":4},{"damage":3,"enemies":"Blue Slaver","floor":13,"turns":4},{"damage":38,"enemies":"Gremlin Nob","floor":14,"turns":4}],"seed_played":"7228160007217558806","potions_obtained":[{"floor":5,"key":"Weak Potion"},{"floor":10,"key":"CultistPotion"},{"floor":12,"key":"Weak Potion"}],"is_trial":false,"path_per_floor":["M","?","?","$","M","E","M","R","T","M","R","M","M","E"],"character_chosen":"DEFECT","items_purchased":["Compile Driver"],"campfire_rested":1,"item_purchase_floors":[4],"current_hp_per_floor":[64,43,43,43,43,43,43,43,43,40,61,41,38,0,0],"gold":182,"neow_bonus":"THREE_ENEMY_KILL","is_daily":false,"chose_seed":false,"campfire_upgraded":1,"win_rate":0.0,"timestamp":1608278013,"path_taken":["M","?","?","$","M","E","M","R","T","?","R","M","?","E"],"items_purchased_type":["Card"],"build_version":"2020-12-13","purchased_purges":0,"victory":false,"max_hp_per_floor":[71,71,71,71,71,71,71,71,71,71,71,71,71,71,71],"relic_stats":{"Emotion Chip":[8,6,2,0,0],"counters":[8,25],"Ginger":[11],"obtain_stats":[{"Emotion Chip":9,"NeowsBlessing":0,"Ginger":6,"Cracked Core":0},{"Emotion Chip":4,"NeowsBlessing":0,"Ginger":3,"Cracked Core":0},{"Emotion Chip":6,"NeowsBlessing":0,"Ginger":3,"Cracked Core":0}]},"card_choices":[{"not_picked":["Conserve Battery","Streamline"],"picked":"Cold Snap","floor":1},{"not_picked":["Streamline","Leap"],"picked":"Coolheaded","floor":5},{"not_picked":["Beam Cell","Turbo"],"picked":"Genetic Algorithm","floor":6},{"not_picked":["Redo","Steam Power"],"picked":"Hologram","floor":7},{"not_picked":["Stack","Rebound"],"picked":"Hologram","floor":10},{"not_picked":["Heatsinks","Doom and Gloom"],"picked":"Loop","floor":12},{"not_picked":["Ball Lightning","Rebound"],"picked":"Seek","floor":13}],"player_experience":783740,"relics_obtained":[{"floor":6,"key":"Ginger"},{"floor":9,"key":"Emotion Chip"}],"event_choices":[{"damage_healed":0,"gold_gain":0,"player_choice":"Entered Light","damage_taken":21,"max_hp_gain":0,"max_hp_loss":0,"event_name":"Shining Light","floor":2,"gold_loss":0,"cards_upgraded":["Defend_B","Strike_B"]},{"damage_healed":0,"gold_gain":0,"cards_transformed":["Strike_B"],"player_choice":"Change","damage_taken":0,"max_hp_gain":0,"max_hp_loss":0,"event_name":"Living Wall","floor":3,"gold_loss":0,"cards_obtained":["Rebound"]}],"is_beta":false,"boss_relics":[],"items_purged_floors":[],"is_endless":false,"potions_floor_spawned":[5,10,12],"killed_by":"Gremlin Nob","ascension_level":20}}