{"host":"c2f2v4g0x0pdj4uy","time":1608272467,"event":{"mods":["Aspiration","BaseMod","Better Note","BetterRewards","Challenge The Spire","Colored Map","Downfall","Luminous","Minty Spire (QoL Compilation)","MostiFishMod","Relic Stats","RumiaBox-露米娅的神秘盒子","Shop Mod","Spicy Shops","Spire Birthday Party","StSLib","The Servant 0.9.4","WarShipGirlsR/战舰少女R mod","【遗物卡牌】REMEMod"],"gold_per_floor":[99,99,99,99,115,128,128,160,10,36,48,105,555,69,83,85,85],"floor_reached":16,"playtime":1890,"items_purged":["Regret"],"score":133,"play_id":"7a710e5f-21d7-4070-88ee-403306ec824b","local_time":"20201218142107","is_ascension_mode":false,"campfire_choices":[{"data":"REME_ProfessionalPlagiarism","floor":1,"key":"SMITH"},{"floor":9,"key":"RECALL"}],"circlet_count":0,"master_deck":["Strike_S+1","Strike_S","Strike_S","Defend_S","Defend_S","Defend_S+1","Defend_S","KidneyShot+1","Exchange","Defy+1","REME_ProfessionalPlagiarism+1","ShatteredReality","BottledTime","Rearm","Initiator","Starlight","Slimebound:Icky","Slimebound:Icky","Slimebound:Icky","Advance","MostiFishMod:KingOfFree","Alleviate"],"relics":["Uniform","DaveBox","REME_ComplimentaryCards","ImprovedEquipment","aspiration:Lifesprig","downfall:HeartBlessingBlue","downfall:HeartBlessingGreen","Lantern","Pear","Turnip","Toolbox"],"acts_visited":["Exordium"],"potions_floor_usage":[12],"damage_taken":[{"damage":2,"enemies":"Jaw Worm","floor":5,"turns":3},{"damage":2,"enemies":"2 Louse","floor":6,"turns":2},{"damage":30,"enemies":"Lagavulin","floor":8,"turns":12},{"damage":29,"enemies":"Gremlin Nob","floor":10,"turns":5},{"damage":2,"enemies":"Cultist","floor":11,"turns":3},{"damage":0,"enemies":"3 Sentries","floor":12,"turns":6},{"damage":0,"enemies":"downfall:FleeingMerchant","floor":14,"turns":4},{"damage":0,"enemies":"Large Slime","floor":15,"turns":3},{"damage":32,"enemies":"downfall:Defect","floor":16,"turns":6}],"seed_played":"7360129214107575609","potions_obtained":[{"floor":5,"key":"SpeedPotion"},{"floor":11,"key":"Explosive Potion"},{"floor":15,"key":"Weak Potion"}],"is_trial":false,"path_per_floor":["R","?","?","?","M","M","T","E","R","E","M","?","?","$","M","B"],"character_chosen":"THE_SERVANT","items_purchased":["Turnip","MostiFishMod:KingOfFree","Toolbox"],"campfire_rested":0,"item_purchase_floors":[14,14,14],"current_hp_per_floor":[65,65,65,65,63,61,61,31,41,12,10,20,20,25,26,0,0],"gold":85,"neow_bonus":"THREE_CARDS","is_daily":false,"chose_seed":false,"campfire_upgraded":1,"win_rate":0.0,"timestamp":1608272467,"path_taken":["R","?","?","?","M","?","T","E","R","E","M","?","?","$","M","BOSS"],"items_purchased_type":["Relic","Card","Relic"],"build_version":"2020-12-13","purchased_purges":1,"victory":false,"max_hp_per_floor":[65,65,65,65,65,65,65,65,75,75,75,85,85,85,85,85,85],"relic_stats":{"counters":[9,44],"Turnip":[2],"obtain_stats":[{"aspiration:Lifesprig":8,"Lantern":10,"Pear":12,"DaveBox":0,"downfall:HeartBlessingBlue":9,"ImprovedEquipment":0,"Toolbox":14,"downfall:HeartBlessingGreen":9,"Turnip":14,"Uniform":0,"REME_ComplimentaryCards":0},{"aspiration:Lifesprig":3,"Lantern":4,"Pear":5,"DaveBox":0,"downfall:HeartBlessingBlue":3,"ImprovedEquipment":0,"Toolbox":7,"downfall:HeartBlessingGreen":3,"Turnip":7,"Uniform":0,"REME_ComplimentaryCards":0},{"aspiration:Lifesprig":17,"Lantern":22,"Pear":25,"DaveBox":0,"downfall:HeartBlessingBlue":17,"ImprovedEquipment":0,"Toolbox":35,"downfall:HeartBlessingGreen":17,"Turnip":35,"Uniform":0,"REME_ComplimentaryCards":0}]},"card_choices":[{"not_picked":["Spin","Rewind"],"picked":"Defy","floor":0},{"not_picked":["Rewind","Potential"],"picked":"ShatteredReality","floor":5},{"not_picked":["Defy","Deadline"],"picked":"BottledTime","floor":6},{"not_picked":["DoubleEdge","GearUp"],"picked":"Rearm","floor":8},{"not_picked":["TimeWarp","GearUp"],"picked":"Initiator","floor":10},{"not_picked":["ShatteredReality","Potential"],"picked":"Starlight","floor":11},{"not_picked":["DancingSilver","Misdirection"],"picked":"Advance","floor":14},{"not_picked":["Rearm","Defy"],"picked":"Alleviate","floor":15}],"player_experience":145767,"relics_obtained":[{"floor":8,"key":"aspiration:Lifesprig"},{"floor":10,"key":"Lantern"}],"event_choices":[{"cards_removed":["Strike_S"],"damage_healed":0,"gold_gain":0,"player_choice":"Card Removal","damage_taken":0,"max_hp_gain":0,"max_hp_loss":0,"event_name":"The Cleric","floor":2,"gold_loss":0},{"damage_healed":0,"gold_gain":0,"player_choice":"Forge","damage_taken":0,"max_hp_gain":0,"max_hp_loss":0,"event_name":"Accursed Blacksmith","floor":4,"gold_loss":0,"cards_upgraded":["KidneyShot"]}],"is_beta":false,"boss_relics":[],"items_purged_floors":[14],"is_endless":false,"potions_floor_spawned":[5,11,15],"killed_by":"downfall:Defect","ascension_level":0}}