{"host":"nox","time":1608297936,"event":{"mods":["Aspiration","BaseMod","Better Third Choice","Colored Powertips","Conspire","Hubris","Infinite Spire","Minty Spire (QoL Compilation)","Quick Restart","Rare Cards Sparkle","Replay The Spire","Shop Mod","Spikes Relics","StSLib","SuperFastMode","The Alterego","vexMod"],"gold_per_floor":[115,115,132,143,143,171,171,186,213,232,248,267,298,311,311,311,311],"floor_reached":16,"playtime":797,"items_purged":[],"score":168,"play_id":"7f2be631-0200-48ea-a5be-e31b45933b8e","local_time":"20201218202536","is_ascension_mode":true,"campfire_choices":[{"data":"BarbarianYell","floor":7.0,"key":"SMITH"},{"data":"Armaments","floor":15.0,"key":"SMITH"}],"circlet_count":0,"master_deck":["Strike_R","Strike_R","Strike_R+1","Strike_R","Strike_R","Defend_R","Defend_R","Defend_R+1","Bash","BarbarianYell+1","Injury","Sword Boomerang+1","Heavy Blade+1","Clothesline+1","Thunderclap+1","Rampage+1","Heavy Blade+1","Armaments+1"],"relics":["Burning Blood","aspiration:Nostalgia","PureWater","Molten Egg 2","infinitespire:Bottled Soul","Simple Rune","Shuriken"],"acts_visited":["Exordium"],"potions_floor_usage":[16],"damage_taken":[{"damage":4.0,"enemies":"Jaw Worm","floor":1.0,"turns":4.0},{"damage":11.0,"enemies":"Small Slimes","floor":3.0,"turns":4.0},{"damage":7.0,"enemies":"conspire:RoseBush","floor":4.0,"turns":4.0},{"damage":16.0,"enemies":"Gremlin Nob","floor":6.0,"turns":3.0},{"damage":0.0,"enemies":"2 Fungi Beasts","floor":8.0,"turns":2.0},{"damage":6.0,"enemies":"Looter","floor":10.0,"turns":2.0},{"damage":8.0,"enemies":"Exordium Thugs","floor":11.0,"turns":3.0},{"damage":14.0,"enemies":"Lots of Slimes","floor":12.0,"turns":3.0},{"damage":20.0,"enemies":"Lagavulin","floor":13.0,"turns":6.0},{"damage":18.0,"enemies":"Large Slime","floor":14.0,"turns":2.0},{"damage":28,"enemies":"Hexaghost","floor":16,"turns":7}],"seed_played":"-7947377249994938604","potions_obtained":[{"floor":3.0,"key":"Toxic Potion"},{"floor":4.0,"key":"BlessingOfTheForge"},{"floor":6.0,"key":"Explosive Potion"},{"floor":8.0,"key":"Venom Potion"}],"is_trial":false,"path_per_floor":["M","?","M","M","?","E","R","M","T","M","M","M","E","M","R","B"],"character_chosen":"IRONCLAD","items_purchased":[],"campfire_rested":0,"item_purchase_floors":[],"current_hp_per_floor":[74,74,69,68,68,58,58,64,64,64,62,54,40,28,28,0,0],"gold":311,"neow_bonus":"NOSTALGIA","is_daily":false,"chose_seed":false,"campfire_upgraded":2,"win_rate":0.0,"timestamp":1608297936,"path_taken":["M","?","M","M","?","E","R","?","T","M","M","M","E","M","R","BOSS"],"items_purchased_type":[],"build_version":"2020-11-17","purchased_purges":0,"victory":false,"max_hp_per_floor":[80,80,80,80,80,80,80,80,80,80,80,80,80,80,80,80,80],"card_choices":[{"not_picked":["Sever Soul","ReplayTheSpireMod:Stacked"],"picked":"BarbarianYell","floor":1.0},{"not_picked":["Wild Strike+1","hubris:ReadiedAction"],"picked":"Sword Boomerang+1","floor":3.0},{"not_picked":["Shrug It Off","Cleave+1"],"picked":"Heavy Blade+1","floor":4.0},{"not_picked":["True Grit","Wild Strike+1"],"picked":"Clothesline+1","floor":6.0},{"not_picked":["Clothesline+1","Pommel Strike+1","hubris:ReadiedAction"],"picked":"SKIP","floor":8.0},{"not_picked":["Juggernaut","Warcry"],"picked":"Thunderclap+1","floor":10.0},{"not_picked":["Shockwave","Body Slam+1","Combust"],"picked":"SKIP","floor":11.0},{"not_picked":["Shockwave","Body Slam+1","Combust"],"picked":"SKIP","floor":11.0},{"not_picked":["Ghostly Armor","Run Through+1"],"picked":"Rampage+1","floor":12.0},{"not_picked":["Shrug It Off","Anger+1"],"picked":"Heavy Blade+1","floor":13.0},{"not_picked":["Body Slam+1","Replay:Undeath\u0027s Touch+1"],"picked":"Armaments","floor":14.0}],"player_experience":180673,"relics_obtained":[{"floor":6.0,"key":"infinitespire:Bottled Soul"},{"floor":9.0,"key":"Simple Rune"},{"floor":13.0,"key":"Shuriken"}],"event_choices":[],"is_beta":true,"boss_relics":[],"items_purged_floors":[],"is_endless":false,"potions_floor_spawned":[3,4,6,8],"killed_by":"Hexaghost","ascension_level":9}}