{"host":"3srbdas3e7jgqz5l","time":1608310149,"event":{"mods":["BaseMod","Downfall","Minty Spire (QoL Compilation)","StSLib"],"gold_per_floor":[114,131,141,154,174,174,201,211,211,228,119,119,134,134,134,229,229,246,261,274,285,200,200,229,229,254,254,270,0,35,35,35,135,135,152,152,166,106,122,122,138,138,165,165,197,214,234,250,250,250,250,250,3,30,30],"floor_reached":56,"playtime":3408,"items_purged":["Strike_G","Strike_G"],"score":1574,"play_id":"4e02043b-2b60-4be1-86b1-8f64d38b55ae","local_time":"20201218164909","is_ascension_mode":true,"campfire_choices":[{"data":"Backstab","floor":6.0,"key":"SMITH"},{"floor":12.0,"key":"REST"},{"data":"1","floor":15.0,"key":"LIFT"},{"data":"2","floor":23.0,"key":"LIFT"},{"floor":25.0,"key":"REST"},{"floor":32.0,"key":"REST"},{"data":"3","floor":40.0,"key":"LIFT"},{"floor":42.0,"key":"RECALL"},{"floor":44.0,"key":"REST"},{"floor":49.0,"key":"REST"},{"floor":52.0,"key":"REST"}],"circlet_count":0,"master_deck":["Strike_G","Defend_G","Defend_G","Defend_G","Defend_G","Defend_G","Survivor","Neutralize","Backstab+1","Deadly Poison","Bouncing Flask","Bouncing Flask","Cloak And Dagger","Quick Slash+1","Footwork","Malaise","Caltrops","Crippling Poison+1","PiercingWail","Footwork","Acrobatics","Crippling Poison+1","PiercingWail","Bullet Time","Wraith Form v2","Catalyst","Acrobatics","Backstab+1","Setup","Noxious Fumes","After Image","Catalyst","Footwork+1","Catalyst","Caltrops","expansioncontent:ManipulateTime","Footwork+1"],"relics":["Ring of the Snake","Strawberry","Molten Egg 2","Girya","Snecko Eye","Omamori","Ice Cream","Bronze Scales","Question Card","GremlinMask","Fusion Hammer","Kunai","Centennial Puzzle","Darkstone Periapt","White Beast Statue"],"acts_visited":["Exordium","TheCity","TheBeyond","TheEnding"],"potions_floor_usage":[55,55,55],"damage_taken":[{"damage":0.0,"enemies":"2 Louse","floor":1.0,"turns":5.0},{"damage":0.0,"enemies":"Jaw Worm","floor":2.0,"turns":6.0},{"damage":4.0,"enemies":"Small Slimes","floor":3.0,"turns":3.0},{"damage":5.0,"enemies":"Looter","floor":4.0,"turns":4.0},{"damage":5.0,"enemies":"Red Slaver","floor":5.0,"turns":3.0},{"damage":35.0,"enemies":"Gremlin Nob","floor":7.0,"turns":4.0},{"damage":4.0,"enemies":"Lots of Slimes","floor":8.0,"turns":5.0},{"damage":0.0,"enemies":"Exordium Thugs","floor":10.0,"turns":6.0},{"damage":2.0,"enemies":"3 Louse","floor":13.0,"turns":4.0},{"damage":57.0,"enemies":"Slime Boss","floor":16.0,"turns":13.0},{"damage":0.0,"enemies":"3 Byrds","floor":18.0,"turns":5.0},{"damage":12.0,"enemies":"Spheric Guardian","floor":19.0,"turns":5.0},{"damage":14.0,"enemies":"Centurion and Healer","floor":20.0,"turns":6.0},{"damage":5.0,"enemies":"Snecko","floor":21.0,"turns":4.0},{"damage":20.0,"enemies":"Book of Stabbing","floor":24.0,"turns":6.0},{"damage":3.0,"enemies":"Chosen and Byrds","floor":28.0,"turns":5.0},{"damage":20.0,"enemies":"Slavers","floor":30.0,"turns":5.0},{"damage":26.0,"enemies":"Collector","floor":33.0,"turns":11.0},{"damage":0.0,"enemies":"3 Shapes","floor":35.0,"turns":5.0},{"damage":0.0,"enemies":"3 Darklings","floor":37.0,"turns":6.0},{"damage":11.0,"enemies":"Spire Growth","floor":39.0,"turns":4.0},{"damage":10.0,"enemies":"Writhing Mass","floor":41.0,"turns":5.0},{"damage":21.0,"enemies":"Giant Head","floor":45.0,"turns":8.0},{"damage":19.0,"enemies":"Jaw Worm Horde","floor":46.0,"turns":4.0},{"damage":0.0,"enemies":"4 Shapes","floor":47.0,"turns":5.0},{"damage":2.0,"enemies":"Maw","floor":48.0,"turns":5.0},{"damage":22.0,"enemies":"Awakened One","floor":50.0,"turns":15.0},{"damage":33.0,"enemies":"Shield and Spear","floor":54.0,"turns":6.0},{"damage":34,"enemies":"The Heart","floor":55,"turns":9}],"seed_played":"-2905312945892889485","potions_obtained":[{"floor":1.0,"key":"Ancient Potion"},{"floor":3.0,"key":"LiquidBronze"},{"floor":7.0,"key":"CunningPotion"},{"floor":10.0,"key":"Block Potion"},{"floor":20.0,"key":"ColorlessPotion"},{"floor":28.0,"key":"Poison Potion"},{"floor":30.0,"key":"Block Potion"},{"floor":39.0,"key":"GamblersBrew"},{"floor":41.0,"key":"Dexterity Potion"},{"floor":45.0,"key":"Regen Potion"},{"floor":46.0,"key":"SkillPotion"}],"is_trial":false,"path_per_floor":["M","M","M","M","M","R","E","M","T","M","$","R","M","?","R","B",null,"M","M","M","M","?","R","E","R","T","?","M","$","E","?","R","B",null,"M","T","M","?","M","R","M","R","T","R","E","M","M","M","R","B",null,"R","$","E","B",null],"character_chosen":"THE_SILENT","items_purchased":["Footwork","Bronze Scales","PiercingWail","SpeedPotion","Catalyst","Caltrops","expansioncontent:ManipulateTime"],"campfire_rested":6,"item_purchase_floors":[11,29,29,53,53,53,53],"current_hp_per_floor":[70,70,66,61,56,56,21,17,17,17,17,40,38,63,63,6,59,59,47,33,28,28,28,8,31,31,31,28,28,8,8,31,5,59,59,59,59,59,48,48,38,38,38,61,40,35,35,33,56,34,66,77,77,44,10],"gold":30,"neow_bonus":"RANDOM_COMMON_RELIC","is_daily":false,"chose_seed":false,"campfire_upgraded":1,"win_rate":0.0,"timestamp":1608310149,"path_taken":["M","M","M","M","M","R","E","M","T","M","$","R","M","?","R","BOSS","M","M","M","M","?","R","E","R","T","?","M","$","E","?","R","BOSS","M","?","M","?","M","R","M","R","T","R","E","?","M","M","R","BOSS","R","$","E","BOSS"],"items_purchased_type":["Card","Relic","Card","Potion","Card","Card","Card"],"build_version":"2020-12-13","purchased_purges":2,"victory":true,"max_hp_per_floor":[77,77,77,77,77,77,77,77,77,77,77,77,77,77,77,77,77,77,77,77,77,77,77,77,77,77,77,77,77,77,77,77,77,77,77,77,77,77,77,77,77,77,77,77,77,77,77,77,77,77,77,77,77,77,77],"card_choices":[{"not_picked":["Expertise","Tactician"],"picked":"Backstab","floor":1.0},{"not_picked":["Flying Knee","Slice"],"picked":"Deadly Poison","floor":2.0},{"not_picked":["Flying Knee","Escape Plan"],"picked":"Bouncing Flask","floor":3.0},{"not_picked":["Masterful Stab","Sucker Punch"],"picked":"Bouncing Flask","floor":4.0},{"not_picked":["Prepared","Choke"],"picked":"Cloak And Dagger","floor":5.0},{"not_picked":["Distraction","Bouncing Flask","Terror"],"picked":"SKIP","floor":7.0},{"not_picked":["Bane+1","Deflect","Underhanded Strike+1"],"picked":"SKIP","floor":8.0},{"not_picked":["Cloak And Dagger","Dodge and Roll"],"picked":"Quick Slash+1","floor":10.0},{"not_picked":["Tactician","Poisoned Stab+1","Dagger Throw+1"],"picked":"SKIP","floor":13.0},{"not_picked":["Envenom","Venomology"],"picked":"Malaise","floor":16.0},{"not_picked":["Prepared","Deflect"],"picked":"Caltrops","floor":18.0},{"not_picked":["Deadly Poison+1","Flying Knee+1"],"picked":"Crippling Poison+1","floor":19.0},{"not_picked":["Sucker Punch+1","Acrobatics+1"],"picked":"PiercingWail","floor":20.0},{"not_picked":["Bane+1","PiercingWail"],"picked":"Footwork","floor":21.0},{"not_picked":["Predator+1","Bane+1"],"picked":"Acrobatics","floor":24.0},{"not_picked":["Deadly Poison","Sucker Punch+1"],"picked":"Crippling Poison+1","floor":28.0},{"not_picked":["Underhanded Strike+1","Escape Plan"],"picked":"Bullet Time","floor":30.0},{"not_picked":["Burst","Phantasmal Killer","Night Terror"],"picked":"Wraith Form v2","floor":33.0},{"not_picked":["Dodge and Roll+1","Quick Slash+1","Escape Plan"],"picked":"Catalyst","floor":35.0},{"not_picked":["Bane+1","Dagger Spray+1","Underhanded Strike+1"],"picked":"Acrobatics","floor":37.0},{"not_picked":["Flechettes+1","Heel Hook+1","Skewer+1"],"picked":"Noxious Fumes","floor":39.0},{"not_picked":["Phantasmal Killer","Outmaneuver+1","Skewer+1","Dash+1"],"picked":"SKIP","floor":41.0},{"not_picked":["Outmaneuver+1","PiercingWail","Cloak And Dagger+1","All Out Attack+1"],"picked":"SKIP","floor":45.0},{"not_picked":["Eviscerate+1","Underhanded Strike+1","Quick Slash+1"],"picked":"After Image","floor":46.0},{"not_picked":["Flying Knee+1","Slice+1","Dagger Spray+1"],"picked":"Catalyst","floor":47.0},{"not_picked":["Sucker Punch+1","Poisoned Stab+1","All Out Attack+1"],"picked":"Footwork+1","floor":48.0},{"not_picked":["Blade Dance+1","Slice+1","Heel Hook+1"],"picked":"Footwork+1","floor":54.0}],"player_experience":434439,"relics_obtained":[{"floor":7.0,"key":"Molten Egg 2"},{"floor":9.0,"key":"Girya"},{"floor":24.0,"key":"Ice Cream"},{"floor":30.0,"key":"Question Card"},{"floor":36.0,"key":"Kunai"},{"floor":43.0,"key":"Centennial Puzzle"},{"floor":45.0,"key":"Darkstone Periapt"},{"floor":54.0,"key":"White Beast Statue"}],"event_choices":[{"damage_healed":25.0,"max_hp_gain":0.0,"max_hp_loss":0.0,"gold_gain":0.0,"event_name":"Big Fish","player_choice":"Banana","floor":14.0,"gold_loss":0.0,"damage_taken":0.0},{"damage_healed":0.0,"max_hp_gain":0.0,"max_hp_loss":0.0,"gold_gain":0.0,"event_name":"Addict","player_choice":"Obtained Relic","floor":22.0,"gold_loss":85.0,"damage_taken":0.0,"relics_obtained":["Omamori"]},{"damage_healed":0.0,"max_hp_gain":0.0,"max_hp_loss":0.0,"gold_gain":0.0,"event_name":"FaceTrader","player_choice":"Trade","floor":31.0,"gold_loss":0.0,"damage_taken":0.0,"relics_obtained":["GremlinMask"]},{"damage_healed":0.0,"max_hp_gain":0.0,"max_hp_loss":0.0,"gold_gain":0.0,"cards_transformed":["Strike_G","Strike_G"],"event_name":"Designer","player_choice":"Transformed Cards","floor":38.0,"gold_loss":60.0,"damage_taken":0.0,"cards_obtained":["Backstab","Setup"]}],"is_beta":false,"boss_relics":[{"not_picked":["Cursed Key","Pandora\u0027s Box"],"picked":"Snecko Eye"},{"not_picked":["Astrolabe","Black Star"],"picked":"Fusion Hammer"}],"items_purged_floors":[11,29],"is_endless":false,"potions_floor_spawned":[1,3,7,10,13,20,28,30,39,41,45,46],"ascension_level":7}}