{"host":"gxmig9bwvxt5mpcx","time":1608325544,"event":{"mods":["AchievementEnabler","BaseMod","Beaked The Cultist","Better Match","Better Note","Colored Powertips","Downfall","Hermit","Hubris","Minty Spire (QoL Compilation)","Permanent Neow","Replay The Spire","StSLib","The Mystic","TheArtist","TheVacant"],"gold_per_floor":[117,117,128,228,239,239,266,266,266,266,266,279,279,298,298,397,397,397,397],"floor_reached":18,"playtime":1375,"items_purged":[],"score":160,"play_id":"7ae9fb75-10de-4750-a8b9-aae9d58bca18","local_time":"20201218160544","is_ascension_mode":false,"campfire_choices":[{"data":"beaked:Ceremony","floor":6,"key":"SMITH"},{"data":"beaked:ScreechingChant","floor":8,"key":"SMITH"},{"data":"beaked:BraceForImpact","floor":13,"key":"SMITH"},{"data":"beaked:Ceremony","floor":15,"key":"SMITH"}],"circlet_count":0,"master_deck":["beaked:Strike_Y","beaked:Strike_Y","beaked:Strike_Y","beaked:Strike_Y","beaked:Strike_Y","beaked:Strike_Y","beaked:Defend_Y","beaked:Defend_Y","beaked:Defend_Y","beaked:Defend_Y","beaked:Ceremony","beaked:Ceremony+1","beaked:Ceremony+1","beaked:BraceForImpact+1","beaked:RitualOfBody+1","beaked:ScreechingChant+1","beaked:BraceForImpact","beaked:SacrificialScars"],"relics":["beaked:MendingPlumage","Replay:Rubber Ducky","Juzu Bracelet","Bottled Lightning","hubris:ScarierMask"],"acts_visited":["Exordium","TheCity"],"potions_floor_usage":[7,14,16],"damage_taken":[{"damage":3,"enemies":"Jaw Worm","floor":1,"turns":5},{"damage":0,"enemies":"Small Slimes","floor":3,"turns":5},{"damage":0,"enemies":"Cultist","floor":5,"turns":5},{"damage":22,"enemies":"3 Sentries","floor":7,"turns":9},{"damage":0,"enemies":"Large Slime","floor":12,"turns":6},{"damage":2,"enemies":"3 Louse","floor":14,"turns":4},{"damage":46,"enemies":"Fading Forest","floor":16,"turns":11},{"damage":0,"enemies":"2 Thieves","floor":18,"turns":1}],"seed_played":"-9189333737760593026","potions_obtained":[{"floor":5,"key":"Energy Potion"},{"floor":7,"key":"Dexterity Potion"},{"floor":12,"key":"FearPotion"},{"floor":14,"key":"Milkshake"}],"is_trial":false,"path_per_floor":["M","?","M","?","M","R","E","R","T","?","?","M","R","M","R","B",null,"M"],"character_chosen":"BEAKED_THE_CULTIST","items_purchased":[],"campfire_rested":0,"item_purchase_floors":[],"current_hp_per_floor":[50,55,55,55,55,55,51,51,51,51,51,55,55,55,55,32,55,55,55],"gold":397,"neow_bonus":"RANDOM_COMMON_RELIC","is_daily":false,"chose_seed":false,"campfire_upgraded":4,"win_rate":0.0,"timestamp":1608325544,"path_taken":["M","?","M","?","?","R","E","R","T","?","?","M","R","M","R","BOSS","M"],"items_purchased_type":[],"build_version":"2020-12-13","purchased_purges":0,"victory":false,"max_hp_per_floor":[50,55,55,55,55,55,55,55,55,55,55,55,55,55,55,55,55,55,55],"card_choices":[{"not_picked":["beaked:Tweet","beaked:WarriorEssence"],"picked":"beaked:BraceForImpact","floor":1},{"not_picked":["beaked:Hexing","beaked:Insight"],"picked":"beaked:RitualOfBody","floor":3},{"not_picked":["beaked:Tweet","beaked:WarriorEssence"],"picked":"beaked:WarriorSpirit","floor":5},{"not_picked":["beaked:Insight","beaked:RitualOfBody"],"picked":"beaked:ScreechingChant","floor":7},{"not_picked":["beaked:Tradeoff","beaked:BounceBack"],"picked":"beaked:BraceForImpact","floor":12},{"not_picked":["beaked:CursingBlood","beaked:Flinch","beaked:Molting"],"picked":"SKIP","floor":14},{"not_picked":["beaked:CheekyTricks","beaked:MachineEssence"],"picked":"beaked:SacrificialScars","floor":16}],"player_experience":16527,"relics_obtained":[{"floor":7,"key":"Juzu Bracelet"},{"floor":9,"key":"Bottled Lightning"}],"event_choices":[{"damage_healed":0,"gold_gain":0,"player_choice":"Donut","damage_taken":0,"max_hp_gain":5,"max_hp_loss":0,"event_name":"Big Fish","floor":2,"gold_loss":0},{"damage_healed":0,"gold_gain":100,"player_choice":"Pray","damage_taken":0,"max_hp_gain":0,"max_hp_loss":0,"event_name":"Golden Shrine","floor":4,"gold_loss":0},{"cards_removed":["beaked:WarriorSpirit"],"damage_healed":0,"gold_gain":0,"player_choice":"Purged","damage_taken":0,"max_hp_gain":0,"max_hp_loss":0,"event_name":"Purifier","floor":11,"gold_loss":0}],"is_beta":false,"boss_relics":[{"not_picked":["Empty Cage","Replay:Ancient Bell"],"picked":"hubris:ScarierMask"}],"items_purged_floors":[],"is_endless":false,"potions_floor_spawned":[5,7,12,14],"killed_by":"2 Thieves","ascension_level":0}}