{"host":"90jl2h70xtuoeg0i","time":1608258057,"event":{"mods":["AchievementEnabler","BaseMod","Colored Map","Colored Powertips","Minty Spire (QoL Compilation)","Relic Stats","ojb\u0027s Better Paths Mod","ojb\u0027s Info Mod"],"gold_per_floor":[117,128,139,150,167,167,202,202,227,247,263,188,201,236,236,312,312,329,329,3,16,35,35,35,35],"floor_reached":24,"playtime":2757,"items_purged":[],"score":474,"play_id":"84b8143f-834e-4d34-a8ab-d865add86815","local_time":"20201217212057","is_ascension_mode":true,"campfire_choices":[{"data":"Burst","floor":6.0,"key":"SMITH"},{"floor":8.0,"key":"REST"},{"data":"Blade Dance","floor":15.0,"key":"SMITH"},{"data":"Phantasmal Killer","floor":23,"key":"SMITH"}],"circlet_count":0,"master_deck":["AscendersBane","Strike_G","Strike_G","Strike_G","Strike_G","Defend_G","Defend_G","Defend_G","Defend_G","Defend_G","Survivor","Neutralize","Underhanded Strike","Quick Slash","Burst+1","Blade Dance+1","Accuracy","Crippling Poison","Accuracy","After Image","Phantasmal Killer+1","Acrobatics","Accuracy","Footwork+1"],"relics":["SacredBark","Blood Vial","Regal Pillow","Anchor","Coffee Dripper","Centennial Puzzle","Pantograph"],"acts_visited":["Exordium","TheCity"],"potions_floor_usage":[16,22,24],"damage_taken":[{"damage":9.0,"enemies":"Jaw Worm","floor":1.0,"turns":6.0},{"damage":4.0,"enemies":"2 Louse","floor":2.0,"turns":3.0},{"damage":0.0,"enemies":"Cultist","floor":3.0,"turns":4.0},{"damage":7.0,"enemies":"2 Fungi Beasts","floor":4.0,"turns":5.0},{"damage":4.0,"enemies":"3 Louse","floor":5.0,"turns":3.0},{"damage":7.0,"enemies":"Lagavulin","floor":7.0,"turns":7.0},{"damage":0.0,"enemies":"Gremlin Gang","floor":10.0,"turns":3.0},{"damage":18.0,"enemies":"2 Fungi Beasts","floor":11.0,"turns":5.0},{"damage":13.0,"enemies":"Lots of Slimes","floor":13.0,"turns":4.0},{"damage":0.0,"enemies":"3 Sentries","floor":14.0,"turns":2.0},{"damage":8,"enemies":"Hexaghost","floor":16,"turns":8},{"damage":4,"enemies":"Chosen","floor":18,"turns":3},{"damage":19,"enemies":"Spheric Guardian","floor":21,"turns":4},{"damage":25,"enemies":"Snake Plant","floor":22,"turns":4},{"damage":20,"enemies":"Chosen and Byrds","floor":24,"turns":3}],"seed_played":"3712711361324021814","potions_obtained":[{"floor":3.0,"key":"EssenceOfSteel"},{"floor":4.0,"key":"DistilledChaos"},{"floor":11.0,"key":"SteroidPotion"},{"floor":14.0,"key":"Poison Potion"},{"floor":16,"key":"GhostInAJar"},{"floor":21,"key":"LiquidBronze"},{"floor":22,"key":"Energy Potion"}],"is_trial":false,"path_per_floor":["M","M","M","M","M","R","E","R","T","M","M","?","M","E","R","B",null,"M","?","$","M","M","R","M"],"character_chosen":"THE_SILENT","items_purchased":["Pantograph","Accuracy"],"campfire_rested":1,"item_purchase_floors":[20,20],"current_hp_per_floor":[50,46,46,39,35,35,28,47,47,49,33,33,22,24,24,18,54,52,52,52,35,12,12,0,0],"gold":35,"neow_bonus":"BOSS_RELIC","is_daily":false,"chose_seed":false,"campfire_upgraded":3,"win_rate":0.0,"timestamp":1608258057,"path_taken":["M","M","M","M","M","R","E","R","T","M","M","?","M","E","R","BOSS","M","?","?","M","M","R","M"],"items_purchased_type":["Relic","Card"],"build_version":"2020-12-13","purchased_purges":0,"victory":false,"max_hp_per_floor":[66,66,66,66,66,66,66,66,66,66,66,66,66,66,66,66,66,66,66,66,66,66,66,66,66],"relic_stats":{"Blood Vial":18,"Regal Pillow":0,"Centennial Puzzle":[9],"counters":[15,64],"Pantograph":0,"obtain_stats":[{"Blood Vial":7,"Regal Pillow":9,"Anchor":14,"Centennial Puzzle":19,"SacredBark":0,"Pantograph":20,"Coffee Dripper":17,"Ring of the Snake":0},{"Blood Vial":6,"Regal Pillow":6,"Anchor":10,"Centennial Puzzle":12,"SacredBark":0,"Pantograph":12,"Coffee Dripper":11,"Ring of the Snake":0},{"Blood Vial":28,"Regal Pillow":28,"Anchor":42,"Centennial Puzzle":53,"SacredBark":0,"Pantograph":53,"Coffee Dripper":50,"Ring of the Snake":0}]},"card_choices":[{"not_picked":["Slice","Dodge and Roll"],"picked":"Underhanded Strike","floor":1.0},{"not_picked":["Acrobatics","Deadly Poison"],"picked":"Quick Slash","floor":2.0},{"not_picked":["Underhanded Strike","Masterful Stab"],"picked":"Burst","floor":3.0},{"not_picked":["Underhanded Strike","Backflip"],"picked":"Blade Dance","floor":4.0},{"not_picked":["Deadly Poison","Outmaneuver"],"picked":"Accuracy","floor":5.0},{"not_picked":["Bullet Time","Bane"],"picked":"Crippling Poison","floor":7.0},{"not_picked":["Poisoned Stab","Riddle With Holes","Deflect"],"picked":"SKIP","floor":10.0},{"not_picked":["Setup","Outmaneuver"],"picked":"Accuracy","floor":11.0},{"not_picked":["Outmaneuver","Acrobatics","Flying Knee"],"picked":"SKIP","floor":13.0},{"not_picked":["Wraith Form v2","Distraction"],"picked":"After Image","floor":14.0},{"not_picked":["Malaise","Burst"],"picked":"Phantasmal Killer","floor":16},{"not_picked":["Dagger Throw","Deadly Poison"],"picked":"Acrobatics","floor":18},{"not_picked":["Slice+1","Heel Hook+1"],"picked":"Footwork+1","floor":21},{"not_picked":["Calculated Gamble","Predator","Dagger Throw"],"picked":"SKIP","floor":22}],"player_experience":1366507,"relics_obtained":[{"floor":7.0,"key":"Blood Vial"},{"floor":9.0,"key":"Regal Pillow"},{"floor":14.0,"key":"Anchor"}],"event_choices":[{"cards_removed":["Strike_G"],"damage_healed":0.0,"max_hp_gain":0.0,"max_hp_loss":0.0,"gold_gain":0.0,"event_name":"The Cleric","player_choice":"Card Removal","floor":12.0,"gold_loss":75.0,"damage_taken":0.0},{"damage_healed":0,"gold_gain":0,"player_choice":"Gave Potion","damage_taken":0,"relics_obtained":["Centennial Puzzle"],"max_hp_gain":0,"max_hp_loss":0,"event_name":"WeMeetAgain","floor":19,"gold_loss":0}],"is_beta":false,"boss_relics":[{"not_picked":["Snecko Eye","Black Star"],"picked":"Coffee Dripper"}],"items_purged_floors":[],"is_endless":false,"potions_floor_spawned":[3,4,11,14,16,21,22],"killed_by":"Chosen and Byrds","ascension_level":20}}