{"host":"fqid566djxhwi0rl","time":1608311801,"event":{"mods":["2.2 Compatiblity","AchievementEnabler","Aspiration","BaseMod","Downfall","Energized Spire","Faster Ascension Climbing","GifTheSpireLib","Minty Spire (QoL Compilation)","Replay The Spire","StSLib","The Blackbeard","The Gatherer","Trackpad","Yuri Mod"],"gold_per_floor":[115,133,147,160,172,198,198,229,283,311,311,336,336,11,11,11,11],"floor_reached":16,"playtime":1016,"items_purged":["Guardian:Strike_Guardian"],"score":176,"play_id":"909b0f56-3e1a-4b5e-bf9f-d0673d3dbb43","local_time":"20201218191641","is_ascension_mode":true,"campfire_choices":[{"floor":7,"key":"REST"},{"floor":13,"key":"REST"},{"data":"Guardian:TemporalShield","floor":15,"key":"SMITH"}],"circlet_count":0,"master_deck":["Guardian:Strike_Guardian","Guardian:Strike_Guardian","Guardian:Strike_Guardian","Guardian:Defend_Guardian","Guardian:Defend_Guardian+1","Guardian:Defend_Guardian","Guardian:Defend_Guardian","Guardian:CurlUp+1","Guardian:TwinSlam","Guardian:ChargeCore","Guardian:TimeCapacitor","Guardian:Recover","Guardian:TemporalShield+1","Guardian:Reroute","Guardian:ExploitGems","Guardian:FastForward"],"relics":["ChewingGum","trackpad:IceCube","War Paint","Strawberry","Pocketwatch","aspiration:ChemicalBlood","Letter Opener"],"acts_visited":["Exordium"],"potions_floor_usage":[8,10,12,16,16],"damage_taken":[{"damage":1,"enemies":"Cultist","floor":1,"turns":3},{"damage":7,"enemies":"Jaw Worm","floor":2,"turns":3},{"damage":5,"enemies":"2 Louse","floor":3,"turns":2},{"damage":15,"enemies":"Large Slime","floor":4,"turns":7},{"damage":7,"enemies":"2 Fungi Beasts","floor":5,"turns":3},{"damage":31,"enemies":"Replay:BlueRogue","floor":6,"turns":12},{"damage":27,"enemies":"Gremlin Nob","floor":8,"turns":5},{"damage":4,"enemies":"Lagavulin","floor":10,"turns":8},{"damage":5,"enemies":"Gremlin Nob","floor":12,"turns":5},{"damage":53,"enemies":"The Guardian","floor":16,"turns":11}],"seed_played":"9105458229633888167","potions_obtained":[{"floor":6,"key":"Weak Potion"},{"floor":8,"key":"Flashbang"},{"floor":10,"key":"Weak Potion"},{"floor":11,"key":"Guardian:StasisDiscoveryPotion"},{"floor":11,"key":"Guardian:StasisDiscoveryPotion"},{"floor":12,"key":"LifebloodPotion"}],"is_trial":false,"path_per_floor":["M","M","M","M","M","E","R","E","T","E","?","E","R","$","R","B"],"character_chosen":"GUARDIAN","items_purchased":["Letter Opener"],"campfire_rested":2,"item_purchase_floors":[14],"current_hp_per_floor":[71,64,59,44,37,6,30,3,10,6,6,1,27,27,27,0,0],"gold":11,"neow_bonus":"BOSS_RELIC","is_daily":false,"chose_seed":false,"campfire_upgraded":1,"win_rate":0.0,"timestamp":1608311801,"path_taken":["M","M","?","M","M","E","R","E","T","E","?","E","R","$","R","BOSS"],"items_purchased_type":["Relic"],"build_version":"2020-12-13","purchased_purges":1,"victory":false,"max_hp_per_floor":[80,80,80,80,80,80,80,80,87,87,87,87,87,87,87,87,87],"card_choices":[{"not_picked":["Guardian:TemporalShield","Guardian:CrystalBeam"],"picked":"Guardian:ChargeCore","floor":1},{"not_picked":["Guardian:Planning","Guardian:Gem_Cyan"],"picked":"Guardian:TimeCapacitor","floor":2},{"not_picked":["Guardian:Gem_Green","Guardian:PiercingHide"],"picked":"Guardian:Recover","floor":3},{"not_picked":["Guardian:GuardianWhirl","Guardian:Emergency"],"picked":"Guardian:Gem_Cyan","floor":4},{"not_picked":["Guardian:Planning","Guardian:PrismaticBeam"],"picked":"Guardian:TemporalShield","floor":5},{"not_picked":["Guardian:Gem_Lightblue","Guardian:TimeCapacitor"],"picked":"Guardian:Reroute","floor":6},{"not_picked":["Guardian:GuardianWhirl","Guardian:SentryBeam"],"picked":"Guardian:Gem_White","floor":8},{"not_picked":["Guardian:Harden","Guardian:Incinerate"],"picked":"Guardian:ExploitGems","floor":10},{"not_picked":["Guardian:Recover","Guardian:RollAttack"],"picked":"Guardian:FastForward","floor":12}],"player_experience":714266,"relics_obtained":[{"floor":6,"key":"trackpad:IceCube"},{"floor":8,"key":"War Paint"},{"floor":9,"key":"Strawberry"},{"floor":10,"key":"Pocketwatch"},{"floor":12,"key":"aspiration:ChemicalBlood"}],"event_choices":[{"damage_healed":0,"gold_gain":0,"player_choice":"Got Potions","damage_taken":0,"max_hp_gain":0,"max_hp_loss":0,"event_name":"Lab","floor":11,"gold_loss":0}],"is_beta":false,"boss_relics":[],"items_purged_floors":[14],"is_endless":false,"potions_floor_spawned":[6,8,10,12],"killed_by":"The Guardian","ascension_level":7}}