{"host":"wha9hktbkslqvblg","time":1608298510,"event":{"mods":["BaseMod","Colored Map","Minty Spire (QoL Compilation)","Relic Stats","SuperFastMode","everything is the same but u backflip on backflip"],"gold_per_floor":[117,67,80,30,30,30,40,40,40,56,21,21,21,31,31,108,108,127,127,144,144,94,94,94],"floor_reached":23,"playtime":499,"items_purged":["Strike_R","Strike_R","Bash"],"score":358,"play_id":"007cb76f-4ef1-419c-91bc-5cc82ef5e432","local_time":"20201218223510","is_ascension_mode":true,"campfire_choices":[{"data":"Body Slam","floor":6.0,"key":"SMITH"},{"data":"Blood for Blood","floor":13.0,"key":"SMITH"},{"data":"Armaments","floor":15.0,"key":"SMITH"}],"circlet_count":0,"master_deck":["AscendersBane","CurseOfTheBell","Body Slam+1","Impervious","Shrug It Off","Blood for Blood+1","Armaments+1","Barricade"],"relics":["Calling Bell","Smiling Mask","Ornamental Fan","Prayer Wheel","Turnip","Pandora\u0027s Box"],"acts_visited":["Exordium","TheCity"],"potions_floor_usage":[18],"damage_taken":[{"damage":19.0,"enemies":"Small Slimes","floor":1.0,"turns":4.0},{"damage":4.0,"enemies":"2 Louse","floor":3.0,"turns":4.0},{"damage":21.0,"enemies":"Jaw Worm","floor":7.0,"turns":5.0},{"damage":17.0,"enemies":"Exordium Wildlife","floor":10.0,"turns":9.0},{"damage":6.0,"enemies":"Looter","floor":14.0,"turns":2.0},{"damage":18.0,"enemies":"The Guardian","floor":16.0,"turns":12.0},{"damage":18,"enemies":"3 Byrds","floor":18,"turns":5},{"damage":15,"enemies":"Spheric Guardian","floor":20,"turns":6},{"damage":10,"enemies":"Gremlin Leader","floor":23,"turns":2}],"seed_played":"-6787388843201697109","potions_obtained":[{"floor":10.0,"key":"CultistPotion"},{"floor":16.0,"key":"PowerPotion"},{"floor":20,"key":"FairyPotion"}],"is_trial":false,"path_per_floor":["M","$","M","$","?","R","M","?","T","M","?","?","R","M","R","B",null,"M","$","M","?","$","E"],"character_chosen":"IRONCLAD","items_purchased":[],"campfire_rested":0,"item_purchase_floors":[],"current_hp_per_floor":[49,49,45,45,45,45,24,24,24,7,25,25,25,19,19,1,57,39,39,24,24,24,14,14],"gold":94,"neow_bonus":"BOSS_RELIC","is_daily":false,"chose_seed":false,"campfire_upgraded":3,"win_rate":0.0,"timestamp":1608298510,"path_taken":["M","$","M","$","?","R","M","?","T","M","?","?","R","M","R","BOSS","M","$","M","?","$","E"],"items_purchased_type":[],"build_version":"2020-12-13","purchased_purges":3,"victory":false,"max_hp_per_floor":[75,75,75,75,75,75,75,75,75,75,75,75,75,75,75,75,75,75,75,75,75,75,75,75],"relic_stats":{"counters":[9,49],"Ornamental Fan":[8],"Prayer Wheel":7,"Pandora\u0027s Box":["Warcry","Second Wind","Double Tap","Reaper","Cleave","Clash"],"Turnip":[9],"Smiling Mask":150,"obtain_stats":[{"Calling Bell":0,"Ornamental Fan":0,"Prayer Wheel":0,"Pandora\u0027s Box":17,"Turnip":9,"Smiling Mask":0,"Burning Blood":0},{"Calling Bell":0,"Ornamental Fan":0,"Prayer Wheel":0,"Pandora\u0027s Box":6,"Turnip":3,"Smiling Mask":0,"Burning Blood":0},{"Calling Bell":0,"Ornamental Fan":0,"Prayer Wheel":0,"Pandora\u0027s Box":36,"Turnip":13,"Smiling Mask":0,"Burning Blood":0}]},"card_choices":[{"not_picked":["Warcry","Twin Strike","Perfected Strike"],"picked":"SKIP","floor":1.0},{"not_picked":["Dark Embrace","Headbutt","Whirlwind"],"picked":"SKIP","floor":1.0},{"not_picked":["Flex","Havoc"],"picked":"Body Slam","floor":3.0},{"not_picked":["Twin Strike","Sentinel","Body Slam"],"picked":"SKIP","floor":3.0},{"not_picked":["Wild Strike","Flex"],"picked":"Impervious","floor":7.0},{"not_picked":["Rupture","Havoc"],"picked":"Shrug It Off","floor":7.0},{"not_picked":["Warcry","Inflame","Blood for Blood"],"picked":"SKIP","floor":10.0},{"not_picked":["Clothesline","Sword Boomerang","Hemokinesis"],"picked":"SKIP","floor":10.0},{"not_picked":["Warcry","Inflame"],"picked":"Blood for Blood","floor":10.0},{"not_picked":["Clothesline","Sword Boomerang","Hemokinesis"],"picked":"SKIP","floor":10.0},{"not_picked":["Headbutt","Blood for Blood"],"picked":"Armaments","floor":14.0},{"not_picked":["True Grit","Shrug It Off","Sword Boomerang"],"picked":"SKIP","floor":14.0},{"not_picked":["Feed","Limit Break"],"picked":"Barricade","floor":16.0},{"not_picked":["Uppercut","Pommel Strike","True Grit"],"picked":"SKIP","floor":18},{"not_picked":["Anger","Clash+1","Body Slam"],"picked":"SKIP","floor":18},{"not_picked":["Cleave+1","Warcry","Ghostly Armor"],"picked":"SKIP","floor":20},{"not_picked":["Iron Wave","Combust","True Grit"],"picked":"SKIP","floor":20}],"player_experience":872408,"relics_obtained":[{"floor":0.0,"key":"Smiling Mask"},{"floor":0.0,"key":"Ornamental Fan"},{"floor":0.0,"key":"Prayer Wheel"},{"floor":9.0,"key":"Turnip"}],"event_choices":[{"damage_healed":0.0,"max_hp_gain":0.0,"max_hp_loss":0.0,"gold_gain":0.0,"event_name":"Liars Game","player_choice":"Ignored","floor":5.0,"gold_loss":0.0,"damage_taken":0.0},{"damage_healed":0.0,"max_hp_gain":0.0,"max_hp_loss":0.0,"gold_gain":0.0,"event_name":"Scrap Ooze","player_choice":"Fled","floor":8.0,"gold_loss":0.0,"damage_taken":0.0},{"damage_healed":18.0,"max_hp_gain":0.0,"max_hp_loss":0.0,"gold_gain":0.0,"event_name":"The Cleric","player_choice":"Healed","floor":11.0,"gold_loss":35.0,"damage_taken":0.0},{"cards_removed":["Strike_R"],"damage_healed":0.0,"max_hp_gain":0.0,"max_hp_loss":0.0,"gold_gain":0.0,"event_name":"Living Wall","player_choice":"Forget","floor":12.0,"gold_loss":0.0,"damage_taken":0.0}],"is_beta":false,"boss_relics":[{"not_picked":["Astrolabe","SlaversCollar"],"picked":"Pandora\u0027s Box"}],"items_purged_floors":[2,4,22],"is_endless":false,"potions_floor_spawned":[10,16,20],"killed_by":"Gremlin Leader","ascension_level":20}}