{"host":"n3pcl7mteoua0i12","time":1608278550,"event":{"mods":["BaseMod","Minty Spire (QoL Compilation)","StSLib","The Servant 0.9.4"],"gold_per_floor":[114,114,130,142,154,154,188,188,188,188,188,188,188],"floor_reached":12,"playtime":426,"items_purged":[],"score":78,"play_id":"d52b36ba-54e8-4b1d-b71a-9177702f664f","local_time":"20201218000230","is_ascension_mode":false,"campfire_choices":[{"data":"Desolation","floor":6,"key":"SMITH"},{"data":"ShatteredReality","floor":8,"key":"SMITH"}],"circlet_count":0,"master_deck":["Strike_S","Strike_S","Strike_S","Strike_S","Defend_S","Defend_S","Defend_S","Defend_S","KidneyShot+1","Exchange","TimeWarp","Desolation+1","FastForward","Snipe+1","ShatteredReality+1"],"relics":["Uniform","Pen Nib","InkBottle","Mummified Hand"],"acts_visited":["Exordium"],"potions_floor_usage":[7,12],"damage_taken":[{"damage":3,"enemies":"Jaw Worm","floor":1,"turns":6},{"damage":1,"enemies":"Cultist","floor":3,"turns":4},{"damage":0,"enemies":"2 Louse","floor":4,"turns":2},{"damage":13,"enemies":"2 Fungi Beasts","floor":5,"turns":3},{"damage":9,"enemies":"Gremlin Nob","floor":7,"turns":4},{"damage":4,"enemies":"3 Sentries","floor":12,"turns":2}],"seed_played":"3321652656700464485","potions_obtained":[{"floor":1,"key":"GamblersBrew"},{"floor":5,"key":"EssenceOfSteel"},{"floor":7,"key":"PowerPotion"}],"is_trial":false,"path_per_floor":["M","?","M","M","M","R","E","R","T","?","?","E"],"character_chosen":"THE_SERVANT","items_purchased":[],"campfire_rested":0,"item_purchase_floors":[],"current_hp_per_floor":[68,68,67,67,54,54,45,45,45,3,3,0,0],"gold":188,"neow_bonus":"TEN_PERCENT_HP_BONUS","is_daily":false,"chose_seed":false,"campfire_upgraded":2,"win_rate":0.0,"timestamp":1608278550,"path_taken":["M","?","M","?","M","R","E","R","T","?","?","E"],"items_purchased_type":[],"build_version":"2020-12-13","purchased_purges":0,"victory":false,"max_hp_per_floor":[71,71,71,71,71,71,71,71,71,71,71,71,71],"card_choices":[{"not_picked":["Gouge","Revamp"],"picked":"TimeWarp","floor":1},{"not_picked":["Gouge","BestPractice"],"picked":"Desolation","floor":3},{"not_picked":["Ricochet","BottledTime"],"picked":"FastForward","floor":4},{"not_picked":["WasteNot","DoubleEdge"],"picked":"Snipe","floor":5},{"not_picked":["Manipulate","MoonPhase"],"picked":"ShatteredReality","floor":7}],"player_experience":412292,"relics_obtained":[{"floor":7,"key":"Pen Nib"},{"floor":9,"key":"InkBottle"}],"event_choices":[{"damage_healed":0,"gold_gain":0,"player_choice":"Forge","damage_taken":0,"max_hp_gain":0,"max_hp_loss":0,"event_name":"Accursed Blacksmith","floor":2,"gold_loss":0,"cards_upgraded":["KidneyShot"]},{"damage_healed":0,"gold_gain":0,"player_choice":"Success","damage_taken":42,"relics_obtained":["Mummified Hand"],"max_hp_gain":0,"max_hp_loss":0,"event_name":"Scrap Ooze","floor":10,"gold_loss":0},{"damage_healed":0,"gold_gain":0,"player_choice":"Grow","damage_taken":0,"max_hp_gain":0,"max_hp_loss":0,"event_name":"Living Wall","floor":11,"gold_loss":0,"cards_upgraded":["Snipe"]}],"is_beta":false,"boss_relics":[],"items_purged_floors":[],"is_endless":false,"potions_floor_spawned":[1,5,7],"killed_by":"3 Sentries","ascension_level":0}}