{"host":"ifd7sfhtlbe34qll","time":1608272972,"event":{"mods":["2.2 Compatiblity","BaseMod","Block Reminder","Colored Map","Downfall","Highlight Path","Minty Spire (QoL Compilation)","Potion Indicator Mod","Quick Restart","Random Character Button","Relic Stats","StSLib"],"gold_per_floor":[99,128,128,146,146,146,170,196,196,225,235,335,15,15,31,126,126,51,64,80,106,122,122,122,141,169,169,187,197,197,37,52,157,157,157,184,109,136,147,165,188,203,216,141,153,503,314,227,244,244,244,271,46,46,46],"floor_reached":56,"playtime":3957,"items_purged":["champ:Strike","champ:Strike","champ:Strike","champ:Strike"],"score":1635,"play_id":"a035a500-583b-4183-a516-6654ff37bbe3","local_time":"20201218002932","is_ascension_mode":true,"campfire_choices":[{"data":"champ:Taunt","floor":1.0,"key":"SMITH"},{"data":"champ:Execute","floor":3.0,"key":"SMITH"},{"data":"champ:TornadoPunch","floor":5.0,"key":"SMITH"},{"floor":9.0,"key":"REST"},{"data":"champ:MurderStrike","floor":18.0,"key":"SMITH"},{"data":"champ:PerfectForm","floor":27.0,"key":"SMITH"},{"floor":35.0,"key":"RECALL"},{"floor":37.0,"key":"REST"},{"floor":44,"key":"REST"},{"floor":54,"key":"REST"}],"circlet_count":0,"master_deck":["champ:Defend","champ:Defend","champ:Defend","champ:Defend","champ:Execute+1","champ:Taunt+1","champ:LastStand+1","champ:Balance","champ:TornadoPunch+1","champ:MurderStrike+1","champ:Duel+1","champ:ShieldWall+1","champ:FocusedDefense+1","champ:BringItOn+1","champ:Lariat+1","champ:EnchantShield+1","champ:BladeFlurry+1","champ:ViciousMockery+1","champ:SteelEdge","Ghostly+1","Ghostly+1","Ghostly+1","Ghostly+1","Ghostly+1","champ:PerfectForm+1","champ:RisingSlash+1","champ:Circumvent+1","champ:Circumvent+1","champ:CheapShot","champ:CheapShot","champ:EnGarde+1","champ:FalseCounter+1","champ:Circumvent+1","champ:Haymaker+1","champ:TornadoPunch+1","champ:ArenaPreparation+1","champ:DefensiveShout+1","champ:LastStand","Apotheosis+1","champ:FocusedGladiator+1","champ:FocusedGladiator+1","champ:Balance+1"],"relics":["champ:ChampionCrown","Omamori","downfall:ShatteredFragment","Pantograph","Toxic Egg 2","CloakClasp","Bag of Preparation","SlaversCollar","downfall:HeartBlessingGreen","Mercury Hourglass","Pear","Happy Flower","Nloth\u0027s Gift","Fusion Hammer","InkBottle","downfall:HeartBlessingRed","Lantern","downfall:HeartBlessingBlue","Old Coin","champ:FightingForDummies","Guardian:PocketSentry"],"acts_visited":["Exordium","TheCity","TheBeyond","TheEnding"],"potions_floor_usage":[55,55],"damage_taken":[{"damage":52.0,"enemies":"Lagavulin","floor":2.0,"turns":8.0},{"damage":8.0,"enemies":"2 Louse","floor":4.0,"turns":3.0},{"damage":0.0,"enemies":"Gremlin Nob","floor":8.0,"turns":3.0},{"damage":15.0,"enemies":"Lagavulin","floor":10.0,"turns":7.0},{"damage":0.0,"enemies":"Small Slimes","floor":11.0,"turns":2.0},{"damage":23.0,"enemies":"Small Slimes","floor":12.0,"turns":4.0},{"damage":10.0,"enemies":"downfall:FleeingMerchant","floor":13.0,"turns":4.0},{"damage":0.0,"enemies":"Jaw Worm","floor":15.0,"turns":2.0},{"damage":15.0,"enemies":"downfall:Watcher","floor":16.0,"turns":7.0},{"damage":5.0,"enemies":"Spheric Guardian","floor":19.0,"turns":3.0},{"damage":0.0,"enemies":"Shell Parasite","floor":20.0,"turns":4.0},{"damage":11.0,"enemies":"Book of Stabbing","floor":21.0,"turns":5.0},{"damage":7.0,"enemies":"3 Cultists","floor":22.0,"turns":5.0},{"damage":6.0,"enemies":"Sentry and Sphere","floor":25.0,"turns":5.0},{"damage":5.0,"enemies":"Gremlin Leader","floor":26.0,"turns":8.0},{"damage":0.0,"enemies":"Centurion and Healer","floor":28.0,"turns":8.0},{"damage":11.0,"enemies":"Cultist and Chosen","floor":29.0,"turns":6.0},{"damage":26.0,"enemies":"downfall:FleeingMerchant","floor":31.0,"turns":4.0},{"damage":0.0,"enemies":"Snake Plant","floor":32.0,"turns":4.0},{"damage":60.0,"enemies":"downfall:Ironclad","floor":33.0,"turns":7.0},{"damage":22.0,"enemies":"Giant Head","floor":36.0,"turns":10.0},{"damage":26.0,"enemies":"Nemesis","floor":38.0,"turns":6.0},{"damage":27,"enemies":"3 Darklings","floor":39,"turns":4},{"damage":13,"enemies":"3 Shapes","floor":40,"turns":3},{"damage":6,"enemies":"Sphere and 2 Shapes","floor":42,"turns":6},{"damage":35,"enemies":"Spire Growth","floor":43,"turns":3},{"damage":0,"enemies":"Jaw Worm Horde","floor":45,"turns":4},{"damage":0,"enemies":"2 Orb Walkers","floor":46,"turns":4},{"damage":5,"enemies":"downfall:FleeingMerchant","floor":47,"turns":4},{"damage":11,"enemies":"downfall:FleeingMerchant","floor":48,"turns":1},{"damage":4,"enemies":"4 Shapes","floor":49,"turns":1},{"damage":15,"enemies":"downfall:Defect","floor":50,"turns":8},{"damage":32,"enemies":"downfall:CharBossMerchant","floor":52,"turns":10},{"damage":41,"enemies":"downfall:NeowBoss","floor":55,"turns":21}],"seed_played":"7134013681661758252","potions_obtained":[{"floor":2.0,"key":"hexamod:EctoCoolerPotion"},{"floor":10.0,"key":"AttackPotion"},{"floor":12.0,"key":"hexamod:EctoCoolerPotion"},{"floor":19.0,"key":"AttackPotion"},{"floor":21.0,"key":"EntropicBrew"},{"floor":29.0,"key":"LiquidBronze"},{"floor":33.0,"key":"ColorlessPotion"}],"is_trial":false,"path_per_floor":["R","E","R","M","R","?","T","E","R","E","M","?","$","?","M","B",null,"R","M","M","E","M","?","T","M","E","R","M","M","?","$","M","B",null,"R","E","R","E","M","M","T","M","M","R","M","?","$","$","M","B",null,"E","$","R","B",null],"character_chosen":"THE_CHAMP","items_purchased":["Bag of Preparation","champ:FocusedDefense+1","champ:BringItOn+1","champ:Circumvent+1","champ:DefensiveShout+1","Apotheosis+1","CultistPotion","Guardian:PocketSentry","champ:Balance+1"],"campfire_rested":4,"item_purchase_floors":[13,13,13,31,47,48,48,53,53],"current_hp_per_floor":[90,53,53,45,45,18,18,18,45,35,35,22,27,27,27,42,90,90,90,90,84,77,45,55,49,49,49,49,49,49,47,47,18,55,55,55,55,55,55,55,55,54,24,53,53,53,53,53,49,55,65,48,48,65,65],"gold":46,"neow_bonus":"ONE_RANDOM_RARE_CARD","is_daily":false,"chose_seed":false,"campfire_upgraded":5,"win_rate":0.0,"timestamp":1608272972,"path_taken":["R","E","R","M","R","?","T","E","R","E","M","?","$","?","M","BOSS","R","M","M","E","M","?","T","M","E","R","M","M","?","$","M","BOSS","R","E","R","E","M","M","T","?","M","R","M","?","$","$","M","BOSS","E","$","R","BOSS"],"items_purchased_type":["Relic","Card","Card","Card","Card","Card","Potion","Relic","Card"],"build_version":"2020-12-13","purchased_purges":4,"victory":true,"max_hp_per_floor":[90,90,90,90,90,90,90,90,90,90,90,90,90,90,90,90,90,90,90,90,90,90,45,55,55,55,55,55,55,55,55,55,55,55,55,55,55,55,55,55,55,55,55,65,65,65,65,65,65,65,65,65,65,65,65],"relic_stats":{"Happy Flower":[38],"counters":[34,184],"Pantograph":49,"CloakClasp":[489],"Bag of Preparation":[54],"Nloth\u0027s Gift":1,"obtain_stats":[{"Lantern":38,"downfall:ShatteredFragment":6,"Pear":24,"Happy Flower":26,"downfall:HeartBlessingRed":37,"champ:ChampionCrown":0,"downfall:HeartBlessingGreen":18,"Omamori":2,"CloakClasp":12,"Bag of Preparation":13,"Guardian:PocketSentry":53,"Mercury Hourglass":21,"Old Coin":46,"SlaversCollar":17,"downfall:HeartBlessingBlue":44,"Pantograph":8,"Fusion Hammer":34,"Nloth\u0027s Gift":30,"hexamod:BolsterEngine":7,"Toxic Egg 2":10,"champ:FightingForDummies":52,"InkBottle":36},{"Lantern":22,"downfall:ShatteredFragment":2,"Pear":13,"Happy Flower":15,"downfall:HeartBlessingRed":21,"champ:ChampionCrown":0,"downfall:HeartBlessingGreen":9,"Omamori":1,"CloakClasp":6,"Bag of Preparation":7,"Guardian:PocketSentry":33,"Mercury Hourglass":12,"Old Coin":28,"SlaversCollar":9,"downfall:HeartBlessingBlue":26,"Pantograph":3,"Fusion Hammer":20,"Nloth\u0027s Gift":17,"hexamod:BolsterEngine":2,"Toxic Egg 2":4,"champ:FightingForDummies":33,"InkBottle":21},{"Lantern":115,"downfall:ShatteredFragment":11,"Pear":57,"Happy Flower":70,"downfall:HeartBlessingRed":109,"champ:ChampionCrown":0,"downfall:HeartBlessingGreen":40,"Omamori":8,"CloakClasp":27,"Bag of Preparation":31,"Guardian:PocketSentry":163,"Mercury Hourglass":52,"Old Coin":139,"SlaversCollar":40,"downfall:HeartBlessingBlue":131,"Pantograph":14,"Fusion Hammer":99,"Nloth\u0027s Gift":84,"hexamod:BolsterEngine":11,"Toxic Egg 2":21,"champ:FightingForDummies":163,"InkBottle":109}],"InkBottle":[38],"Mercury Hourglass":[411]},"card_choices":[{"not_picked":["champ:EnragedBash","champ:StanceDance"],"picked":"champ:Balance","floor":2.0},{"not_picked":["champ:Backstep","champ:Haymaker"],"picked":"champ:TornadoPunch","floor":4.0},{"not_picked":["champ:ShieldWall","champ:RapidStrikes","champ:Control"],"picked":"SKIP","floor":8.0},{"not_picked":["champ:FlashCut","champ:Backstep+1"],"picked":"champ:MurderStrike","floor":10.0},{"not_picked":["champ:GutPunch","champ:StanceDance+1"],"picked":"champ:Duel","floor":11.0},{"not_picked":["champ:AdrenalArmor+1","champ:TornadoPunch"],"picked":"champ:ShieldWall","floor":12.0},{"not_picked":["champ:StanceDance+1","champ:Encircle","champ:FanOfKnives"],"picked":"SKIP","floor":13.0},{"not_picked":["champ:Backstep+1","champ:CrookedStrike"],"picked":"champ:Lariat+1","floor":15.0},{"not_picked":["champ:VampiricStrike","champ:EnchantSword+1"],"picked":"champ:EnchantShield+1","floor":16.0},{"not_picked":["champ:AdrenalArmor+1","champ:FanOfKnives","champ:Backstep+1"],"picked":"SKIP","floor":19.0},{"not_picked":["champ:StanceDance+1","champ:DefensiveShout+1"],"picked":"champ:BladeFlurry+1","floor":20.0},{"not_picked":["champ:Encircle","champ:Haymaker"],"picked":"champ:ViciousMockery+1","floor":21.0},{"not_picked":["champ:BringItOn+1","champ:CrookedStrike"],"picked":"champ:SteelEdge","floor":22.0},{"not_picked":["champ:PerfectedStrike","champ:BringItOn+1","champ:FaceSlap"],"picked":"SKIP","floor":25.0},{"not_picked":["champ:Circumvent+1","champ:ShieldWall+1"],"picked":"champ:PerfectForm","floor":26.0},{"not_picked":["champ:BringItOn+1","champ:PerfectedStrike"],"picked":"champ:RisingSlash+1","floor":28.0},{"not_picked":["champ:ViciousMockery+1","champ:Haymaker"],"picked":"champ:Circumvent+1","floor":29.0},{"not_picked":["champ:BerserkersShout+1","champ:FlashCut","champ:Shatter"],"picked":"SKIP","floor":31.0},{"not_picked":["champ:BerserkersShout+1","champ:TornadoPunch","champ:StanceDance+1"],"picked":"SKIP","floor":32.0},{"not_picked":["champ:LastStand","champ:CrownThrow"],"picked":"champ:CheapShot","floor":33.0},{"not_picked":["champ:DefensiveShout+1","champ:EnragedBash+1"],"picked":"champ:CheapShot","floor":36.0},{"not_picked":["champ:BerserkerStyle+1","champ:Backstep+1","champ:BerserkersShout+1"],"picked":"SKIP","floor":38.0},{"not_picked":["champ:BerserkerStyle+1","champ:Backstep+1","champ:BerserkersShout+1"],"picked":"SKIP","floor":38.0},{"not_picked":["champ:PerfectedStrike+1","champ:Shatter+1","champ:Haymaker"],"picked":"SKIP","floor":39},{"not_picked":["champ:AdrenalArmor+1","champ:FanOfKnives+1"],"picked":"champ:EnGarde+1","floor":40},{"not_picked":["champ:BringItOn+1","champ:CrookedStrike+1"],"picked":"champ:FalseCounter+1","floor":42},{"not_picked":["champ:Encircle+1","champ:FlashCut"],"picked":"champ:Circumvent+1","floor":43},{"not_picked":["champ:DefensiveShout+1","champ:GutPunch"],"picked":"champ:Haymaker+1","floor":45},{"not_picked":["champ:Backstep+1","champ:Circumvent+1"],"picked":"champ:TornadoPunch+1","floor":46},{"not_picked":["champ:Haymaker","champ:RisingSlash"],"picked":"champ:ArenaPreparation+1","floor":47},{"not_picked":["champ:Aggression+1","champ:Backstep+1"],"picked":"champ:LastStand","floor":48},{"not_picked":["champ:FocusedDefense+1","champ:Backstep+1"],"picked":"champ:FocusedGladiator+1","floor":49},{"not_picked":["champ:Haymaker+1","champ:Encircle+1"],"picked":"champ:FocusedGladiator+1","floor":52}],"player_experience":1583185,"relics_obtained":[{"floor":2.0,"key":"Omamori"},{"floor":7.0,"key":"hexamod:BolsterEngine"},{"floor":8.0,"key":"Pantograph"},{"floor":10.0,"key":"Toxic Egg 2"},{"floor":12.0,"key":"CloakClasp"},{"floor":21.0,"key":"Mercury Hourglass"},{"floor":24.0,"key":"Pear"},{"floor":26.0,"key":"Happy Flower"},{"floor":36.0,"key":"InkBottle"},{"floor":38.0,"key":"Lantern"},{"floor":46,"key":"Old Coin"},{"floor":52,"key":"champ:FightingForDummies"}],"event_choices":[{"damage_healed":0.0,"max_hp_gain":0.0,"max_hp_loss":45.0,"gold_gain":0.0,"event_name":"Ghosts","player_choice":"Became a Ghost","floor":23.0,"gold_loss":0.0,"damage_taken":0.0,"cards_obtained":["Ghostly","Ghostly","Ghostly","Ghostly","Ghostly"]},{"damage_healed":0,"gold_gain":0,"player_choice":"Fight","damage_taken":0,"max_hp_gain":0,"max_hp_loss":0,"event_name":"Mysterious Sphere","floor":46,"gold_loss":0}],"is_beta":false,"boss_relics":[{"not_picked":["Coffee Dripper","Tiny House"],"picked":"SlaversCollar"},{"not_picked":["Philosopher\u0027s Stone","expansioncontent:StudyCardRelic"],"picked":"Fusion Hammer"}],"items_purged_floors":[13,31,47,48],"is_endless":false,"potions_floor_spawned":[2,10,12,19,21,29,33,38,39,42,45,46,49,52],"ascension_level":4}}