{"host":"zuc5xqvlhed5q6ad","time":1608311915,"event":{"mods":["BaseMod","Block Reminder","Colored Powertips","Halation","Highlight Path","Mimic Mod","Minty Spire (QoL Compilation)","Permanent Neow","Practice Mode","Quick Restart","Spikes Relics","StSLib","UnlockEverythingMod"],"gold_per_floor":[118,138,149,169,186,186,221,221,244,244,244,259,259,37,37,162,162,178,178,202,202,220,239,239,263,263,286,286,286,30,54,54,183,183,204,60,335,358,381,381,401,421,421,446,459,459,1,26,26,26],"floor_reached":51,"playtime":8199,"items_purged":["Regret"],"score":682,"play_id":"fefd612b-290a-43d7-9f5a-ea26b1795917","local_time":"20201218201835","is_ascension_mode":false,"campfire_choices":[{"data":"Anger","floor":6.0,"key":"SMITH"},{"data":"Anger","floor":8.0,"key":"SMITH"},{"floor":15.0,"key":"REST"},{"floor":24.0,"key":"REST"},{"floor":29.0,"key":"REST"},{"data":"Anger","floor":32.0,"key":"SMITH"},{"data":"Anger","floor":40.0,"key":"SMITH"},{"floor":46.0,"key":"REST"},{"data":"Spot Weakness","floor":49.0,"key":"SMITH"}],"circlet_count":0,"master_deck":["Strike_R","Strike_R","Strike_R","Defend_R","Defend_R","Defend_R","Defend_R","Bash","Anger+1","Anger+1","Twin Strike","Inflame","Double Tap","Necronomicurse","Spot Weakness+1","Fire Breathing","Thunderclap","Flex","Anger+1","Anger+1","Heavy Blade","Perfected Strike"],"relics":["Black Blood","NeowsBlessing","Incense Burner","halation:AfternoonTea","Golden Idol","halation:PinkSoulGem","Orichalcum","Busted Crown","Necronomicon","BrokenLever","Nunchaku","halation:LettersToHer","Strawberry","Pantograph","Ancient Tea Set"],"acts_visited":["Exordium","TheCity","TheBeyond"],"potions_floor_usage":[50,50],"damage_taken":[{"damage":0.0,"enemies":"Cultist","floor":1.0,"turns":1.0},{"damage":0.0,"enemies":"Jaw Worm","floor":2.0,"turns":1.0},{"damage":0.0,"enemies":"2 Louse","floor":3.0,"turns":1.0},{"damage":0.0,"enemies":"Large Slime","floor":4.0,"turns":5.0},{"damage":11.0,"enemies":"Blue Slaver","floor":5.0,"turns":4.0},{"damage":34.0,"enemies":"3 Sentries","floor":7.0,"turns":9.0},{"damage":6.0,"enemies":"Exordium Thugs","floor":12.0,"turns":5.0},{"damage":32.0,"enemies":"Hexaghost","floor":16.0,"turns":8.0},{"damage":0.0,"enemies":"Chosen","floor":18.0,"turns":4.0},{"damage":14.0,"enemies":"Spheric Guardian","floor":20.0,"turns":4.0},{"damage":22.0,"enemies":"Snake Plant","floor":22.0,"turns":4.0},{"damage":39.0,"enemies":"Shelled Parasite and Fungi","floor":23.0,"turns":4.0},{"damage":9.0,"enemies":"Snecko","floor":25.0,"turns":4.0},{"damage":4.0,"enemies":"Sentry and Sphere","floor":27.0,"turns":5.0},{"damage":10.0,"enemies":"Centurion and Healer","floor":31.0,"turns":2.0},{"damage":38.0,"enemies":"Champ","floor":33.0,"turns":6.0},{"damage":3.0,"enemies":"3 Shapes","floor":35.0,"turns":6.0},{"damage":6.0,"enemies":"Orb Walker","floor":38.0,"turns":3.0},{"damage":33.0,"enemies":"Maw","floor":39.0,"turns":8.0},{"damage":22.0,"enemies":"4 Shapes","floor":41.0,"turns":5.0},{"damage":21.0,"enemies":"Writhing Mass","floor":42.0,"turns":5.0},{"damage":18.0,"enemies":"Jaw Worm Horde","floor":44.0,"turns":4.0},{"damage":25.0,"enemies":"Transient","floor":45.0,"turns":5.0},{"damage":24.0,"enemies":"4 Shapes","floor":48.0,"turns":4.0},{"damage":14,"enemies":"Donu and Deca","floor":50,"turns":2}],"seed_played":"4853290769085317790","potions_obtained":[{"floor":1.0,"key":"BlessingOfTheForge"},{"floor":3.0,"key":"SkillPotion"},{"floor":4.0,"key":"ColorlessPotion"},{"floor":16.0,"key":"PowerPotion"},{"floor":20.0,"key":"SkillPotion"},{"floor":35.0,"key":"Strength Potion"},{"floor":38.0,"key":"ColorlessPotion"}],"is_trial":false,"path_per_floor":["M","M","M","M","M","R","E","R","T","?","?","M","?","$","R","B",null,"M","?","M","?","M","M","R","M","T","M","?","R","$","M","R","B",null,"M","$","?","M","M","R","M","M","T","M","M","R","$","M","R","B",null],"character_chosen":"IRONCLAD","items_purchased":["Orichalcum","Inflame","Nunchaku","Flex","Anger","halation:LettersToHer","Pantograph","Ancient Tea Set"],"campfire_rested":4,"item_purchase_floors":[14,14,30,30,30,36,47,47],"current_hp_per_floor":[80,80,80,80,75,75,47,47,47,47,47,47,47,47,71,60,80,80,64,56,56,40,7,31,40,40,42,42,66,66,67,67,35,80,80,80,80,80,59,59,49,40,47,41,28,54,54,54,54,77],"gold":26,"neow_bonus":"THREE_ENEMY_KILL","is_daily":false,"chose_seed":false,"campfire_upgraded":5,"win_rate":0.0,"timestamp":1608311915,"path_taken":["M","M","?","M","M","R","E","R","T","?","?","M","?","$","R","BOSS","M","?","M","?","?","M","R","M","T","M","?","R","$","M","R","BOSS","M","$","?","M","M","R","M","M","T","M","?","R","$","M","R","BOSS"],"items_purchased_type":["Relic","Card","Relic","Card","Card","Relic","Relic","Relic"],"build_version":"2020-12-13","purchased_purges":1,"victory":true,"max_hp_per_floor":[80,80,80,80,80,80,80,80,80,80,80,80,80,80,80,80,80,80,80,80,80,80,80,80,80,80,80,80,80,80,80,80,80,80,80,80,80,80,80,80,80,80,87,87,87,87,87,87,87,87],"card_choices":[{"not_picked":["Rage","Headbutt"],"picked":"Anger","floor":1.0},{"not_picked":["Infernal Blade","Shockwave","Combust"],"picked":"SKIP","floor":2.0},{"not_picked":["True Grit","Whirlwind","Infernal Blade"],"picked":"SKIP","floor":3.0},{"not_picked":["Shrug It Off","Feel No Pain","Clothesline"],"picked":"SKIP","floor":4.0},{"not_picked":["Sentinel","Body Slam"],"picked":"Anger","floor":5.0},{"not_picked":["Rupture","Body Slam"],"picked":"Twin Strike","floor":7.0},{"not_picked":["Reckless Charge","Juggernaut","Sword Boomerang"],"picked":"SKIP","floor":12.0},{"not_picked":["Limit Break","Reaper"],"picked":"Double Tap","floor":16.0},{"not_picked":["Carnage+1"],"picked":"SKIP","floor":18.0},{"not_picked":[],"picked":"Spot Weakness","floor":20.0},{"not_picked":[],"picked":"Fire Breathing","floor":22.0},{"not_picked":["Pommel Strike"],"picked":"SKIP","floor":23.0},{"not_picked":["Rage"],"picked":"SKIP","floor":25.0},{"not_picked":[],"picked":"Thunderclap","floor":27.0},{"not_picked":["Body Slam+1"],"picked":"SKIP","floor":31.0},{"not_picked":["True Grit"],"picked":"SKIP","floor":35.0},{"not_picked":[],"picked":"Anger","floor":38.0},{"not_picked":["Iron Wave+1"],"picked":"SKIP","floor":39.0},{"not_picked":[],"picked":"Heavy Blade","floor":41.0},{"not_picked":[],"picked":"Perfected Strike","floor":42.0},{"not_picked":["Pommel Strike"],"picked":"SKIP","floor":44.0},{"not_picked":["Intimidate"],"picked":"SKIP","floor":45.0},{"not_picked":["True Grit+1"],"picked":"SKIP","floor":48.0}],"player_experience":105513,"relics_obtained":[{"floor":7.0,"key":"Incense Burner"},{"floor":9.0,"key":"halation:AfternoonTea"},{"floor":19.0,"key":"Necronomicon"},{"floor":26.0,"key":"BrokenLever"},{"floor":43.0,"key":"halation:LettersToHer"},{"floor":43.0,"key":"Strawberry"}],"event_choices":[{"damage_healed":0.0,"max_hp_gain":0.0,"max_hp_loss":0.0,"gold_gain":0.0,"event_name":"Golden Idol","player_choice":"Take Wound","floor":10.0,"gold_loss":0.0,"damage_taken":0.0,"relics_obtained":["Golden Idol"],"cards_obtained":["Injury"]},{"cards_removed":["Injury"],"damage_healed":0.0,"max_hp_gain":0.0,"max_hp_loss":0.0,"gold_gain":0.0,"event_name":"Living Wall","player_choice":"Forget","floor":11.0,"gold_loss":0.0,"damage_taken":0.0},{"damage_healed":0.0,"max_hp_gain":0.0,"max_hp_loss":0.0,"gold_gain":0.0,"event_name":"Cursed Tome","player_choice":"Obtained Book","floor":19.0,"gold_loss":0.0,"damage_taken":16.0},{"cards_removed":["Strike_R"],"damage_healed":0.0,"max_hp_gain":0.0,"max_hp_loss":0.0,"gold_gain":0.0,"event_name":"Bonfire Elementals","player_choice":"Offered Basic","floor":21.0,"gold_loss":0.0,"damage_taken":0.0},{"cards_removed":["Strike_R"],"damage_healed":0.0,"max_hp_gain":0.0,"max_hp_loss":0.0,"gold_gain":0.0,"event_name":"Purifier","player_choice":"Purged","floor":28.0,"gold_loss":0.0,"damage_taken":0.0},{"damage_healed":0.0,"max_hp_gain":0.0,"max_hp_loss":0.0,"gold_gain":275.0,"event_name":"Golden Shrine","player_choice":"Desecrate","floor":37.0,"gold_loss":0.0,"damage_taken":0.0,"cards_obtained":["Regret"]}],"is_beta":false,"boss_relics":[{"not_picked":["halation:Prosthetics","halation:SmartPhone"],"picked":"Busted Crown"},{"not_picked":["SlaversCollar","halation:MonkeysPaw"],"picked":"Black Blood"}],"items_purged_floors":[47],"is_endless":false,"potions_floor_spawned":[1,3,4,5,16,20,22,23,35,38],"ascension_level":0}}