{"host":"l8lm1goh5xm9tkuw","time":1608281518,"event":{"mods":["Act Like it!","Alarm Clock","Astrologer","BaseMod","Colored Map","Colored Powertips","GungeonMod","Hermit","KomeijiMod","Library of Ruina","Library of Ruina Extra","Lobotomy","LobotomyExtend","Marisa£®ÏF”Í°°ƒß¿Ì…≥£©","Minty Spire (QoL Compilation)","MostiFishMod","Quick Restart","Replay The Spire","Shade Mod","StSLib","TestMod","The Animator","The Bug Knight","The Hierophant","UnlockEverythingMod","[IsaacMod]“‘»ˆº‚À˛","vexMod","°æ“≈ŒÔø®≈∆°øREMEMod"],"gold_per_floor":[114,127,172,172,184,214,227,227,227,227,257,257,277,305,335,413,413,428,428,438,438,458,493,493,493,520,546,565,577,577,609,609,685,685,713,726,754,754,789,819,819,849,920,946,962,995,1026,1026,1026,1027,1029,1029,1029,1029,561,597,613],"floor_reached":58,"playtime":842,"items_purged":["DegradedFairy"],"score":4013,"play_id":"afa127b8-d4f2-46dc-9ed1-d760f66ade3b","local_time":"20201218165158","is_ascension_mode":true,"campfire_choices":[{"data":"DegradedPillar","floor":8.0,"key":"SMITH"},{"data":"DegradedLock","floor":10.0,"key":"SMITH"},{"data":"1","floor":30,"key":"LIFT"},{"data":"2","floor":32,"key":"LIFT"},{"data":"3","floor":41,"key":"LIFT"},{"floor":49,"key":"RECALL"},{"floor":54,"key":"REST"}],"circlet_count":0,"master_deck":["AscendersBane","DegradedFairy","DegradedFairy","DegradedChain","DegradedChain","DegradedLock+1","DegradedPillar","DegradedPillar+1","DegradedShockwave+1"],"relics":["PageOfLibrarian","DaveBox","testmod-TestBox","REME_ComplimentaryCards","HushsDoor","DeathBook","testmod-Brilliant","CombinedTypeHook","Question Card","LetterFromLob","ArrowTower","PageOfForsakenMurderer","Pocketwatch","The Courier","PageOfQueenBee","testmod-DragonStarHat","ImportantClient","Runic Dome","testmod-IndustrialRevolution","Girya","ChampionBelt","Damocles","Orichalcum","SalivaCoin","DemoMod:GlassGuonStoneRelic","Pet Ghost","testmod-CasingShield","vexMod:MemoryStick","testmod-TurbochargingSystem","testmod-ArcanaOfDestiny","testmod-LifeArmor","Gambling Chip","Gremlin Horn","Akabeko","BookofShadows","Simple Rune","TungstenRod","testmod-Acrobat","PageOfUniverseFragment","Blood Vial","PageOfDeadButterflies","DemoMod:MonsterBlood","testmod-TheFather","EdensBlessing","White Beast Statue","vexMod:InvisibilityCloak"],"acts_visited":["Exordium","TheCity","TheBeyond","TheEnding"],"potions_floor_usage":[35,57],"damage_taken":[{"damage":0.0,"enemies":"Jaw Worm","floor":1.0,"turns":1.0},{"damage":0.0,"enemies":"Cultist","floor":2.0,"turns":1.0},{"damage":0.0,"enemies":"Small Slimes","floor":5.0,"turns":1.0},{"damage":0.0,"enemies":"Lagavulin","floor":6.0,"turns":2.0},{"damage":0.0,"enemies":"3 Louse","floor":7.0,"turns":1.0},{"damage":0.0,"enemies":"Gremlin Nob","floor":11.0,"turns":2.0},{"damage":0.0,"enemies":"Large Slime","floor":13.0,"turns":2.0},{"damage":0.0,"enemies":"Lagavulin","floor":14.0,"turns":2.0},{"damage":0.0,"enemies":"Fading Forest","floor":16.0,"turns":11.0},{"damage":0.0,"enemies":"3 Byrds","floor":18.0,"turns":1.0},{"damage":0.0,"enemies":"Shell Parasite","floor":20.0,"turns":1.0},{"damage":0.0,"enemies":"Shelled Parasite and Fungi","floor":22.0,"turns":1.0},{"damage":0.0,"enemies":"Slavers","floor":23.0,"turns":1.0},{"damage":0,"enemies":"Book of Stabbing","floor":27,"turns":2},{"damage":0,"enemies":"Snecko","floor":28,"turns":2},{"damage":0,"enemies":"Chosen and Byrds","floor":29,"turns":1},{"damage":0,"enemies":"Slavers","floor":31,"turns":1},{"damage":0,"enemies":"RedHoodMercenary","floor":33,"turns":5},{"damage":0,"enemies":"R_Hoarder","floor":35,"turns":3},{"damage":0,"enemies":"3 Darklings","floor":36,"turns":1},{"damage":0,"enemies":"Reptomancer","floor":37,"turns":1},{"damage":0,"enemies":"Nemesis","floor":39,"turns":3},{"damage":0,"enemies":"R_Hoarder","floor":40,"turns":2},{"damage":0,"enemies":"Nemesis","floor":42,"turns":1},{"damage":0,"enemies":"Reptomancer","floor":44,"turns":1},{"damage":0,"enemies":"3 Shapes","floor":45,"turns":1},{"damage":0,"enemies":"R_Hoarder","floor":46,"turns":2},{"damage":0,"enemies":"Giant Head","floor":47,"turns":2},{"damage":0,"enemies":"Replay:Hell Engine","floor":50,"turns":2},{"damage":0,"enemies":"Awakened One","floor":51,"turns":4},{"damage":0,"enemies":"Shield and Spear","floor":56,"turns":1},{"damage":1,"enemies":"The Heart","floor":57,"turns":3}],"seed_played":"3161663763144098704","potions_obtained":[{"floor":5.0,"key":"CalmPotion"},{"floor":6.0,"key":"testmod-TestPotion"},{"floor":35,"key":"CultistPotion"},{"floor":45,"key":"FairyPotion"}],"is_trial":false,"path_per_floor":["M","M","?","?","M","E","M","R","T","R","E","?","M","E","R_BF","B",null,"M","?","M","$","M","E","?","$","T","E","M","M","R","E","R_BF","B",null,"M","M","M","?","M","E","R","E","T","E","M","M","M","?","R","B","B",null,null,"R","$","E","B",null],"character_chosen":"Librarian","items_purchased":["Damocles","testmod-TheFather","EdensBlessing"],"campfire_rested":1,"item_purchase_floors":[34,55,55],"current_hp_per_floor":[53,53,38,38,38,38,38,38,38,38,38,27,27,27,27,35,76,76,76,76,76,76,76,76,76,76,76,76,76,76,76,76,76,74,74,74,74,74,74,74,74,74,74,74,74,74,81,77,77,77,77,77,77,77,77,77,76],"gold":613,"neow_bonus":"RANDOM_COLORLESS","is_daily":false,"chose_seed":false,"campfire_upgraded":2,"win_rate":0.0,"timestamp":1608281518,"path_taken":["M","M","?","?","M","E","M","R","T","R","E","?","M","E","R_BF","BOSS","M","?","M","$","?","E","?","?","T","E","M","M","R","E","R_BF","BOSS","M","M","M","?","M","E","R","E","T","E","M","M","M","?","R","BOSS","BOSS","R","$","E","BOSS"],"items_purchased_type":["Relic","Relic","Relic"],"build_version":"2020-12-13","purchased_purges":1,"victory":true,"max_hp_per_floor":[89,89,89,89,89,89,89,89,89,89,89,89,89,89,89,89,89,89,89,89,89,89,89,89,89,89,89,89,89,89,89,89,89,74,74,74,74,74,74,74,74,74,74,74,74,74,81,77,77,77,77,77,77,77,77,77,77],"card_choices":[{"not_picked":["Eradication","PreemptiveStrike","Standoff","GuardingStance","StrongStrike","UncannyStrike","Decapitation","UpbeatPerformance","TendonChords"],"picked":"SKIP","floor":1.0},{"not_picked":["Pound","Creak","FlyingSword","DestructiveImpact","SilentMist","Juggling","ToWhereThePrescriptPoints","StrongStrike","HighKick","UpbeatPerformance"],"picked":"SKIP","floor":2.0},{"not_picked":["HiddenBlade","BackAttack","AbsorbImpact","Standoff","TimeForALittleTest","TrimTheIngredients","QuickAttack","Quickness","Endure","Tttonst"],"picked":"SKIP","floor":5.0},{"not_picked":["Cruelty","Bomb","WillBeTasty","AlloutWar","FaintMemories","Gigigig","InnerArdor","Unlock1","Quickness","DesperateStruggle"],"picked":"SKIP","floor":6.0},{"not_picked":["Reload","ScatteringSlash","AGoldenOpportunity","Bomb","IronWall","Tailoring","Brawl","PreparedMind","StructuralAnalysis","UpbeatPerformance"],"picked":"SKIP","floor":7.0},{"not_picked":["EndlessBattle","Parry","Bomb","ScatteringSlash","HandleRequest","GuidanceOfTheGears","TendonChords","MultiHit","AsThePrescriptOrders","FendThisOffIfYouCan"],"picked":"SKIP","floor":11.0},{"not_picked":["SharpSwipe","SturdyDefense","SpearedSweep","ToWhereThePrescriptPoints","Leap_lor","DarkCloud","IllEndYou","GuardingStance","SkyClearingCut","PreemptiveStrike"],"picked":"SKIP","floor":13.0},{"not_picked":["BayonetCombat","ClassAndRespect","ChopItOff","Castigation","ShockRound","LossOfSenses","DarkCloud","DimensionalRift","WillBeTasty","Outburst"],"picked":"SKIP","floor":14.0},{"not_picked":["Faith","CleanUp","UncannyStrike+1","Outburst+1","Multislash","Fence","SharpNails","Standoff","SturdyDefense","DefenseOrder"],"picked":"SKIP","floor":18.0},{"not_picked":["SunsetBlade","Zzzzzap","CookingPrep","Outburst+1","FierceCharge","Eliminate","MultiHit","SuppressingShot","Unlock1+1","GutHarvesting"],"picked":"SKIP","floor":20.0},{"not_picked":["Unlock1","DarkCloud","MultiBlock","FleetEdge","StayCalm","HiddenBlade","TendonChords","Parry","BindingChains","DefenseOrder"],"picked":"SKIP","floor":22.0},{"not_picked":["Overcharge","MultiBlock","YourShield","ToOvercomeCrisis","SteelKnuckles","IllEndYou","Ripple","PuppetBlockade","Punishment","SturdyDefense"],"picked":"SKIP","floor":23.0},{"not_picked":["QuickAttack","HandleRequest","Pound","AlloutWar","FeatherShield","WrathOfTorment","HighKick","FleetEdge","SharpenedBlade","Faith"],"picked":"SKIP","floor":27},{"not_picked":["BackAttack","ExtractFuel+1","DesperateStruggle+1","BladeWhirl","Reload","AbsorbImpact","SharpSwipe+1","AutonomousRush+1","EnergyShield","HighKick"],"picked":"SKIP","floor":28},{"not_picked":["Juggling","SmokingPipe","HiddenBlade","SunsetBlade","Wallop_lor","PreemptiveStrike","FleetFootsteps","GuardingStance","DefenseOrder","Rewind"],"picked":"SKIP","floor":29},{"not_picked":["CumulusWall+1","FleshFillet","BiteOff","Track","WillOfThePrescript","Standoff","FrontalAssault+1","Leap_lor","EnergyBeam","MultiBlock+1"],"picked":"SKIP","floor":31},{"not_picked":["GuidanceOfTheGears","Parry+1","MultiBlock","Rewind","SteelKnuckles","FierceCharge","QuickAttack","ReadyUp","AsThePrescriptOrders+1","HighKick"],"picked":"SKIP","floor":35},{"not_picked":["GaleKick","StructuralAnalysis+1","Feast","ShockRound","DefenseOrder","UpbeatPerformance","DarkCloud","Preparation","EnergyCycle","Reload"],"picked":"SKIP","floor":36},{"not_picked":["Reload+1","Unlock1","Quickness","Faith","RipSpace","DefenseOrder+1","SilentMist","ShrineToMusic","NightInTheBackstreets","GuardingStance"],"picked":"SKIP","floor":37},{"not_picked":["LawAndOrder","PreparedMind","Pound","DevastatingThrash+1","Diversion","LeRegole","WillOfThePrescript","BackAttack+1","SunsetBlade+1","WildCard"],"picked":"SKIP","floor":39},{"not_picked":["Standoff","Pound","AsThePrescriptOrders","BladeWhirl","FleshFillet","FleetFootsteps","Wallop_lor+1","Observe","HiddenBlade","CutIn"],"picked":"SKIP","floor":40},{"not_picked":["RatsGuideToSurvival","SharpSwipe","DarkCloud","SpearedSweep","FleetFootsteps","WillOfThePrescript","Thrust","FrontalAssault","SturdyDefense","SenseQuarry"],"picked":"SKIP","floor":42},{"not_picked":["DimensionalRift+1","Multislash+1","Standoff","UpbeatPerformance","BladeWhirl+1","ClassAndRespect","Endure","SummaryJudgment","Pound","DefenseOrder"],"picked":"SKIP","floor":44},{"not_picked":["YourShield","Unlock1","UpbeatPerformance","GuidanceOfTheGears","AsThePrescriptOrders","NightInTheBackstreets+1","TieShanKao","TraceOfFumes","DefenseOrder","EnergyCycle"],"picked":"SKIP","floor":45},{"not_picked":["SturdyDefense","QuickAttack+1","HiddenBlade","SmokingPipe","HandleRequest","OpportunitySpotted","UpbeatPerformance","BladeWhirl","Transpierce","Guardian_lor"],"picked":"SKIP","floor":46},{"not_picked":["TendonChords","EndlessBattle","FeelinGood","Overpower","DesperateStruggle","FormingStorm","DefenseOrder","GuardingStance","AbsorbImpact","BizarreAttack"],"picked":"SKIP","floor":47},{"not_picked":["QuickAttack","HighKick","UnavoidableGaze","Leap_lor","FocusFire","HandleRequest","Cruelty","SmokingPipe","MultiHit","UndertakePrescript"],"picked":"SKIP","floor":56}],"player_experience":332911,"relics_obtained":[{"floor":1.0,"key":"Question Card"},{"floor":1.0,"key":"LetterFromLob"},{"floor":6.0,"key":"ArrowTower"},{"floor":9.0,"key":"PageOfForsakenMurderer"},{"floor":11.0,"key":"Pocketwatch"},{"floor":14.0,"key":"PageOfQueenBee"},{"floor":16.0,"key":"ImportantClient"},{"floor":23.0,"key":"testmod-IndustrialRevolution"},{"floor":27,"key":"Girya"},{"floor":35,"key":"Orichalcum"},{"floor":35,"key":"SalivaCoin"},{"floor":36,"key":"Pet Ghost"},{"floor":37,"key":"testmod-CasingShield"},{"floor":37,"key":"vexMod:MemoryStick"},{"floor":39,"key":"testmod-TurbochargingSystem"},{"floor":39,"key":"testmod-ArcanaOfDestiny"},{"floor":40,"key":"testmod-LifeArmor"},{"floor":40,"key":"Gambling Chip"},{"floor":42,"key":"Gremlin Horn"},{"floor":42,"key":"Akabeko"},{"floor":43,"key":"BookofShadows"},{"floor":44,"key":"Simple Rune"},{"floor":44,"key":"TungstenRod"},{"floor":45,"key":"testmod-Acrobat"},{"floor":46,"key":"PageOfUniverseFragment"},{"floor":46,"key":"Blood Vial"},{"floor":47,"key":"PageOfDeadButterflies"},{"floor":47,"key":"DemoMod:MonsterBlood"},{"floor":56,"key":"White Beast Statue"},{"floor":56,"key":"vexMod:InvisibilityCloak"}],"event_choices":[{"damage_healed":0.0,"max_hp_gain":0.0,"max_hp_loss":0.0,"gold_gain":0.0,"event_name":"Living Wall","player_choice":"Grow","floor":4.0,"gold_loss":0.0,"damage_taken":0.0,"cards_upgraded":["DegradedShockwave"]},{"damage_healed":0.0,"max_hp_gain":0.0,"max_hp_loss":0.0,"gold_gain":0.0,"event_name":"Scrap Ooze","player_choice":"Success","floor":12.0,"gold_loss":0.0,"damage_taken":11.0,"relics_obtained":["The Courier"]},{"damage_healed":0.0,"max_hp_gain":0.0,"max_hp_loss":0.0,"gold_gain":30.0,"event_name":"Dead Adventurer","player_choice":"Searched \u00273\u0027 times","floor":15.0,"gold_loss":0.0,"damage_taken":0.0,"relics_obtained":["testmod-DragonStarHat"]},{"damage_healed":0.0,"max_hp_gain":0.0,"max_hp_loss":0.0,"gold_gain":0.0,"event_name":"Beggar","player_choice":"Ignored","floor":19.0,"gold_loss":0.0,"damage_taken":0.0},{"damage_healed":0,"gold_gain":0,"player_choice":"Max HP","damage_taken":0,"max_hp_gain":0,"max_hp_loss":4,"event_name":"Winding Halls","floor":48,"gold_loss":0}],"is_beta":false,"boss_relics":[{"not_picked":["vexMod:NewClearReactor","testmod-IncinerationGenerator"],"picked":"Runic Dome"},{"not_picked":[]},{"not_picked":["testmod-DeterminationOfClimber","Honey Jar"],"picked":"ChampionBelt"},{"not_picked":[]}],"items_purged_floors":[34],"is_endless":false,"potions_floor_spawned":[5,6,7,14,18,27,29,33,35,37,45],"ascension_level":20}}