{"host":"61r95uy0hn86b9iu","time":1608267599,"event":{"mods":["AchievementEnabler","BaseMod","Better Vampires","BetterRewards","Colored Powertips","Hubris","Minty Spire (QoL Compilation)","Shop Mod","StSLib"],"gold_per_floor":[116,116,140,169,191,191,231,240,287,354,386,41,50,74,74,156,156,181,13,13,39,39,39,39,39],"floor_reached":24,"playtime":3184,"items_purged":[],"score":388,"play_id":"4058a525-a6b5-4aa5-b4e8-b636bdf18c95","local_time":"20201217225959","is_ascension_mode":true,"campfire_choices":[{"floor":6.0,"key":"REST"},{"floor":15.0,"key":"REST"},{"floor":23,"key":"REST"}],"circlet_count":0,"master_deck":["AscendersBane","Strike_G","Defend_G","Defend_G","Defend_G","Defend_G","Defend_G","Survivor","Neutralize","Blade Dance","Escape Plan","Dagger Throw","Footwork","Noxious Fumes","Deflect","Cloak And Dagger","Flash of Steel","Footwork","Accuracy","Caltrops","Unload","Cloak And Dagger","Leg Sweep"],"relics":["Ring of the Snake","PreservedInsect","CeramicFish","Centennial Puzzle","Bag of Marbles","Omamori","Regal Pillow","MerchantsRug","Empty Cage","Vajra"],"acts_visited":["Exordium","TheCity"],"potions_floor_usage":[],"damage_taken":[{"damage":2.0,"enemies":"Jaw Worm","floor":1.0,"turns":4.0},{"damage":6.0,"enemies":"Cultist","floor":3.0,"turns":5.0},{"damage":10.0,"enemies":"Small Slimes","floor":4.0,"turns":5.0},{"damage":3.0,"enemies":"Blue Slaver","floor":5.0,"turns":5.0},{"damage":25.0,"enemies":"3 Sentries","floor":7.0,"turns":5.0},{"damage":5.0,"enemies":"Gremlin Nob","floor":10.0,"turns":3.0},{"damage":8.0,"enemies":"Lagavulin","floor":11.0,"turns":5.0},{"damage":7.0,"enemies":"Large Slime","floor":14.0,"turns":6.0},{"damage":20.0,"enemies":"The Guardian","floor":16.0,"turns":12.0},{"damage":39.0,"enemies":"Chosen","floor":18.0,"turns":7.0},{"damage":15.0,"enemies":"3 Byrds","floor":21.0,"turns":3.0},{"damage":41,"enemies":"Shelled Parasite and Fungi","floor":24,"turns":4}],"seed_played":"6897175138269889098","potions_obtained":[{"floor":3.0,"key":"CunningPotion"},{"floor":10.0,"key":"CultistPotion"},{"floor":14.0,"key":"Explosive Potion"}],"is_trial":false,"path_per_floor":["M","?","M","M","M","R","E","?","T","?","E","$","?","M","R","B",null,"M","$","?","M","$","R","M"],"character_chosen":"THE_SILENT","items_purchased":["PreservedInsect","Terror","Cloak And Dagger","Flash of Steel","Footwork","MerchantsRug","Vajra"],"campfire_rested":3,"item_purchase_floors":[0,0,12,12,12,12,19],"current_hp_per_floor":[51,51,45,35,32,51,26,26,26,21,13,13,13,6,40,20,55,16,16,16,1,1,35,0,0],"gold":39,"neow_bonus":"","is_daily":false,"chose_seed":false,"campfire_upgraded":0,"win_rate":0.0,"timestamp":1608267599,"path_taken":["M","?","?","M","?","R","E","?","T","?","E","$","?","M","R","BOSS","M","$","?","?","$","R","M"],"items_purchased_type":["Relic","Card","Card","Card","Card","Relic","Relic"],"build_version":"2020-12-13","purchased_purges":0,"victory":false,"max_hp_per_floor":[66,66,66,66,66,66,66,66,66,66,66,66,66,66,66,66,66,66,66,66,66,66,66,66,66],"card_choices":[{"not_picked":["Heel Hook","Outmaneuver","Deadly Poison"],"picked":"SKIP","floor":1.0},{"not_picked":["Acrobatics","Dagger Throw"],"picked":"Blade Dance","floor":3.0},{"not_picked":["PiercingWail","hubris:SlightOfHand"],"picked":"Escape Plan","floor":4.0},{"not_picked":["Accuracy","Terror"],"picked":"Dagger Throw","floor":5.0},{"not_picked":["Die Die Die","Dagger Spray"],"picked":"Footwork","floor":7.0},{"not_picked":["Backflip","Dagger Throw"],"picked":"Deflect","floor":10.0},{"not_picked":["Dash","Bouncing Flask","Underhanded Strike"],"picked":"SKIP","floor":11.0},{"not_picked":["Setup","All Out Attack"],"picked":"Caltrops","floor":14.0},{"not_picked":["Malaise","Venomology"],"picked":"Unload","floor":16.0},{"not_picked":["PiercingWail","Poisoned Stab"],"picked":"Cloak And Dagger","floor":18.0},{"not_picked":["Riddle With Holes","Outmaneuver"],"picked":"Leg Sweep","floor":21.0}],"player_experience":3153396,"relics_obtained":[{"floor":7.0,"key":"Centennial Puzzle"},{"floor":9.0,"key":"Bag of Marbles"},{"floor":10.0,"key":"Omamori"},{"floor":11.0,"key":"Regal Pillow"}],"event_choices":[{"cards_removed":["Terror"],"damage_healed":0.0,"max_hp_gain":0.0,"max_hp_loss":0.0,"gold_gain":0.0,"event_name":"WeMeetAgain","player_choice":"Gave Card","floor":2.0,"gold_loss":0.0,"damage_taken":0.0,"relics_obtained":["CeramicFish"]},{"damage_healed":0.0,"max_hp_gain":0.0,"max_hp_loss":0.0,"gold_gain":0.0,"cards_transformed":["Strike_G"],"event_name":"Living Wall","player_choice":"Change","floor":8.0,"gold_loss":0.0,"damage_taken":0.0,"cards_obtained":["Noxious Fumes"]},{"damage_healed":0.0,"max_hp_gain":0.0,"max_hp_loss":0.0,"gold_gain":0.0,"event_name":"Dead Adventurer","player_choice":"Searched \u00271\u0027 times","floor":10.0,"gold_loss":0.0,"damage_taken":0.0},{"cards_removed":["Strike_G"],"damage_healed":0.0,"max_hp_gain":0.0,"max_hp_loss":0.0,"gold_gain":0.0,"event_name":"Purifier","player_choice":"Purged","floor":20.0,"gold_loss":0.0,"damage_taken":0.0}],"is_beta":false,"boss_relics":[{"not_picked":["hubris:Stopwatch","Snecko Eye"],"picked":"Empty Cage"}],"items_purged_floors":[],"is_endless":false,"potions_floor_spawned":[3,10,14],"killed_by":"Shelled Parasite and Fungi","ascension_level":18}}