{"host":"g1na4j704t0qpw5f","time":1608259299,"event":{"mods":["AchievementEnabler","BaseMod","Card Forge","Colored Powertips","Custom Start","Googly Eyes","Highlight Path","Minty Spire (QoL Compilation)","StSLib"],"gold_per_floor":[112,127,48975,48990,49001,49001,49035,49035,49035,49061,47928,47958,47958,47978,47978,47978,47978],"floor_reached":16,"playtime":3619,"items_purged":["Strike_B","Strike_B"],"score":329,"play_id":"4e2797da-b2b8-47bc-8cf1-b6c5d3903e8e","local_time":"20201217214139","is_ascension_mode":true,"campfire_choices":[{"data":"Zap","floor":6,"key":"SMITH"},{"data":"Dualcast","floor":8,"key":"SMITH"},{"data":"Echo Form","floor":15,"key":"SMITH"}],"circlet_count":0,"master_deck":["AscendersBane","Defend_B","Defend_B","Defend_B","Zap+1","Dualcast+1","Coolheaded","Fusion","Flash of Steel","Secret Weapon","Tempest","Compile Driver","Ball Lightning","Genetic Algorithm","Loop","Echo Form+1","Cold Snap","Coolheaded","Blind","Heatsinks","Echo Form"],"relics":["Hammer of Thor","Seething Fire","Anvil of the Gods","Empty Cage","Art of War","Sling","Pear","Gremlin Horn","Bottled Flame","Mummified Hand","Kunai","Orichalcum","TheAbacus","Darkstone Periapt"],"acts_visited":["Exordium"],"potions_floor_usage":[10,10,11],"damage_taken":[{"damage":1.0,"enemies":"Cultist","floor":1.0,"turns":4.0},{"damage":13.0,"enemies":"Jaw Worm","floor":2.0,"turns":4.0},{"damage":0.0,"enemies":"Small Slimes","floor":4.0,"turns":2.0},{"damage":7.0,"enemies":"Exordium Thugs","floor":5.0,"turns":4.0},{"damage":21,"enemies":"3 Sentries","floor":7,"turns":7},{"damage":18,"enemies":"Gremlin Nob","floor":10,"turns":4},{"damage":0,"enemies":"Lagavulin","floor":12,"turns":7},{"damage":6,"enemies":"Blue Slaver","floor":14,"turns":4},{"damage":26,"enemies":"The Guardian","floor":16,"turns":2}],"seed_played":"2129415368729677107","potions_obtained":[{"floor":10,"key":"Dexterity Potion"}],"is_trial":false,"path_per_floor":["M","M","$","M","M","R","E","R","T","E","$","E","?","M","R","B"],"character_chosen":"DEFECT","items_purchased":["Flash of Steel","Secret Weapon","Art of War","Sling","Pear","Tempest","Compile Driver","DistilledChaos","Block Potion","Echo Form","Cold Snap","Coolheaded","Kunai","Orichalcum","TheAbacus","Fruit Juice","Dexterity Potion","Blind"],"campfire_rested":0,"item_purchase_floors":[3,3,3,3,3,3,3,3,3,11,11,11,11,11,11,11,11,11],"current_hp_per_floor":[63,50,60,60,53,53,32,32,32,14,19,19,19,13,13,0,0],"gold":47978,"neow_bonus":"BOSS_RELIC","is_daily":false,"chose_seed":false,"campfire_upgraded":3,"win_rate":0.0,"timestamp":1608259299,"path_taken":["M","?","$","M","M","R","E","R","T","E","$","E","?","M","R","BOSS"],"items_purchased_type":["Card","Card","Relic","Relic","Relic","Card","Card","Potion","Potion","Card","Card","Card","Relic","Relic","Relic","Potion","Potion","Card"],"build_version":"2020-12-13","purchased_purges":2,"victory":false,"max_hp_per_floor":[71,71,81,81,81,81,81,81,81,81,86,86,86,86,86,86,86],"card_choices":[{"not_picked":["Barrage","Fusion"],"picked":"Coolheaded","floor":1.0},{"not_picked":["Go for the Eyes","Gash"],"picked":"Fusion","floor":2.0},{"not_picked":["Hyperbeam","Sweeping Beam","Storm"],"picked":"SKIP","floor":4.0},{"not_picked":["Gash","Genetic Algorithm"],"picked":"Ball Lightning","floor":5.0},{"not_picked":["Rebound","Redo"],"picked":"Genetic Algorithm","floor":7},{"not_picked":["Compile Driver","Sweeping Beam"],"picked":"Loop","floor":10},{"not_picked":["Go for the Eyes","Turbo"],"picked":"Heatsinks","floor":12},{"not_picked":["Turbo","Streamline"],"picked":"Echo Form","floor":14}],"player_experience":452112,"relics_obtained":[{"floor":7,"key":"Gremlin Horn"},{"floor":9,"key":"Bottled Flame"},{"floor":10,"key":"Mummified Hand"},{"floor":12,"key":"Darkstone Periapt"}],"event_choices":[{"cards_removed":["Strike_B"],"damage_healed":0,"gold_gain":0,"player_choice":"Offered Basic","damage_taken":0,"max_hp_gain":0,"max_hp_loss":0,"event_name":"Bonfire Elementals","floor":13,"gold_loss":0}],"is_beta":false,"boss_relics":[],"items_purged_floors":[3,11],"is_endless":false,"potions_floor_spawned":[4,10,12,14],"killed_by":"The Guardian","ascension_level":15}}