{"host":"ds28d883r3sz42zs","time":1608317917,"event":{"mods":["2.2 Compatiblity","AchievementEnabler","Act Like it!","Aspiration","BaseMod","Bestiary","Better Match","Better Sensory Stone","Better Silent Start","Better Third Choice","Better-Laid Plans","BetterRewards","Block Reminder","Challenge The Spire","Colored Map","Colored Powertips","Conspire","DeckTracker","Defuse TimeMaze Blight","Disable Question Mark Monsters","Displayed Cursed Tome","Downfall","Emptier Cage","GifTheSpireLib","Gold Saver","Hubris","Infinite Spire","Minty Spire (QoL Compilation)","Permanent Neow","Practice Mode","Quick Restart","Random Character Button","Rare Cards Sparkle","Relic Filter","Relic Sorter","Relic Stats","Replay The Spire","SacredBarkPlus","StSLib","Stuff the Spire","SuperFastMode","The Jungle","Uncapped","Unknown Chances"],"gold_per_floor":[598,610,95,75,95,126,139,172,172,26,26,46,77,90,90,167,167,183,183,58,74,124,156,156,174,200,200,218,238,266,276,276,276,276],"floor_reached":33,"playtime":2525,"items_purged":["Strike_G","hubris:Envy","Strike_G"],"score":803,"play_id":"61f5924d-801b-47b0-8419-4ec0a3183c6c","local_time":"20201218135837","is_ascension_mode":true,"campfire_choices":[{"data":"Cloak And Dagger","floor":15.0,"key":"SMITH"},{"data":"Cloak And Dagger","floor":24,"key":"SMITH"},{"data":"Cloak And Dagger","floor":27,"key":"SMITH"},{"data":"Burst","floor":32,"key":"SMITH"}],"circlet_count":0,"master_deck":["AscendersBane","Strike_G","Strike_G","Defend_G","Defend_G","Defend_G","Defend_G","Survivor","Neutralize","Hidden Blade","Sucker Punch","Well Laid Plans","Poisoned Stab","StuffTheSpire:ReptileScales","Burst","After Image","Cloak And Dagger+1","Calculated Gamble","Cloak And Dagger+1","Backflip","StuffTheSpire:Injection+1","Cloak And Dagger+1","Burst+1","hubris:Gluttony","Crippling Poison","infinitespire:Collect","Flechettes+1"],"relics":["Ring of the Snake","Cursed Key","Replay:Bronze Core","infinitespire:ShieldingShard","Lee\u0027s Waffle","infinitespire:BottledMercury","infinitespire:WardingShard","Art of War","Juzu Bracelet","aspiration:PoetsPen","hubris:BottledHeart","StuffTheSpire:Expresso","StuffTheSpire:OldFever","aspiration:SneckoTail"],"acts_visited":["Exordium","TheCity"],"potions_floor_usage":[],"damage_taken":[{"damage":1.0,"enemies":"Small Slimes","floor":1.0,"turns":5.0},{"damage":2.0,"enemies":"Cultist","floor":2.0,"turns":4.0},{"damage":0.0,"enemies":"infinitespire:Voidling","floor":5.0,"turns":5.0},{"damage":22.0,"enemies":"3 Sentries","floor":6.0,"turns":12.0},{"damage":9.0,"enemies":"Large Slime","floor":7.0,"turns":8.0},{"damage":29.0,"enemies":"Gremlin Nob","floor":8.0,"turns":5.0},{"damage":0.0,"enemies":"2 Fungi Beasts","floor":12.0,"turns":4.0},{"damage":0.0,"enemies":"Lagavulin","floor":13.0,"turns":13.0},{"damage":0.0,"enemies":"Gremlin Gang","floor":14.0,"turns":5.0},{"damage":0.0,"enemies":"Hexaghost","floor":16.0,"turns":24.0},{"damage":0.0,"enemies":"Spheric Guardian","floor":18.0,"turns":6.0},{"damage":0,"enemies":"Shell Parasite","floor":21,"turns":3},{"damage":0,"enemies":"Slavers","floor":23,"turns":8},{"damage":0,"enemies":"conspire:HollyBat","floor":25,"turns":6},{"damage":0,"enemies":"3 Cultists","floor":28,"turns":4},{"damage":0,"enemies":"Snake Plant","floor":29,"turns":6},{"damage":0,"enemies":"Nightmare","floor":30,"turns":6},{"damage":0,"enemies":"Centurion and Healer","floor":31,"turns":4},{"damage":4,"enemies":"Pondfish","floor":33,"turns":11}],"seed_played":"-5090667330130160703","potions_obtained":[{"floor":1.0,"key":"SteroidPotion"},{"floor":4.0,"key":"SpeedPotion"}],"is_trial":false,"path_per_floor":["M","M","$","?","M","E","M","E","T","$","T","M","E","M","R","B",null,"M","?","$","M","?","E","R","M","T","R","M","M","NM","M","R","B"],"character_chosen":"THE_SILENT","items_purchased":["infinitespire:ShieldingShard","Lee\u0027s Waffle","Well Laid Plans","Cloak And Dagger"],"campfire_rested":0,"item_purchase_floors":[3,3,3,10],"current_hp_per_floor":[58,56,73,73,73,51,42,13,13,13,13,13,13,13,13,13,58,58,1,1,1,1,1,1,1,1,1,1,1,1,1,1,0,0],"gold":276,"neow_bonus":"DOUBLE_BOSS_RELIC","is_daily":false,"chose_seed":false,"campfire_upgraded":4,"win_rate":0.0,"timestamp":1608317917,"path_taken":["M","M","$","?","?","E","M","E","T","$","?","?","E","M","R","BOSS","M","?","$","M","?","E","R","M","T","R","M","M","NM","M","R","BOSS"],"items_purchased_type":["Relic","Relic","Card","Card"],"build_version":"2020-12-13","purchased_purges":3,"victory":false,"max_hp_per_floor":[66,66,73,73,73,73,73,73,73,73,73,73,73,73,73,73,73,73,1,1,1,1,1,1,1,1,1,1,1,1,1,1,1,1],"relic_stats":{"Lee\u0027s Waffle":17,"counters":[19,139],"Art of War":[6],"Juzu Bracelet":0,"Cursed Key":2,"obtain_stats":[{"infinitespire:BottledMercury":6,"Lee\u0027s Waffle":3,"aspiration:SneckoTail":30,"StuffTheSpire:Expresso":23,"Juzu Bracelet":13,"Cursed Key":0,"infinitespire:ShieldingShard":3,"aspiration:PoetsPen":17,"infinitespire:WardingShard":8,"hubris:BottledHeart":19,"Replay:Bronze Core":0,"Art of War":9,"StuffTheSpire:OldFever":26,"Ring of the Snake":0},{"infinitespire:BottledMercury":4,"Lee\u0027s Waffle":2,"aspiration:SneckoTail":17,"StuffTheSpire:Expresso":13,"Juzu Bracelet":8,"Cursed Key":0,"infinitespire:ShieldingShard":2,"aspiration:PoetsPen":10,"infinitespire:WardingShard":6,"hubris:BottledHeart":11,"Replay:Bronze Core":0,"Art of War":6,"StuffTheSpire:OldFever":14,"Ring of the Snake":0},{"infinitespire:BottledMercury":26,"Lee\u0027s Waffle":9,"aspiration:SneckoTail":124,"StuffTheSpire:Expresso":102,"Juzu Bracelet":56,"Cursed Key":0,"infinitespire:ShieldingShard":9,"aspiration:PoetsPen":85,"infinitespire:WardingShard":39,"hubris:BottledHeart":91,"Replay:Bronze Core":0,"Art of War":39,"StuffTheSpire:OldFever":108,"Ring of the Snake":0}],"Ring of the Snake":[95]},"card_choices":[{"not_picked":["StuffTheSpire:ClusterCrunch","Accuracy"],"picked":"Hidden Blade","floor":1.0},{"not_picked":["Deflect","ReplayTheSpireMod:Exploit Weakness"],"picked":"Sucker Punch","floor":2.0},{"not_picked":["Terror","hubris:SlightOfHand"],"picked":"Poisoned Stab","floor":5.0},{"not_picked":["Poisoned Stab","Outmaneuver"],"picked":"StuffTheSpire:ReptileScales","floor":6.0},{"not_picked":["Dodge and Roll","Toxin Wave"],"picked":"Burst","floor":7.0},{"not_picked":["Dagger Throw","StuffTheSpire:Incursion"],"picked":"After Image","floor":8.0},{"not_picked":["Acrobatics","Prepared"],"picked":"Calculated Gamble","floor":12.0},{"not_picked":["Outmaneuver","Poison Darts"],"picked":"Cloak And Dagger","floor":13.0},{"not_picked":["StuffTheSpire:DoubleShiv","Slice"],"picked":"Backflip","floor":14.0},{"not_picked":["PiercingWail","Quick Slash"],"picked":"StuffTheSpire:Injection+1","floor":18.0},{"not_picked":["StuffTheSpire:Python","Sneak Up+1","Sucker Punch"],"picked":"SKIP","floor":21},{"not_picked":["Dagger Spray","Poisoned Stab"],"picked":"Cloak And Dagger","floor":23},{"not_picked":["Slice","Choke"],"picked":"Burst","floor":25},{"not_picked":["StuffTheSpire:BumpUp","Dagger Throw"],"picked":"Crippling Poison","floor":28},{"not_picked":["StuffTheSpire:Incantation","Hidden Blade","StuffTheSpire:Injection"],"picked":"SKIP","floor":29},{"not_picked":["ReplayTheSpireMod:Book of Names","infinitespire:DeathsTouch"],"picked":"infinitespire:Collect","floor":30},{"not_picked":["hubris:TrickCloak+1","Fluid Movement","Dagger Spray"],"picked":"SKIP","floor":30},{"not_picked":["Leg Sweep","Escape Plan"],"picked":"Flechettes+1","floor":31}],"player_experience":698426,"relics_obtained":[{"floor":6.0,"key":"infinitespire:BottledMercury"},{"floor":8.0,"key":"infinitespire:WardingShard"},{"floor":9.0,"key":"Art of War"},{"floor":13.0,"key":"Juzu Bracelet"},{"floor":23,"key":"StuffTheSpire:Expresso"},{"floor":26,"key":"StuffTheSpire:OldFever"},{"floor":30,"key":"aspiration:SneckoTail"}],"event_choices":[{"damage_healed":0.0,"max_hp_gain":0.0,"max_hp_loss":0.0,"gold_gain":0.0,"event_name":"The Woman in Blue","player_choice":"Bought 1 Potion","floor":4.0,"gold_loss":0.0,"damage_taken":0.0},{"damage_healed":0,"gold_gain":50,"player_choice":"Pray","damage_taken":0,"max_hp_gain":0,"max_hp_loss":0,"event_name":"Golden Shrine","floor":22,"gold_loss":0}],"is_beta":false,"boss_relics":[{"not_picked":["StuffTheSpire:ModemDavis","Sozu"],"picked":"aspiration:PoetsPen"}],"items_purged_floors":[3,10,20],"is_endless":false,"potions_floor_spawned":[1,5,7,8,14,18,25,29,31],"killed_by":"Pondfish","ascension_level":15}}