{"host":"a61r67bv2jut9r88","time":1608265890,"event":{"mods":["BaseMod","Minty Spire (QoL Compilation)","Replay The Spire","Shop Mod","StSLib","SuperFastMode","The Runesmith"],"gold_per_floor":[116,291,366,366,380,380,31,31,31],"floor_reached":8,"playtime":206,"items_purged":["Doubt"],"score":44,"play_id":"e93acc3b-bc89-4175-809e-67bbab10501f","local_time":"20201218123130","is_ascension_mode":false,"campfire_choices":[{"floor":6,"key":"REST"}],"circlet_count":0,"master_deck":["Strike_G","Strike_G","Strike_G","Strike_G","Strike_G","Defend_G","Defend_G","Defend_G","Defend_G","Defend_G","Survivor+1","Neutralize","Toxin Wave","Bullet Time+1","PanicButton"],"relics":["Ring of the Snake","Golden Idol","BargainBundle","Snake Skull"],"acts_visited":["Exordium"],"potions_floor_usage":[],"damage_taken":[{"damage":0,"enemies":"2 Louse","floor":1,"turns":3},{"damage":2,"enemies":"Jaw Worm","floor":5,"turns":5},{"damage":63,"enemies":"Gremlin Nob","floor":8,"turns":6}],"seed_played":"443666190146238752","potions_obtained":[],"is_trial":false,"path_per_floor":["M","?","?","?","M","R","$","E"],"character_chosen":"THE_SILENT","items_purchased":["BargainBundle","Bullet Time+1","Snake Skull","PanicButton"],"campfire_rested":1,"item_purchase_floors":[7,7,7,7],"current_hp_per_floor":[70,70,59,42,40,61,61,0,0],"gold":31,"neow_bonus":"UPGRADE_CARD","is_daily":false,"chose_seed":false,"campfire_upgraded":0,"win_rate":0.0,"timestamp":1608265890,"path_taken":["M","?","?","?","?","R","$","E"],"items_purchased_type":["Relic","Card","Relic","Card"],"build_version":"2020-12-13","purchased_purges":1,"victory":false,"max_hp_per_floor":[70,70,70,70,70,70,70,70,70],"card_choices":[{"not_picked":["PiercingWail","Sucker Punch"],"picked":"Toxin Wave","floor":1},{"not_picked":["Fluid Movement","Distraction","Well Laid Plans"],"picked":"SKIP","floor":5}],"player_experience":353958,"relics_obtained":[],"event_choices":[{"damage_healed":0,"gold_gain":175,"player_choice":"AGREE","damage_taken":0,"max_hp_gain":0,"max_hp_loss":0,"event_name":"Liars Game","floor":2,"gold_loss":0,"cards_obtained":["Doubt"]},{"damage_healed":0,"gold_gain":75,"player_choice":"Gather Gold","damage_taken":11,"max_hp_gain":0,"max_hp_loss":0,"event_name":"World of Goop","floor":3,"gold_loss":0},{"damage_healed":0,"gold_gain":0,"player_choice":"Take Damage","damage_taken":17,"relics_obtained":["Golden Idol"],"max_hp_gain":0,"max_hp_loss":0,"event_name":"Golden Idol","floor":4,"gold_loss":0}],"is_beta":false,"boss_relics":[],"items_purged_floors":[7],"is_endless":false,"potions_floor_spawned":[],"killed_by":"Gremlin Nob","ascension_level":0}}