{"host":"o3so5oxo9aakc7d5","time":1608249636,"event":{"mods":["BaseMod","Better Altar","Better Match","Better Sensory Stone","Better Skull","Better Third Choice","Block Reminder","CapriCore","Challenge The Spire","Googly Eyes","Jorbs\u0027s Wanderer Trilogy","Minty Spire (QoL Compilation)","Rare Cards Sparkle","Spicy Shops","StSLib"],"gold_per_floor":[113,27,43,56,56,89,99,99,152,152,164,197,197,224,224,326,326,339,352,125,135,151,151,184,184,184,196,215,229,242,242,242,242,242],"floor_reached":33,"playtime":929,"items_purged":["Strike_R"],"score":306,"play_id":"a7ef03e8-875b-4dc3-b852-d043cacfbf15","local_time":"20201217170036","is_ascension_mode":true,"campfire_choices":[{"data":"Bludgeon","floor":8,"key":"SMITH"},{"floor":10,"key":"DIG"},{"data":"Seeing Red","floor":13,"key":"SMITH"},{"floor":15,"key":"REST"},{"floor":23,"key":"DIG"},{"data":"Demon Form","floor":25,"key":"SMITH"},{"floor":32,"key":"REST"}],"circlet_count":0,"master_deck":["Strike_R","Strike_R","Strike_R","Strike_R","Defend_R","Defend_R","Defend_R","Defend_R","Bash","Bludgeon+1","Seeing Red+1","Twin Strike","Double Tap+1","Infernal Blade+1","Demon Form+1","Thunderclap+1","Doubt","Reaper"],"relics":["Burning Blood","Shovel","NlothsMask","Toxic Egg 2","Akabeko","Happy Flower","Bronze Scales","Cursed Key","Ancient Tea Set","Kunai","Oddly Smooth Stone","Meat on the Bone"],"acts_visited":["Exordium","TheCity"],"potions_floor_usage":[14,14],"damage_taken":[{"damage":6,"enemies":"Cultist","floor":1,"turns":4},{"damage":6,"enemies":"Jaw Worm","floor":3,"turns":3},{"damage":2,"enemies":"Small Slimes","floor":4,"turns":2},{"damage":31,"enemies":"Lagavulin","floor":6,"turns":5},{"damage":8,"enemies":"2 Fungi Beasts","floor":7,"turns":3},{"damage":14,"enemies":"Lots of Slimes","floor":11,"turns":4},{"damage":28,"enemies":"Gremlin Nob","floor":12,"turns":4},{"damage":18,"enemies":"Lagavulin","floor":14,"turns":3},{"damage":33,"enemies":"Hexaghost","floor":16,"turns":8},{"damage":0,"enemies":"Shell Parasite","floor":18,"turns":1},{"damage":15,"enemies":"2 Thieves","floor":19,"turns":3},{"damage":36,"enemies":"Centurion and Healer","floor":21,"turns":4},{"damage":16,"enemies":"Snake Plant","floor":22,"turns":3},{"damage":28,"enemies":"Slavers","floor":24,"turns":4},{"damage":26,"enemies":"3 Cultists","floor":27,"turns":5},{"damage":15,"enemies":"Centurion and Healer","floor":28,"turns":5},{"damage":25,"enemies":"Cultist and Chosen","floor":29,"turns":6},{"damage":28,"enemies":"3 Cultists","floor":30,"turns":5},{"damage":85,"enemies":"Automaton","floor":33,"turns":6}],"seed_played":"3448954415940891052","potions_obtained":[{"floor":1,"key":"ColorlessPotion"},{"floor":6,"key":"BlessingOfTheForge"},{"floor":16,"key":"LiquidBronze"},{"floor":21,"key":"FairyPotion"},{"floor":27,"key":"Dexterity Potion"}],"is_trial":false,"path_per_floor":["M","$","M","M","?","E","M","R","T","R","M","E","R","E","R","B",null,"M","M","$","M","M","R","E","R","T","M","M","M","M","?","R","B"],"character_chosen":"IRONCLAD","items_purchased":["Shovel","Ancient Tea Set"],"campfire_rested":2,"item_purchase_floors":[2,20],"current_hp_per_floor":[80,80,80,80,80,55,53,53,53,53,45,23,23,11,35,8,80,80,71,71,41,31,31,9,9,9,30,33,26,26,26,50,0,0],"gold":242,"neow_bonus":"ONE_RANDOM_RARE_CARD","is_daily":false,"chose_seed":false,"campfire_upgraded":3,"win_rate":0.0,"timestamp":1608249636,"path_taken":["M","?","M","M","?","E","M","R","T","R","M","E","R","E","R","BOSS","M","M","$","M","?","R","E","R","T","M","M","M","M","?","R","BOSS"],"items_purchased_type":["Relic","Relic"],"build_version":"2020-12-13","purchased_purges":1,"victory":false,"max_hp_per_floor":[80,80,80,80,80,80,80,80,80,80,80,80,80,80,80,80,80,80,80,80,80,80,80,80,80,80,80,80,80,80,80,80,80,80],"card_choices":[{"not_picked":["Dual Wield","Shrug It Off","Fire Breathing"],"picked":"SKIP","floor":1},{"not_picked":["Sword Boomerang","Bloodletting"],"picked":"Seeing Red","floor":3},{"not_picked":["Armaments","Twin Strike","Heavy Blade"],"picked":"SKIP","floor":4},{"not_picked":["Rupture","Blood for Blood","Reckless Charge"],"picked":"SKIP","floor":6},{"not_picked":["Clothesline","Heavy Blade"],"picked":"Twin Strike","floor":7},{"not_picked":["Rage+1","Power Through+1","Warcry+1"],"picked":"SKIP","floor":11},{"not_picked":["Clothesline","Rage+1"],"picked":"Double Tap+1","floor":12},{"not_picked":["Heavy Blade","Sentinel+1"],"picked":"Infernal Blade+1","floor":14},{"not_picked":["Reaper","Bludgeon"],"picked":"Demon Form","floor":16},{"not_picked":["Dropkick","Pummel","Sentinel+1"],"picked":"SKIP","floor":18},{"not_picked":["Perfected Strike","Heavy Blade","Wild Strike"],"picked":"SKIP","floor":19},{"not_picked":["Clothesline","Sword Boomerang+1","Clash+1"],"picked":"SKIP","floor":21},{"not_picked":["Hemokinesis","Evolve","Dark Embrace+1"],"picked":"SKIP","floor":22},{"not_picked":["Havoc+1","Armaments+1"],"picked":"Thunderclap+1","floor":24},{"not_picked":["Flame Barrier+1","Dual Wield+1","Hemokinesis+1"],"picked":"SKIP","floor":27},{"not_picked":["True Grit+1","Headbutt","Entrench+1"],"picked":"SKIP","floor":28},{"not_picked":["Clash+1","Heavy Blade"],"picked":"Reaper","floor":29},{"not_picked":["Rupture","Sever Soul+1","Clothesline"],"picked":"SKIP","floor":30}],"player_experience":517198,"relics_obtained":[{"floor":6,"key":"Toxic Egg 2"},{"floor":10,"key":"Akabeko"},{"floor":12,"key":"Happy Flower"},{"floor":14,"key":"Bronze Scales"},{"floor":23,"key":"Kunai"},{"floor":24,"key":"Oddly Smooth Stone"},{"floor":26,"key":"Meat on the Bone"}],"event_choices":[{"damage_healed":0,"gold_gain":0,"player_choice":"Trade","damage_taken":0,"relics_obtained":["NlothsMask"],"max_hp_gain":0,"max_hp_loss":0,"event_name":"FaceTrader","floor":5,"gold_loss":0},{"damage_healed":0,"gold_gain":0,"player_choice":"Ignored","damage_taken":0,"max_hp_gain":0,"max_hp_loss":0,"event_name":"Ghosts","floor":31,"gold_loss":0}],"is_beta":false,"boss_relics":[{"not_picked":["SacredBark","Empty Cage"],"picked":"Cursed Key"}],"items_purged_floors":[20],"is_endless":false,"potions_floor_spawned":[1,6,7,16,21,24,27,29,30],"killed_by":"Automaton","ascension_level":1}}