{"host":"q9718omregw4er46","time":1608316082,"event":{"mods":["BaseMod","Bestiary","Colored Powertips","Custom Start","Highlight Path","Minty Spire (QoL Compilation)","Practice Mode","Quick Restart","Relic Stats"],"gold_per_floor":[116,116,135,145,33,33,43,78,78,103,3,22,22,53,53,124,124,136,162,162,87,106,106,106],"floor_reached":23,"playtime":765,"items_purged":["Strike_B","Strike_B"],"score":530,"play_id":"eb75e160-bdfd-491d-81b6-e03f2f8806ab","local_time":"20201218232802","is_ascension_mode":true,"campfire_choices":[{"data":"Doom and Gloom","floor":6,"key":"SMITH"},{"data":"Defragment","floor":13,"key":"SMITH"},{"floor":15,"key":"REST"}],"circlet_count":0,"master_deck":["AscendersBane","Strike_B","Defend_B","Defend_B","Defend_B+1","Defend_B","Zap","Dualcast+1","Sweeping Beam","Doom and Gloom+1","Defragment+1","Defragment","Glacier","Defragment","Compile Driver","Seek"],"relics":["Cracked Core","Mango","StrikeDummy","Turnip","War Paint","Juzu Bracelet","Nuclear Battery","Red Mask"],"acts_visited":["Exordium","TheCity"],"potions_floor_usage":[8,14,14,19],"damage_taken":[{"damage":1,"enemies":"Cultist","floor":1,"turns":3},{"damage":2,"enemies":"Jaw Worm","floor":3,"turns":3},{"damage":0,"enemies":"2 Louse","floor":4,"turns":2},{"damage":9,"enemies":"Blue Slaver","floor":7,"turns":4},{"damage":10,"enemies":"3 Sentries","floor":8,"turns":3},{"damage":20,"enemies":"Lagavulin","floor":10,"turns":5},{"damage":17,"enemies":"Gremlin Gang","floor":12,"turns":3},{"damage":11,"enemies":"3 Sentries","floor":14,"turns":4},{"damage":0,"enemies":"The Guardian","floor":16,"turns":8},{"damage":5,"enemies":"3 Byrds","floor":18,"turns":3},{"damage":13,"enemies":"Masked Bandits","floor":19,"turns":3},{"damage":2,"enemies":"Shell Parasite","floor":22,"turns":6},{"damage":33,"enemies":"Book of Stabbing","floor":23,"turns":4}],"seed_played":"-4885052152698856903","potions_obtained":[{"floor":1,"key":"Weak Potion"},{"floor":7,"key":"LiquidMemories"},{"floor":12,"key":"EntropicBrew"},{"floor":19,"key":"Explosive Potion"}],"is_trial":false,"path_per_floor":["M","?","M","M","$","R","M","E","T","E","$","M","R","E","R","B",null,"M","?","?","?","M","E"],"character_chosen":"DEFECT","items_purchased":["Doom and Gloom"],"campfire_rested":1,"item_purchase_floors":[5],"current_hp_per_floor":[70,84,82,82,82,82,73,63,63,43,43,26,26,15,42,42,80,75,62,35,35,33,0,0],"gold":106,"neow_bonus":"TEN_PERCENT_HP_BONUS","is_daily":false,"chose_seed":false,"campfire_upgraded":2,"win_rate":0.0,"timestamp":1608316082,"path_taken":["M","?","M","M","$","R","M","E","T","E","?","M","R","E","R","BOSS","M","?","?","?","M","E"],"items_purchased_type":["Card"],"build_version":"2020-12-13","purchased_purges":2,"victory":false,"max_hp_per_floor":[78,92,92,92,92,92,92,92,92,92,92,92,92,92,92,92,92,92,92,97,97,97,97,97],"relic_stats":{"counters":[13,51],"Turnip":[4],"Juzu Bracelet":0,"War Paint":["Defend_B","Dualcast"],"obtain_stats":[{"Mango":2,"Turnip":9,"Juzu Bracelet":14,"Red Mask":19,"War Paint":10,"Cracked Core":0,"StrikeDummy":8,"Nuclear Battery":17},{"Mango":1,"Turnip":5,"Juzu Bracelet":8,"Red Mask":11,"War Paint":6,"Cracked Core":0,"StrikeDummy":5,"Nuclear Battery":9},{"Mango":3,"Turnip":15,"Juzu Bracelet":27,"Red Mask":41,"War Paint":20,"Cracked Core":0,"StrikeDummy":15,"Nuclear Battery":35}]},"card_choices":[{"not_picked":["Auto Shields","Beam Cell"],"picked":"Lockon","floor":1},{"not_picked":["Coolheaded","Skim"],"picked":"Sweeping Beam","floor":3},{"not_picked":["Coolheaded","Beam Cell","Heatsinks"],"picked":"SKIP","floor":4},{"not_picked":["Blizzard","Reprogram"],"picked":"Defragment","floor":7},{"not_picked":["Rebound","Gash"],"picked":"Defragment","floor":8},{"not_picked":["Steam","Stack"],"picked":"Glacier","floor":10},{"not_picked":["Seek","FTL"],"picked":"Defragment","floor":12},{"not_picked":["Storm","Sweeping Beam"],"picked":"Compile Driver","floor":14},{"not_picked":["Creative AI","Multi-Cast"],"picked":"Seek","floor":16},{"not_picked":["Conserve Battery","Stack","Force Field"],"picked":"SKIP","floor":18},{"not_picked":["Redo","Double Energy","Chaos"],"picked":"SKIP","floor":22}],"player_experience":1045469,"relics_obtained":[{"floor":8,"key":"StrikeDummy"},{"floor":9,"key":"Turnip"},{"floor":10,"key":"War Paint"},{"floor":14,"key":"Juzu Bracelet"},{"floor":19,"key":"Red Mask"}],"event_choices":[{"cards_removed":["Lockon"],"damage_healed":0,"gold_gain":0,"player_choice":"Gave Card","damage_taken":0,"relics_obtained":["Mango"],"max_hp_gain":0,"max_hp_loss":0,"event_name":"WeMeetAgain","floor":2,"gold_loss":0},{"damage_healed":0,"gold_gain":0,"player_choice":"Fought Bandits","damage_taken":0,"max_hp_gain":0,"max_hp_loss":0,"event_name":"Masked Bandits","floor":19,"gold_loss":0},{"damage_healed":0,"gold_gain":0,"player_choice":"Shed Blood","damage_taken":32,"max_hp_gain":5,"max_hp_loss":0,"event_name":"Forgotten Altar","floor":20,"gold_loss":0},{"cards_removed":["Strike_B"],"damage_healed":0,"gold_gain":0,"player_choice":"Gave Gold","damage_taken":0,"max_hp_gain":0,"max_hp_loss":0,"event_name":"Beggar","floor":21,"gold_loss":75}],"is_beta":false,"boss_relics":[{"not_picked":["Pandora\u0027s Box","Busted Crown"],"picked":"Nuclear Battery"}],"items_purged_floors":[5,11],"is_endless":false,"potions_floor_spawned":[1,7,12,19],"killed_by":"Book of Stabbing","ascension_level":19}}