{"host":"jc4h38xtrb09g8pb","time":1608299265,"event":{"mods":["AchievementEnabler","BaseMod","Colored Map","Minty Spire (QoL Compilation)","Permanent Neow","SuperFastMode"],"gold_per_floor":[362,138,148,158,158,190,210,227,308,324,324,358,376,405,405,510,510,523,539,539,255,270,299,311,323,323],"floor_reached":25,"playtime":1747,"items_purged":["Regret","Strike_B"],"score":331,"play_id":"8094ed9e-24cb-4b52-a959-aebd7ae337ef","local_time":"20201218224745","is_ascension_mode":true,"campfire_choices":[{"data":"Hyperbeam","floor":11,"key":"SMITH"},{"data":"Streamline","floor":15,"key":"SMITH"},{"data":"Dualcast","floor":24,"key":"SMITH"}],"circlet_count":0,"master_deck":["Strike_B","Strike_B+1","Strike_B","Defend_B","Defend_B","Defend_B","Defend_B","Zap","Dualcast+1","Hologram","Compile Driver","Go for the Eyes","Self Repair","Streamline+1","Steam","Echo Form","Barrage+1","Hyperbeam+1","Scrape","Machine Learning","Fusion","Gash","Reboot","Undo","Gash","Chill","Chaos"],"relics":["Cracked Core","Orrery","Incense Burner","Shovel","Eternal Feather","Whetstone","Singing Bowl","Sozu","Nilry\u0027s Codex","Lee\u0027s Waffle","MawBank"],"acts_visited":["TheCity"],"potions_floor_usage":[10,13,14,22],"damage_taken":[{"damage":14.0,"enemies":"Jaw Worm","floor":1.0,"turns":3.0},{"damage":0,"enemies":"Cultist","floor":3,"turns":3},{"damage":1,"enemies":"2 Louse","floor":4,"turns":3},{"damage":19,"enemies":"Gremlin Nob","floor":6,"turns":4},{"damage":0,"enemies":"2 Fungi Beasts","floor":7,"turns":3},{"damage":10,"enemies":"Exordium Thugs","floor":8,"turns":3},{"damage":7,"enemies":"Gremlin Gang","floor":10,"turns":3},{"damage":15,"enemies":"Lagavulin","floor":12,"turns":6},{"damage":0,"enemies":"2 Fungi Beasts","floor":13,"turns":2},{"damage":25,"enemies":"3 Sentries","floor":14,"turns":3},{"damage":21,"enemies":"The Guardian","floor":16,"turns":10},{"damage":13,"enemies":"Spheric Guardian","floor":18,"turns":4},{"damage":11,"enemies":"3 Byrds","floor":19,"turns":5},{"damage":13,"enemies":"Snecko","floor":22,"turns":5},{"damage":39,"enemies":"Book of Stabbing","floor":23,"turns":4},{"damage":56,"enemies":"Gremlin Leader","floor":25,"turns":6}],"seed_played":"8356370618574023308","potions_obtained":[{"floor":4,"key":"Regen Potion"},{"floor":7,"key":"Energy Potion"},{"floor":10,"key":"GamblersBrew"},{"floor":12,"key":"FearPotion"},{"floor":16,"key":"Ancient Potion"}],"is_trial":false,"path_per_floor":["M","$","M","M","?","E","M","M","T","M","R","E","M","E","R","B",null,"M","M","?","$","M","E","R","E"],"character_chosen":"DEFECT","items_purchased":["Orrery","Chill","Lee\u0027s Waffle"],"campfire_rested":0,"item_purchase_floors":[2,21,21],"current_hp_per_floor":[54,54,54,60,60,48,48,45,45,45,57,42,42,17,29,15,60,54,50,34,82,71,39,54,0,0],"gold":323,"neow_bonus":"TWO_FIFTY_GOLD","is_daily":false,"chose_seed":false,"campfire_upgraded":3,"win_rate":0.0,"timestamp":1608299265,"path_taken":["M","$","M","M","?","E","M","M","T","M","R","E","?","E","R","BOSS","M","M","?","$","M","E","R","E"],"items_purchased_type":["Relic","Card","Relic"],"build_version":"2020-12-13","purchased_purges":2,"victory":false,"max_hp_per_floor":[75,75,75,75,75,75,75,75,75,75,75,75,75,75,75,75,75,75,75,75,82,84,84,84,84,84],"card_choices":[{"not_picked":["Turbo","BootSequence"],"picked":"Hologram","floor":1.0},{"not_picked":["Redo","Rebound"],"picked":"Compile Driver","floor":2},{"not_picked":["Beam Cell","Meteor Strike"],"picked":"Go for the Eyes","floor":2},{"not_picked":["Go for the Eyes","Recycle"],"picked":"Self Repair","floor":2},{"not_picked":["Beam Cell","Capacitor"],"picked":"Streamline","floor":2},{"not_picked":["Chill","Leap"],"picked":"Steam","floor":2},{"not_picked":["Ball Lightning","Hologram"],"picked":"Echo Form","floor":3},{"not_picked":["Blizzard","Hologram"],"picked":"Barrage","floor":4},{"not_picked":["Coolheaded","Steam"],"picked":"Hyperbeam","floor":6},{"not_picked":["Blizzard","Loop"],"picked":"Scrape","floor":7},{"not_picked":["Ball Lightning","Steam","Sunder"],"picked":"SKIP","floor":8},{"not_picked":["Hologram","Darkness"],"picked":"Machine Learning","floor":10},{"not_picked":["Go for the Eyes","Darkness","Static Discharge"],"picked":"SKIP","floor":12},{"not_picked":["Rebound","Chill"],"picked":"Fusion","floor":13},{"not_picked":["Rebound","Leap"],"picked":"Gash","floor":14},{"not_picked":["Meteor Strike","Fission"],"picked":"Reboot","floor":16},{"not_picked":["Conserve Battery","Defragment"],"picked":"Undo","floor":18},{"not_picked":["Compile Driver","Stack"],"picked":"Gash","floor":19},{"not_picked":["Static Discharge+1","Steam","Recycle"],"picked":"Singing Bowl","floor":22},{"not_picked":["Rebound","Barrage+1"],"picked":"Chaos","floor":23}],"player_experience":698222,"relics_obtained":[{"floor":6,"key":"Shovel"},{"floor":9,"key":"Eternal Feather"},{"floor":12,"key":"Whetstone"},{"floor":14,"key":"Singing Bowl"},{"floor":20,"key":"Nilry\u0027s Codex"},{"floor":23,"key":"MawBank"}],"event_choices":[{"damage_healed":0,"gold_gain":0,"player_choice":"Gave Potion","damage_taken":0,"relics_obtained":["Incense Burner"],"max_hp_gain":0,"max_hp_loss":0,"event_name":"WeMeetAgain","floor":5,"gold_loss":0},{"damage_healed":0,"gold_gain":0,"player_choice":"Obtained Book","damage_taken":16,"max_hp_gain":0,"max_hp_loss":0,"event_name":"Cursed Tome","floor":20,"gold_loss":0}],"is_beta":false,"boss_relics":[{"not_picked":["Coffee Dripper","Calling Bell"],"picked":"Sozu"}],"items_purged_floors":[2,21],"is_endless":false,"potions_floor_spawned":[4,7,10,12,16],"killed_by":"Gremlin Leader","ascension_level":7}}