{"host":"00yob6u0fiu7ehgs","time":1608318636,"event":{"mods":["Act Like it!","Art Attack!","BaseMod","Chen","Colored Powertips","Duelist Mod","Elementarium","Gensokyo","GifTheSpireLib","Jorbs\u0027s Wanderer Trilogy","Koishi","Marisa????????","Minty Spire (QoL Compilation)","Rare Cards Sparkle","Reimu??????","Remilia??????","Replay The Spire","StSLib","The Alterego","The Cursed","The Forsaken","The Servant 0.9.4","Wandering Minibosses"],"gold_per_floor":[11,26,38,38,50,76,76,25,51,51,67,67,67],"floor_reached":12,"playtime":742,"items_purged":[],"score":84,"play_id":"c8337120-6012-4e11-a49a-cc9e96f581dd","local_time":"20201218121036","is_ascension_mode":true,"campfire_choices":[{"floor":7,"key":"REST"},{"data":"Koishi:HauntingSlash","floor":10,"key":"SMITH"}],"circlet_count":0,"master_deck":["Koishi:BasicStrike","Koishi:BasicStrike","Koishi:BasicStrike","Koishi:BasicStrike","Koishi:BasicDefend","Koishi:BasicDefend","Koishi:BasicDefend","Koishi:BasicDefend","Koishi:Provoke","Koishi:HauntingSlash+1","Chrysalis","Koishi:IdleWhim","Koishi:Prune","Koishi:SubterraneanRose","Koishi:GeneticsOfTheUnconscious","Koishi:Catatonia+1","Koishi:DreadfulBlow"],"relics":["Koishi:ImaginaryFriend","Gensokyo:PortableGap","Juzu Bracelet","Dream Catcher"],"acts_visited":["Exordium"],"potions_floor_usage":[],"damage_taken":[{"damage":5,"enemies":"Gensokyo:2_Kodama","floor":1,"turns":4},{"damage":0,"enemies":"Gensokyo:3_Fairies","floor":2,"turns":6},{"damage":14,"enemies":"Gensokyo:Gryphon","floor":3,"turns":7},{"damage":9,"enemies":"Gensokyo:Kitsune","floor":5,"turns":4},{"damage":29,"enemies":"Gensokyo:Cirno","floor":6,"turns":8},{"damage":20,"enemies":"Gensokyo:Python_and_Kodama","floor":11,"turns":6},{"damage":16,"enemies":"Gensokyo:Aya","floor":12,"turns":3}],"seed_played":"8571926939520282287","potions_obtained":[{"floor":11,"key":"Energy Potion"}],"is_trial":false,"path_per_floor":["M","M","M","?","M","E","R","$","T","R","M","E"],"character_chosen":"KOISHI","items_purchased":["Koishi:Catatonia+1"],"campfire_rested":1,"item_purchase_floors":[8],"current_hp_per_floor":[55,58,47,47,39,10,25,25,25,25,11,0,0],"gold":67,"neow_bonus":"RANDOM_COLORLESS_2","is_daily":false,"chose_seed":false,"campfire_upgraded":1,"win_rate":0.0,"timestamp":1608318636,"path_taken":["M","M","M","?","M","E","R","$","T","R","M","E"],"items_purchased_type":["Card"],"build_version":"2020-12-13","purchased_purges":0,"victory":false,"max_hp_per_floor":[60,60,60,54,54,51,51,48,48,48,48,48,48],"card_choices":[{"not_picked":["Master of Strategy","Crow Ritual"],"picked":"Chrysalis","floor":0},{"not_picked":["Koishi:UnansweredLove","Koishi:VengefulSpirit","Koishi:PhantomStrike"],"picked":"SKIP","floor":1},{"not_picked":["Koishi:SpiritedAway","Koishi:FourthEye"],"picked":"Koishi:IdleWhim","floor":2},{"not_picked":["Koishi:Catatonia","Koishi:CatchAndRose"],"picked":"Koishi:Prune","floor":3},{"not_picked":["Koishi:RacingHeart","Koishi:Jaunt"],"picked":"Koishi:SubterraneanRose","floor":5},{"not_picked":["Koishi:FidgetySnatcher","Koishi:TremblingHands"],"picked":"Koishi:GeneticsOfTheUnconscious","floor":6},{"not_picked":["Koishi:FleetingPhantom","Koishi:TremblingHands"],"picked":"Koishi:DreadfulBlow","floor":11}],"player_experience":357923,"relics_obtained":[{"floor":6,"key":"Juzu Bracelet"},{"floor":9,"key":"Dream Catcher"}],"event_choices":[],"is_beta":false,"boss_relics":[],"items_purged_floors":[],"is_endless":false,"potions_floor_spawned":[11],"killed_by":"Gensokyo:Aya","ascension_level":1}}