{"host":"f55lpzc7830gmx23","time":1608309305,"event":{"mods":["BaseMod","Better Note","Downfall","Hermit","Minty Spire (QoL Compilation)","StSLib","The Blackbeard","The Cursed","The Necromancer"],"gold_per_floor":[16,16,16,16,16,16,59,59,113,113,157,172,192,35,35,160,160,195,195,195,208,227,279,279,279,279,329,329,329,30,76,76,76,76,76],"floor_reached":33,"playtime":1330,"items_purged":[],"score":434,"play_id":"e9eaa9bc-b5b9-423d-a018-16b47667be7c","local_time":"20201218173505","is_ascension_mode":true,"campfire_choices":[{"data":"blackbeard:Cutlass","floor":6.0,"key":"SMITH"},{"floor":8.0,"key":"REST"},{"floor":10.0,"key":"REST"},{"floor":15.0,"key":"REST"},{"floor":24,"key":"REST"},{"floor":29,"key":"REST"},{"floor":32,"key":"REST"}],"circlet_count":0,"master_deck":["AscendersBane","blackbeard:BlackbeardStrike","blackbeard:BlackbeardStrike","blackbeard:BlackbeardStrike","blackbeard:BlackbeardStrike","blackbeard:IntimidatingStrike","blackbeard:BlackbeardDefend","blackbeard:BlackbeardDefend","blackbeard:BlackbeardDefend","blackbeard:BlackbeardDefend+1","blackbeard:Cutlass+1","blackbeard:WiseDefense+1","Injury","blackbeard:Anchor","blackbeard:DangerousBlow","blackbeard:TheDrunkenSailor+1","blackbeard:CatONineTails","blackbeard:BountyHunter","blackbeard:CloakAndCannonball","blackbeard:BrownPants+1","blackbeard:RearmingStrike","blackbeard:Sword","blackbeard:Dagger+1","blackbeard:PowderKeg","blackbeard:MegaUpgrade"],"relics":["blackbeard:LoadTheGoldenCannons","Du-Vu Doll","Golden Idol","Pantograph","Smiling Mask","War Paint","Bronze Scales","Torii","Girya","Prayer Wheel","White Beast Statue","blackbeard:TreasureChest","Lee\u0027s Waffle"],"acts_visited":["Exordium","TheCity"],"potions_floor_usage":[22,23,31,31],"damage_taken":[{"damage":3.0,"enemies":"Small Slimes","floor":1.0,"turns":3.0},{"damage":30.0,"enemies":"3 Sentries","floor":7.0,"turns":9.0},{"damage":22.0,"enemies":"Gremlin Nob","floor":11.0,"turns":4.0},{"damage":0.0,"enemies":"2 Louse","floor":12.0,"turns":3.0},{"damage":0.0,"enemies":"Jaw Worm","floor":13.0,"turns":2.0},{"damage":40.0,"enemies":"Hexaghost","floor":16.0,"turns":7.0},{"damage":0.0,"enemies":"3 Byrds","floor":18.0,"turns":4.0},{"damage":11.0,"enemies":"Spheric Guardian","floor":21.0,"turns":3.0},{"damage":18,"enemies":"Centurion and Healer","floor":22,"turns":5},{"damage":34,"enemies":"Slavers","floor":23,"turns":5},{"damage":31,"enemies":"Book of Stabbing","floor":27,"turns":5},{"damage":35,"enemies":"Shelled Parasite and Fungi","floor":31,"turns":5},{"damage":89,"enemies":"Automaton","floor":33,"turns":6}],"seed_played":"6306416953696836911","potions_obtained":[{"floor":11.0,"key":"LiquidBronze"},{"floor":13.0,"key":"blackbeard:OrangeJuicePotion"},{"floor":21.0,"key":"DuplicationPotion"},{"floor":22,"key":"blackbeard:OrangeJuicePotion"},{"floor":23,"key":"Explosive Potion"},{"floor":27,"key":"BlessingOfTheForge"},{"floor":31,"key":"SteroidPotion"}],"is_trial":false,"path_per_floor":["M","?","?","$","?","R","E","R","T","R","E","M","M","$","R","B",null,"M","?","?","M","M","E","R","?","T","E","T","R","$","M","R","B"],"character_chosen":"BLACKBEARD_CLASS","items_purchased":["Bronze Scales","blackbeard:TreasureChest","Lee\u0027s Waffle"],"campfire_rested":6,"item_purchase_floors":[14,30,30],"current_hp_per_floor":[65,65,65,65,65,65,35,57,57,75,53,53,53,53,75,35,65,65,65,65,70,52,34,56,56,56,25,25,47,82,47,71,0,0,0],"gold":76,"neow_bonus":"ONE_RARE_RELIC","is_daily":false,"chose_seed":false,"campfire_upgraded":1,"win_rate":0.0,"timestamp":1608309305,"path_taken":["M","?","?","?","?","R","E","R","T","R","E","M","M","$","R","BOSS","M","?","?","M","?","E","R","?","T","E","?","R","$","M","R","BOSS"],"items_purchased_type":["Relic","Relic","Relic"],"build_version":"2020-12-13","purchased_purges":0,"victory":false,"max_hp_per_floor":[75,75,75,75,75,75,75,75,75,75,75,75,75,75,75,75,75,75,75,75,75,75,75,75,75,75,75,75,75,82,82,82,82,82,82],"card_choices":[{"not_picked":["blackbeard:DeadlyArsenal","blackbeard:Toast"],"picked":"blackbeard:WiseDefense","floor":1.0},{"not_picked":["blackbeard:VengefulSpirit","blackbeard:FieryDefense"],"picked":"blackbeard:Anchor","floor":7.0},{"not_picked":["blackbeard:FieryDefense","blackbeard:DeadlyArsenal"],"picked":"blackbeard:DangerousBlow","floor":11.0},{"not_picked":["blackbeard:TacticalRetreat","blackbeard:DelayedPain"],"picked":"blackbeard:TheDrunkenSailor","floor":12.0},{"not_picked":["blackbeard:BuriedTreasure","blackbeard:Toast"],"picked":"blackbeard:CatONineTails","floor":13.0},{"not_picked":["blackbeard:ReapersScythe","blackbeard:UndeadForm"],"picked":"blackbeard:BountyHunter","floor":16.0},{"not_picked":["blackbeard:FieryDefense","blackbeard:Toast+1"],"picked":"blackbeard:CloakAndCannonball","floor":18.0},{"not_picked":["blackbeard:SwordDance","blackbeard:Upgrade+1"],"picked":"blackbeard:BrownPants+1","floor":21.0},{"not_picked":["blackbeard:DelayedPain","blackbeard:BuriedTreasure"],"picked":"blackbeard:RearmingStrike","floor":22},{"not_picked":["blackbeard:SwordDance","blackbeard:Spear+1"],"picked":"blackbeard:Sword","floor":23},{"not_picked":["blackbeard:Toast","blackbeard:GoldenStrike"],"picked":"blackbeard:Dagger+1","floor":27},{"not_picked":["blackbeard:SmithingHammer","blackbeard:Shrapnel"],"picked":"blackbeard:PowderKeg","floor":31},{"not_picked":["blackbeard:RearmingStrike","blackbeard:SwordDance+1"],"picked":"blackbeard:MegaUpgrade","floor":31}],"player_experience":425026,"relics_obtained":[{"floor":7.0,"key":"Pantograph"},{"floor":9.0,"key":"Smiling Mask"},{"floor":11.0,"key":"War Paint"},{"floor":23,"key":"Torii"},{"floor":26,"key":"Girya"},{"floor":27,"key":"Prayer Wheel"},{"floor":28,"key":"White Beast Statue"}],"event_choices":[{"damage_healed":0.0,"max_hp_gain":0.0,"max_hp_loss":0.0,"gold_gain":0.0,"event_name":"blackbeard:GoldsmithEvent","player_choice":"Ignored","floor":2.0,"gold_loss":0.0,"damage_taken":0.0},{"damage_healed":0.0,"max_hp_gain":0.0,"max_hp_loss":0.0,"gold_gain":0.0,"event_name":"Golden Wing","player_choice":"Ignored","floor":3.0,"gold_loss":0.0,"damage_taken":0.0},{"damage_healed":0.0,"max_hp_gain":0.0,"max_hp_loss":0.0,"gold_gain":0.0,"event_name":"Golden Idol","player_choice":"Take Wound","floor":5.0,"gold_loss":0.0,"damage_taken":0.0,"relics_obtained":["Golden Idol"],"cards_obtained":["Injury"]},{"damage_healed":0.0,"max_hp_gain":0.0,"max_hp_loss":0.0,"gold_gain":0.0,"event_name":"betterNote:BetterNote","player_choice":"Ignored","floor":19.0,"gold_loss":0.0,"damage_taken":0.0,"cards_obtained":["blackbeard:BlackbeardStrike"]},{"damage_healed":0.0,"max_hp_gain":0.0,"max_hp_loss":0.0,"gold_gain":0.0,"event_name":"Upgrade Shrine","player_choice":"Upgraded","floor":20.0,"gold_loss":0.0,"damage_taken":0.0,"cards_upgraded":["blackbeard:TheDrunkenSailor"]},{"damage_healed":0,"gold_gain":0,"player_choice":"Ignored","damage_taken":0,"max_hp_gain":0,"max_hp_loss":0,"event_name":"Cursed Tome","floor":25,"gold_loss":0}],"is_beta":false,"boss_relics":[{"not_picked":["Runic Pyramid","Velvet Choker"],"picked":"blackbeard:LoadTheGoldenCannons"}],"items_purged_floors":[],"is_endless":false,"potions_floor_spawned":[11,13,21,22,23,27,31],"killed_by":"Automaton","ascension_level":10}}