{"host":"k5j3culymg4irp71","time":1608269717,"event":{"mods":["2.2 Compatiblity","Act Like it!","Art Attack!","Aspiration","Astrologer","Bard","BaseMod","Bestiary","Better Match","BetterRewards","Block Reminder","CCEM","Colored Map","Colored Powertips","Conspire","Downfall","Emptier Cage","Energized Spire","GifTheSpireLib","Halation","Hallownest","Hermit","Hubris","Infinite Spire","Ironclad Rager","Minty Spire (QoL Compilation)","Pale of the Ancients","Quarter Circle Forward PUNCH!","Rare Cards Sparkle","Replay The Spire","Shade Mod","Shop Mod","Spikes Relics","StSLib","Stuff the Spire","The Animator","The Blackbeard","The Bladedancer","The Blue Laboratory","The Cursed","The Druid","The Forsaken","The Gatherer","The Hayseed","The Hierophant","The Juggle","The Runesmith","The Servant 0.9.4","TheArtist","Waifu the Spire","Wandering Minibosses","slay the spire mod where everything is the same but ironclad has a cowboy hat","vexMod"],"gold_per_floor":[99,99,125,100,113,149,149,163,163,88,107,107,123,117,126,222,222,222,232,232,260,185,195,221,221,221,211,213,159,259,6,15,96,96,96,66,66,66,67,17,17,21,21,21],"floor_reached":43,"playtime":4916,"items_purged":[],"score":502,"play_id":"388698b3-eaed-44f4-adca-814442a68637","local_time":"20201217213517","is_ascension_mode":false,"campfire_choices":[{"floor":1,"key":"DIG"},{"data":"sneckomod:MasterEye","floor":10,"key":"SMITH"},{"floor":18,"key":"RECALL"},{"floor":22,"key":"REST"},{"floor":25,"key":"REST"},{"data":"infinitespire:NeuralNetwork","floor":35,"key":"SMITH"},{"floor":38,"key":"REST"}],"circlet_count":0,"master_deck":["sneckomod:Strike","sneckomod:Strike","sneckomod:Strike","sneckomod:Defend","sneckomod:Defend","sneckomod:Defend","sneckomod:TailWhip","sneckomod:SnekBite","sneckomod:Unknown","sneckomod:Unknown","sneckomod:UnknownCommonAttack","Chrysalis","Transmutation","Replay:SS_forest_6+1","sneckomod:QuickBite","sneckomod:MasterEye+1","sneckomod:UnknownStrength","sneckomod:UnknownVulnerable","sneckomod:UnknownCommonSkill","sneckomod:UnknownClassBLESSING","sneckomod:SoulDraw","sneckomod:MorePower","sneckomod:UnknownClassRED+1","sneckomod:UnknownRareSkill","infinitespire:NeuralNetwork+1","infinitespire:Collect","sneckomod:DiceBlock","sneckomod:UnknownStrength+1","sneckomod:UnknownClassRED","sneckomod:UnknownClassGUARDIAN+1","sneckomod:QuickBite","sneckomod:UnknownDexterity+1","sneckomod:Unknown0Cost+1","sneckomod:Unknown+1","sneckomod:UnknownVulnerable","sneckomod:UnknownRarePower","sneckomod:UnknownClassARTIST_RAINBOW_COLOR+1","sneckomod:SoulDraw+1","sneckomod:UnknownCommonAttack+1","sneckomod:UnknownRareSkill","sneckomod:UnknownClassDEFAULT_GRAY_COLOR+1","sneckomod:UnknownVulnerable","sneckomod:UnknownColorless","sneckomod:UnknownClassTHE_ANIMATOR+1","sneckomod:UnknownBlock","Parasite","sneckomod:UnknownStrike+1"],"relics":["sneckomod:SneckoSoul","Bag of Marbles","infinitespire:Satchel","ReplayTheSpireMod:ShopPack","downfall:HeartBlessingBlue","hubris:Towel","halation:ForbiddenBikini","HandDrill","qcfpunch:Red_Gi","downfall:HeartBlessingRed","qcfpunch:Black_Training_Shirt","Oddly Smooth Stone","Membership Card","hubris:SlimyHat","conspire:SlowCooker","theForsaken:Lifeblossom"],"acts_visited":["Exordium","TheCity","TheBeyond"],"potions_floor_usage":[19,33,33,36,40],"damage_taken":[{"damage":19,"enemies":"3 Sentries","floor":3,"turns":9},{"damage":0,"enemies":"2 Louse","floor":5,"turns":1},{"damage":3,"enemies":"Jaw Worm","floor":6,"turns":2},{"damage":4,"enemies":"Cultist","floor":8,"turns":4},{"damage":9,"enemies":"Exordium Wildlife","floor":11,"turns":3},{"damage":0,"enemies":"3 Louse","floor":13,"turns":1},{"damage":1,"enemies":"Blue Slaver","floor":14,"turns":6},{"damage":13,"enemies":"Exordium Thugs","floor":15,"turns":5},{"damage":18,"enemies":"downfall:Silent","floor":16,"turns":8},{"damage":51,"enemies":"3 Byrds","floor":19,"turns":9},{"damage":61,"enemies":"conspire:MimicChest","floor":21,"turns":7},{"damage":6,"enemies":"Chosen","floor":23,"turns":2},{"damage":31,"enemies":"Slavers","floor":27,"turns":5},{"damage":14,"enemies":"Centurion and Healer","floor":28,"turns":7},{"damage":37,"enemies":"Shelled Parasite and Fungi","floor":29,"turns":5},{"damage":0,"enemies":"downfall:FleeingMerchant","floor":31,"turns":4},{"damage":13,"enemies":"conspire:HollyBat","floor":32,"turns":9},{"damage":70,"enemies":"downfall:Ironclad","floor":33,"turns":7},{"damage":140,"enemies":"3 Shapes","floor":36,"turns":15},{"damage":0,"enemies":"3 Darklings","floor":39,"turns":2},{"damage":27,"enemies":"Transient","floor":40,"turns":5},{"damage":35,"enemies":"Writhing Mass","floor":42,"turns":6},{"damage":18,"enemies":"4 Shapes","floor":43,"turns":1}],"seed_played":"-8865299859327797073","potions_obtained":[{"floor":3,"key":"blueLaboratory:PyrophylliteBrew"},{"floor":5,"key":"Reflective Coating"},{"floor":11,"key":"Regen Potion"},{"floor":14,"key":"SpeedPotion"},{"floor":16,"key":"sneckomod:DiceRollPotion"},{"floor":21,"key":"Explosive Potion"},{"floor":23,"key":"blueLaboratory:EmptyBottle"},{"floor":27,"key":"blueLaboratory:Moonshine"},{"floor":33,"key":"Venom Potion"}],"is_trial":false,"path_per_floor":["R_BF","?","E","?","M","M","T","M","?","R","M","?","M","M","M","B",null,"R_BF","M","AVR","?","R","M","T","R","?","E","M","M","?","$","M","B",null,"R_BF","M","?","R","M","M","T","M","M"],"character_chosen":"THE_SNECKO","items_purchased":["Membership Card","hubris:SlimyHat"],"campfire_rested":3,"item_purchase_floors":[31,31],"current_hp_per_floor":[99,102,84,84,84,81,81,86,86,96,102,102,103,103,102,84,117,117,92,92,44,80,75,75,111,111,81,84,61,61,74,74,18,130,130,4,4,43,44,19,19,11,0,0],"gold":21,"neow_bonus":"TEN_PERCENT_HP_BONUS","is_daily":false,"chose_seed":false,"campfire_upgraded":2,"win_rate":0.0,"timestamp":1608269717,"path_taken":["R_BF","?","E","?","M","M","T","M","?","R","?","?","M","M","M","BOSS","R_BF","M","AVR","?","R","M","T","R","?","E","M","?","?","$","M","BOSS","R_BF","M","?","R","M","M","T","M","M"],"items_purchased_type":["Relic","Relic"],"build_version":"2020-12-13","purchased_purges":0,"victory":false,"max_hp_per_floor":[99,102,103,103,103,103,103,104,104,114,115,115,116,117,117,117,117,117,119,119,120,120,121,121,121,121,122,124,126,126,127,128,130,130,130,132,132,132,133,135,135,136,136,136],"card_choices":[{"not_picked":["sneckomod:UnknownWeak","sneckomod:SoulRoll"],"picked":"sneckomod:UnknownCommonAttack","floor":3},{"not_picked":["vexMod:StairwayStrike","Transmutation"],"picked":"Chrysalis","floor":4},{"not_picked":["Master of Strategy","Swift Strike"],"picked":"Transmutation","floor":4},{"not_picked":["Violence","expansioncontent:SuperHexaguard"],"picked":"Replay:SS_forest_6","floor":4},{"not_picked":["sneckomod:UnknownClassFORSAKEN_GOLD_COLOR","sneckomod:UnknownClassEV_BLUE_COLOR"],"picked":"sneckomod:QuickBite","floor":5},{"not_picked":["sneckomod:PureSnecko","sneckomod:DiceBlock"],"picked":"sneckomod:MasterEye","floor":6},{"not_picked":["sneckomod:UnknownDexterity","sneckomod:UnknownClassSHADE_COLOR"],"picked":"sneckomod:UnknownStrength","floor":8},{"not_picked":["sneckomod:UnknownWeak","sneckomod:UnknownClassDEFAULT_GRAY_COLOR"],"picked":"sneckomod:UnknownVulnerable","floor":11},{"not_picked":["sneckomod:RainOfDice","sneckomod:WideSting"],"picked":"sneckomod:UnknownCommonSkill","floor":13},{"not_picked":["sneckomod:UnknownClassTHE_CHAMP_GRAY","sneckomod:UnknownClassHIEROPHANT_GOLD_COLOR"],"picked":"sneckomod:UnknownClassBLESSING","floor":14},{"not_picked":["sneckomod:UnknownEthereal","sneckomod:UnknownClassHEXA_GHOST_PURPLE"],"picked":"sneckomod:SoulDraw","floor":15},{"not_picked":["sneckomod:Restock","sneckomod:UnknownColorless"],"picked":"sneckomod:MorePower","floor":16},{"not_picked":["sneckomod:UnknownExhaust+1","sneckomod:Unknown0Cost+1"],"picked":"sneckomod:UnknownClassRED+1","floor":19},{"not_picked":["sneckomod:Unknown1Cost","sneckomod:RainOfDice+1"],"picked":"sneckomod:UnknownRareSkill","floor":19},{"not_picked":["sneckomod:UnknownClassSLIMEBOUND+1","sneckomod:UnknownClassPURPLE"],"picked":"sneckomod:DiceBlock","floor":21},{"not_picked":["sneckomod:UnknownClassPURPLE+1","sneckomod:Unknown2Cost+1"],"picked":"sneckomod:UnknownStrength+1","floor":21},{"not_picked":["sneckomod:SnekBeam","sneckomod:UnknownClassGREEN"],"picked":"sneckomod:UnknownClassRED","floor":23},{"not_picked":["sneckomod:UnknownClassBARD_COLOR+1","sneckomod:UnknownClassHIEROPHANT_GOLD_COLOR+1"],"picked":"sneckomod:UnknownClassGUARDIAN+1","floor":27},{"not_picked":["sneckomod:UnknownClassSILVER","sneckomod:UnknownClassBLACKBEARD_BLACK"],"picked":"sneckomod:QuickBite","floor":27},{"not_picked":["sneckomod:UnknownClassRUNESMITH_BEIGE+1","sneckomod:UnknownClassHIEROPHANT_GOLD_COLOR+1"],"picked":"sneckomod:UnknownDexterity+1","floor":28},{"not_picked":["sneckomod:UnknownClassBLACKBEARD_BLACK","sneckomod:UnknownStrike"],"picked":"sneckomod:Unknown0Cost+1","floor":28},{"not_picked":["sneckomod:UnknownClassHEXA_GHOST_PURPLE+1","sneckomod:UnknownClassEV_BLUE_COLOR+1"],"picked":"sneckomod:Unknown+1","floor":29},{"not_picked":["sneckomod:Unknown0Cost","sneckomod:QuickMove"],"picked":"sneckomod:UnknownVulnerable","floor":29},{"not_picked":["sneckomod:MasterEye+1","sneckomod:UnknownCommonAttack"],"picked":"sneckomod:UnknownRarePower","floor":31},{"not_picked":["sneckomod:UnknownColorless+1","sneckomod:UnknownClassTHE_UNNAMED+1"],"picked":"sneckomod:UnknownClassARTIST_RAINBOW_COLOR+1","floor":32},{"not_picked":["sneckomod:IronFang","sneckomod:DiceCrush"],"picked":"sneckomod:SoulDraw+1","floor":32},{"not_picked":["sneckomod:UnknownClassFORSAKEN_GOLD_COLOR+1","sneckomod:UnknownClassGATHERER_LIME+1"],"picked":"sneckomod:UnknownCommonAttack+1","floor":33},{"not_picked":["sneckomod:UnknownRareAttack","sneckomod:Mudshield"],"picked":"sneckomod:UnknownRareSkill","floor":33},{"not_picked":["sneckomod:UnknownClassTHE_CHAMP_GRAY+1","sneckomod:UnknownClassASTROLOGER+1"],"picked":"sneckomod:UnknownClassDEFAULT_GRAY_COLOR+1","floor":36},{"not_picked":["sneckomod:UnknownClassRED+1","sneckomod:IronFang"],"picked":"sneckomod:UnknownVulnerable","floor":36},{"not_picked":["sneckomod:UnknownVulnerable+1","sneckomod:UnknownWeak+1"],"picked":"sneckomod:UnknownColorless","floor":39},{"not_picked":["sneckomod:UnknownClassARTIST_RAINBOW_COLOR+1","sneckomod:UnknownClassSHADE_COLOR+1"],"picked":"sneckomod:UnknownClassTHE_ANIMATOR+1","floor":40},{"not_picked":["sneckomod:UnknownWeak+1","sneckomod:Unknown1Cost"],"picked":"sneckomod:UnknownBlock","floor":40},{"not_picked":["sneckomod:DiceBoulder","sneckomod:UnknownClassTHE_SIMPLETON_BLUE+1"],"picked":"sneckomod:UnknownStrike+1","floor":42}],"player_experience":28765,"relics_obtained":[{"floor":1,"key":"Bag of Marbles"},{"floor":3,"key":"infinitespire:Satchel"},{"floor":21,"key":"qcfpunch:Red_Gi"},{"floor":24,"key":"qcfpunch:Black_Training_Shirt"},{"floor":27,"key":"Oddly Smooth Stone"},{"floor":41,"key":"theForsaken:Lifeblossom"}],"event_choices":[{"damage_healed":0,"gold_gain":0,"player_choice":"Forge","damage_taken":0,"max_hp_gain":0,"max_hp_loss":0,"event_name":"Accursed Blacksmith","floor":9,"gold_loss":0,"cards_upgraded":["Replay:SS_forest_6"]}],"is_beta":false,"boss_relics":[{"not_picked":["energizedSpire:EnergizedDie","energizedSpire:OgreHead"],"picked":"halation:ForbiddenBikini"},{"not_picked":["Sandwich","halation:MonkeysPaw"],"picked":"conspire:SlowCooker"}],"items_purged_floors":[],"is_endless":false,"potions_floor_spawned":[3,5,11,14,16,21,23,27,32,33],"killed_by":"4 Shapes","ascension_level":0}}