{"host":"12piqfhmdln9x2la","time":1608312191,"event":{"mods":["2.2 Compatiblity","AchievementEnabler","BaseMod","BetterRewards","Colored Powertips","Minty Spire (QoL Compilation)","Quick Restart","SuperFastMode"],"gold_per_floor":[111,125,177,127,302,337,349,349,349],"floor_reached":8,"playtime":110,"items_purged":[],"score":81,"play_id":"ffd3c9d0-5bf3-45d3-bf72-e5c9d5621579","local_time":"20201219022311","is_ascension_mode":false,"campfire_choices":[],"circlet_count":0,"master_deck":["Strike_G+1","Strike_G+1","Strike_G","Strike_G","Defend_G","Defend_G","Defend_G","Defend_G","Defend_G","Survivor","Neutralize","PiercingWail","Quick Slash","Doubt","Bane","Footwork"],"relics":["Ring of the Snake","NeowsBlessing","Whetstone","Pear"],"acts_visited":["Exordium"],"potions_floor_usage":[],"damage_taken":[{"damage":0,"enemies":"Cultist","floor":1,"turns":1},{"damage":0,"enemies":"Jaw Worm","floor":2,"turns":1},{"damage":0,"enemies":"Gremlin Nob","floor":6,"turns":1},{"damage":1,"enemies":"Small Slimes","floor":7,"turns":5},{"damage":0,"enemies":"Lagavulin","floor":8,"turns":1}],"seed_played":"7216112930716106154","potions_obtained":[{"floor":7,"key":"SkillPotion"}],"is_trial":false,"path_per_floor":["M","M","T","?","?","E","M","E"],"character_chosen":"THE_SILENT","items_purchased":[],"campfire_rested":0,"item_purchase_floors":[],"current_hp_per_floor":[70,70,70,70,70,80,79,79,79],"gold":349,"neow_bonus":"THREE_ENEMY_KILL","is_daily":false,"chose_seed":false,"campfire_upgraded":0,"win_rate":0.0,"timestamp":1608312191,"path_taken":["M","M","?","?","?","E","M","E"],"items_purchased_type":[],"build_version":"2020-12-13","purchased_purges":0,"victory":false,"max_hp_per_floor":[70,70,70,70,70,80,80,80,80],"card_choices":[{"not_picked":["Bane","Masterful Stab"],"picked":"PiercingWail","floor":1},{"not_picked":["Masterful Stab","PiercingWail"],"picked":"Quick Slash","floor":2},{"not_picked":["PiercingWail","Outmaneuver"],"picked":"Bane","floor":6},{"not_picked":["Underhanded Strike","Bane"],"picked":"Footwork","floor":7}],"player_experience":94222,"relics_obtained":[{"floor":3,"key":"Whetstone"},{"floor":6,"key":"Pear"}],"event_choices":[{"cards_removed":["Strike_G"],"damage_healed":0,"gold_gain":0,"player_choice":"Card Removal","damage_taken":0,"max_hp_gain":0,"max_hp_loss":0,"event_name":"The Cleric","floor":4,"gold_loss":50},{"damage_healed":0,"gold_gain":175,"player_choice":"AGREE","damage_taken":0,"max_hp_gain":0,"max_hp_loss":0,"event_name":"Liars Game","floor":5,"gold_loss":0,"cards_obtained":["Doubt"]}],"is_beta":false,"boss_relics":[],"items_purged_floors":[],"is_endless":false,"potions_floor_spawned":[7],"killed_by":"Lagavulin","ascension_level":0}}