{"host":"48v21mwuis3vmwwb","time":1608279202,"event":{"mods":["AchievementEnabler","BaseMod","Colored Map","Colored Powertips","Highlight Path","Minty Spire (QoL Compilation)","Rare Cards Sparkle"],"gold_per_floor":[365,365,375,375,389,389,415,426,451,465,465,491,491,507,507,602,602,614,125,143,143,143],"floor_reached":21,"playtime":1958,"items_purged":[],"score":191,"play_id":"ff031fa9-d09e-414b-a25b-e2d420e9ca91","local_time":"20201218191322","is_ascension_mode":false,"campfire_choices":[{"data":"Blade Dance","floor":6,"key":"SMITH"},{"floor":11,"key":"REST"},{"data":"Noxious Fumes","floor":13,"key":"SMITH"},{"floor":15,"key":"REST"}],"circlet_count":0,"master_deck":["Strike_G","Strike_G","Strike_G","Strike_G","Strike_G","Defend_G","Defend_G","Defend_G","Defend_G+1","Defend_G","Survivor","Neutralize","Parasite","Bouncing Flask+1","Sucker Punch","Blade Dance+1","Riddle With Holes","Endless Agony","Outmaneuver","Noxious Fumes+1","Bane","Burst","Catalyst","The Bomb","Leg Sweep"],"relics":["Ring of the Serpent","Orichalcum","War Paint","Anchor","Juzu Bracelet","Lantern"],"acts_visited":["Exordium","TheCity"],"potions_floor_usage":[12,16,21],"damage_taken":[{"damage":1,"enemies":"2 Louse","floor":1,"turns":3},{"damage":8,"enemies":"Jaw Worm","floor":3,"turns":3},{"damage":0,"enemies":"Cultist","floor":5,"turns":3},{"damage":24,"enemies":"3 Sentries","floor":7,"turns":10},{"damage":5,"enemies":"Large Slime","floor":8,"turns":5},{"damage":0,"enemies":"Blue Slaver","floor":10,"turns":3},{"damage":15,"enemies":"Lagavulin","floor":12,"turns":5},{"damage":8,"enemies":"Lots of Slimes","floor":14,"turns":5},{"damage":16,"enemies":"Hexaghost","floor":16,"turns":9},{"damage":18,"enemies":"Shell Parasite","floor":18,"turns":6},{"damage":19,"enemies":"Spheric Guardian","floor":20,"turns":4},{"damage":68,"enemies":"Cultist and Chosen","floor":21,"turns":5}],"seed_played":"1238834186517079144","potions_obtained":[{"floor":3,"key":"AttackPotion"},{"floor":7,"key":"ColorlessPotion"},{"floor":10,"key":"FairyPotion"},{"floor":16,"key":"EssenceOfSteel"},{"floor":20,"key":"BlessingOfTheForge"}],"is_trial":false,"path_per_floor":["M","?","M","?","M","R","E","M","T","M","R","E","R","M","R","B",null,"M","$","M","M"],"character_chosen":"THE_SILENT","items_purchased":["Juzu Bracelet","Lantern","The Bomb"],"campfire_rested":2,"item_purchase_floors":[19,19,19],"current_hp_per_floor":[69,69,61,61,61,61,37,32,32,32,53,38,38,30,51,35,70,52,52,33,0,0],"gold":143,"neow_bonus":"TWO_FIFTY_GOLD","is_daily":false,"chose_seed":false,"campfire_upgraded":2,"win_rate":0.0,"timestamp":1608279202,"path_taken":["M","?","M","?","M","R","E","M","T","M","R","E","R","M","R","BOSS","M","$","M","M"],"items_purchased_type":["Relic","Relic","Card"],"build_version":"2020-12-13","purchased_purges":0,"victory":false,"max_hp_per_floor":[70,70,70,70,70,70,70,70,70,70,70,70,70,70,70,70,70,70,70,70,70,70],"card_choices":[{"not_picked":["Riddle With Holes","Predator"],"picked":"Infinite Blades","floor":1},{"not_picked":["Blur","Quick Slash"],"picked":"Sucker Punch","floor":3},{"not_picked":["PiercingWail","Sucker Punch"],"picked":"Blade Dance","floor":5},{"not_picked":["Outmaneuver","Skewer"],"picked":"Riddle With Holes","floor":7},{"not_picked":["Well Laid Plans","Tools of the Trade"],"picked":"Endless Agony","floor":8},{"not_picked":["Deadly Poison","Flying Knee"],"picked":"Outmaneuver","floor":10},{"not_picked":["Prepared","Infinite Blades"],"picked":"Noxious Fumes","floor":12},{"not_picked":["Quick Slash","Slice"],"picked":"Bane","floor":14},{"not_picked":["Doppelganger","Venomology"],"picked":"Burst","floor":16},{"not_picked":["Sucker Punch","Dash"],"picked":"Catalyst","floor":18},{"not_picked":["Backflip+1","Masterful Stab"],"picked":"Leg Sweep","floor":20}],"player_experience":80547,"relics_obtained":[{"floor":7,"key":"Orichalcum"},{"floor":9,"key":"War Paint"},{"floor":12,"key":"Anchor"}],"event_choices":[{"damage_healed":0,"gold_gain":0,"cards_transformed":["Infinite Blades"],"player_choice":"Change","damage_taken":0,"max_hp_gain":0,"max_hp_loss":0,"event_name":"Living Wall","floor":2,"gold_loss":0,"cards_obtained":["Bouncing Flask"]},{"damage_healed":0,"gold_gain":0,"player_choice":"Ignored","damage_taken":0,"max_hp_gain":0,"max_hp_loss":0,"event_name":"Liars Game","floor":4,"gold_loss":0}],"is_beta":false,"boss_relics":[{"not_picked":["Empty Cage","Runic Dome"],"picked":"Ring of the Serpent"}],"items_purged_floors":[],"is_endless":false,"potions_floor_spawned":[3,7,10,16,20],"killed_by":"Cultist and Chosen","ascension_level":0}}