{"host":"kw4o7b3ro2ktmmbe","time":1608293020,"event":{"mods":["BaseMod","Lobotomy","Minty Spire (QoL Compilation)","Robot Space Explorer","StSLib","Treasure Hunter"],"gold_per_floor":[125,125,137,137,237,237,252,278,278,290,320,332,357,397,409,519,531,533,545,569,581,593,605,645,657,723,748,773,884,129,143,143,242,242,258,276,287,287,337,337,364,364,364,378,391,391,408,420,420,420],"floor_reached":51,"playtime":6778,"items_purged":["RobotSpaceExplorer:Defend"],"score":869,"play_id":"5967814b-fb75-40c3-9112-ac201530b70c","local_time":"20201219010340","is_ascension_mode":true,"campfire_choices":[{"data":"RobotSpaceExplorer:StarDust","floor":6.0,"key":"SMITH"},{"data":"RobotSpaceExplorer:Pulsar","floor":12.0,"key":"SMITH"},{"data":"RobotSpaceExplorer:MiniBoosters","floor":15.0,"key":"SMITH"},{"data":"RobotSpaceExplorer:ExhaustFan","floor":23.0,"key":"SMITH"},{"floor":32.0,"key":"REST"},{"floor":40.0,"key":"REST"},{"data":"RobotSpaceExplorer:DroneSwarm","floor":49,"key":"SMITH"}],"circlet_count":0,"master_deck":["RobotSpaceExplorer:Strike","RobotSpaceExplorer:Strike","RobotSpaceExplorer:Strike","RobotSpaceExplorer:MiniLasers","RobotSpaceExplorer:StarDust+1","RobotSpaceExplorer:ShovelStrike","RobotSpaceExplorer:Pulsar+1","TH:CursedSword","TH:BikiniMail","RobotSpaceExplorer:ScrapToss","TH:CursedSword","RobotSpaceExplorer:MiniBoosters+1","TH:CursedSword","RobotSpaceExplorer:ScrapToss","RobotSpaceExplorer:ExhaustFan+1","TH:DeckOfManyThings","TH:DeckOfManyThings","RobotSpaceExplorer:DualCore+1","Ghostly+1","Ghostly+1","Ghostly+1","Ghostly+1","Ghostly+1","TH:Mimic","RobotSpaceExplorer:Multitool","RobotSpaceExplorer:Pulsar+1","RobotSpaceExplorer:Fix+1","TH:CursedSword","RobotSpaceExplorer:Fix+1","TH:Mimic","The Bomb+1","Bandage Up+1","Panache","Writhe","TH:DeckOfManyThings","RobotSpaceExplorer:ExhaustFan+1","Madness+1","Madness+1","RobotSpaceExplorer:DroneSwarm+1"],"relics":["Sozu","White Beast Statue","TH:Strongbox","MawBank","RobotSpaceExplorer:PlasmaHourglass","Black Star","Singing Bowl","Enchiridion","Toxic Egg 2","Dream Catcher","Strawberry","Eternal Feather","Torii","HandDrill","Cursed Key","Potion Belt","RobotSpaceExplorer:ToughPlating","Bag of Marbles","Dead Branch","InkBottle"],"acts_visited":["Exordium","TheCity","TheBeyond"],"potions_floor_usage":[],"damage_taken":[{"damage":1.0,"enemies":"Cultist","floor":1.0,"turns":4.0},{"damage":1.0,"enemies":"Jaw Worm","floor":3.0,"turns":4.0},{"damage":0.0,"enemies":"Small Slimes","floor":7.0,"turns":3.0},{"damage":10.0,"enemies":"3 Sentries","floor":8.0,"turns":5.0},{"damage":4.0,"enemies":"Exordium Thugs","floor":10.0,"turns":5.0},{"damage":0.0,"enemies":"Looter","floor":13.0,"turns":3.0},{"damage":17.0,"enemies":"Gremlin Nob","floor":14.0,"turns":4.0},{"damage":0.0,"enemies":"Slime Boss","floor":16.0,"turns":6.0},{"damage":18.0,"enemies":"2 Thieves","floor":18.0,"turns":4.0},{"damage":4.0,"enemies":"Chosen","floor":20.0,"turns":4.0},{"damage":33.0,"enemies":"Gremlin Leader","floor":24.0,"turns":7.0},{"damage":3.0,"enemies":"Centurion and Healer","floor":27.0,"turns":6.0},{"damage":2.0,"enemies":"Snake Plant","floor":28.0,"turns":6.0},{"damage":2.0,"enemies":"3 Cultists","floor":31.0,"turns":7.0},{"damage":11.0,"enemies":"Champ","floor":33.0,"turns":8.0},{"damage":11.0,"enemies":"3 Shapes","floor":35.0,"turns":5.0},{"damage":9.0,"enemies":"Orb Walker","floor":36.0,"turns":4.0},{"damage":31.0,"enemies":"Jaw Worm Horde","floor":37.0,"turns":5.0},{"damage":1.0,"enemies":"Mind Bloom Boss Battle","floor":39.0,"turns":7.0},{"damage":37.0,"enemies":"Reptomancer","floor":41.0,"turns":9.0},{"damage":2.0,"enemies":"Sphere and 2 Shapes","floor":44.0,"turns":4.0},{"damage":2,"enemies":"Transient","floor":45,"turns":5},{"damage":2,"enemies":"Jaw Worm Horde","floor":47,"turns":4},{"damage":1,"enemies":"Spire Growth","floor":48,"turns":5},{"damage":14,"enemies":"Awakened One","floor":50,"turns":8},{"damage":10,"enemies":"Malkuth","floor":51,"turns":10},{"damage":2,"enemies":"Netzach","floor":51,"turns":10}],"seed_played":"-6768418266517728805","potions_obtained":[],"is_trial":false,"path_per_floor":["M","?","M","$","?","R","M","E","T","M","?","R","M","E","R","B",null,"M","?","M","T","?","R","E","?","T","M","M","?","$","M","R","B",null,"M","M","M","?","?","R","E","?","T","M","M","?","M","M","R","B",null],"character_chosen":"RobotSpaceExplorer","items_purchased":["Eternal Feather","Torii","HandDrill"],"campfire_rested":2,"item_purchase_floors":[30,30,30],"current_hp_per_floor":[74,74,73,73,73,73,73,63,63,59,59,59,59,42,42,42,75,57,57,53,53,37,37,4,4,11,10,8,8,8,6,34,29,46,37,36,13,13,20,54,26,16,16,28,44,37,43,60,60,60],"gold":420,"neow_bonus":"BOSS_RELIC","is_daily":false,"chose_seed":false,"campfire_upgraded":5,"win_rate":0.0,"timestamp":1608293020,"path_taken":["M","?","?","$","?","R","M","E","T","?","?","R","M","E","R","BOSS","M","?","?","?","?","R","E","?","T","M","M","?","?","M","R","BOSS","M","?","M","?","?","R","E","?","T","M","M","?","M","M","R","BOSS"],"items_purchased_type":["Relic","Relic","Relic"],"build_version":"2020-12-13","purchased_purges":1,"victory":true,"max_hp_per_floor":[75,75,75,75,75,75,75,75,75,75,75,75,75,75,75,75,75,75,75,75,75,75,75,75,37,44,46,46,46,46,46,46,46,46,48,50,52,52,54,54,56,56,56,58,58,58,60,60,60,60],"card_choices":[{"not_picked":["RobotSpaceExplorer:FranticSearch","RobotSpaceExplorer:GearShield"],"picked":"RobotSpaceExplorer:StarDust","floor":1.0},{"not_picked":["RobotSpaceExplorer:RigExplosive","RobotSpaceExplorer:Reload"],"picked":"RobotSpaceExplorer:Pulsar","floor":3.0},{"not_picked":["RobotSpaceExplorer:ShovelStrike","RobotSpaceExplorer:SurgingShield","RobotSpaceExplorer:FreezeRay"],"picked":"SKIP","floor":7.0},{"not_picked":["TH:BikiniMail"],"picked":"TH:CursedSword","floor":8.0},{"not_picked":["RobotSpaceExplorer:PowerGlove","RobotSpaceExplorer:SurgingShield","RobotSpaceExplorer:Counterblock"],"picked":"SKIP","floor":8.0},{"not_picked":["TH:DeckOfManyThings"],"picked":"TH:BikiniMail","floor":9.0},{"not_picked":["RobotSpaceExplorer:SwiftStep","RobotSpaceExplorer:GlueShot"],"picked":"RobotSpaceExplorer:ScrapToss","floor":10.0},{"not_picked":["RobotSpaceExplorer:GlueShot","RobotSpaceExplorer:ImprovisedAttack","RobotSpaceExplorer:ToxicBomb"],"picked":"SKIP","floor":13.0},{"not_picked":["TH:TreasureMap"],"picked":"TH:CursedSword","floor":14.0},{"not_picked":["RobotSpaceExplorer:Discharger","RobotSpaceExplorer:SurgingShield"],"picked":"RobotSpaceExplorer:MiniBoosters","floor":14.0},{"not_picked":["TH:PixieDust"],"picked":"TH:CursedSword","floor":16.0},{"not_picked":["RobotSpaceExplorer:Asteroid","RobotSpaceExplorer:Explosion"],"picked":"RobotSpaceExplorer:Wormhole","floor":16.0},{"not_picked":["RobotSpaceExplorer:LaserBurst","RobotSpaceExplorer:SwiftStep+1"],"picked":"RobotSpaceExplorer:ScrapToss","floor":18.0},{"not_picked":["RobotSpaceExplorer:ImprovisedAttack","RobotSpaceExplorer:MiniDrones+1"],"picked":"RobotSpaceExplorer:ExhaustFan","floor":20.0},{"not_picked":["TH:TreasureMap"],"picked":"TH:DeckOfManyThings","floor":21.0},{"not_picked":["TH:CopperCoins"],"picked":"TH:DeckOfManyThings","floor":24.0},{"not_picked":["RobotSpaceExplorer:SlimeMissile","RobotSpaceExplorer:Calculate+1"],"picked":"RobotSpaceExplorer:DualCore+1","floor":24.0},{"not_picked":["TH:EnergyPotion"],"picked":"TH:Mimic","floor":26.0},{"not_picked":["RobotSpaceExplorer:Electropulse","RobotSpaceExplorer:ScrapMissile+1","RobotSpaceExplorer:ShockKick"],"picked":"Singing Bowl","floor":27.0},{"not_picked":["RobotSpaceExplorer:ImprovisedAttack","RobotSpaceExplorer:Fix+1"],"picked":"RobotSpaceExplorer:Multitool","floor":28.0},{"not_picked":["RobotSpaceExplorer:ImprovisedAttack","RobotSpaceExplorer:ShockKick+1"],"picked":"RobotSpaceExplorer:Pulsar+1","floor":31.0},{"not_picked":["RobotSpaceExplorer:ShockKick","RobotSpaceExplorer:TurboDodge+1"],"picked":"RobotSpaceExplorer:Fix+1","floor":32.0},{"not_picked":["TH:Mimic"],"picked":"TH:CursedSword","floor":33.0},{"not_picked":["RobotSpaceExplorer:ShockMissile","RobotSpaceExplorer:Blaster"],"picked":"RobotSpaceExplorer:Exploration+1","floor":33.0},{"not_picked":["RobotSpaceExplorer:FreezeRay+1","RobotSpaceExplorer:SwiftStep+1","RobotSpaceExplorer:IronShell+1"],"picked":"Singing Bowl","floor":35.0},{"not_picked":["RobotSpaceExplorer:DoubleFind+1","RobotSpaceExplorer:Jetpack+1","RobotSpaceExplorer:SurgingShield+1"],"picked":"Singing Bowl","floor":36.0},{"not_picked":["RobotSpaceExplorer:RigExplosive+1","RobotSpaceExplorer:DoubleFind+1","RobotSpaceExplorer:StunGrenade"],"picked":"Singing Bowl","floor":37.0},{"not_picked":["RobotSpaceExplorer:MiniDrones+1","RobotSpaceExplorer:ScrapToss","RobotSpaceExplorer:SwiftStep+1"],"picked":"Singing Bowl","floor":39.0},{"not_picked":["RobotSpaceExplorer:LaserBurst","RobotSpaceExplorer:PowerCollector"],"picked":"RobotSpaceExplorer:Fix+1","floor":40.0},{"not_picked":["TH:PixieDust"],"picked":"TH:Mimic","floor":41.0},{"not_picked":["RobotSpaceExplorer:GlueSpray+1","RobotSpaceExplorer:LaserBurst","RobotSpaceExplorer:SurgingStrike"],"picked":"Singing Bowl","floor":41.0},{"not_picked":["Chrysalis+1","Panacea+1"],"picked":"The Bomb+1","floor":42.0},{"not_picked":["Master of Strategy+1","Metamorphosis+1"],"picked":"Bandage Up+1","floor":42.0},{"not_picked":["Violence+1","Swift Strike"],"picked":"Panache","floor":42.0},{"not_picked":["TH:Mimic"],"picked":"TH:DeckOfManyThings","floor":43.0},{"not_picked":["RobotSpaceExplorer:StunGrenade+1","RobotSpaceExplorer:SwiftStep+1","RobotSpaceExplorer:ScrapMissile"],"picked":"Singing Bowl","floor":44.0},{"not_picked":["RobotSpaceExplorer:Probe","RobotSpaceExplorer:FrostMissile+1"],"picked":"RobotSpaceExplorer:ExhaustFan+1","floor":45},{"not_picked":["RobotSpaceExplorer:FranticSearch+1","RobotSpaceExplorer:LaserBurst+1","RobotSpaceExplorer:FrostMissile"],"picked":"Singing Bowl","floor":47},{"not_picked":["RobotSpaceExplorer:FranticSearch+1","RobotSpaceExplorer:MiniDrones+1"],"picked":"RobotSpaceExplorer:DroneSwarm","floor":48}],"player_experience":1789003,"relics_obtained":[{"floor":8.0,"key":"White Beast Statue"},{"floor":9.0,"key":"TH:Strongbox"},{"floor":14.0,"key":"RobotSpaceExplorer:PlasmaHourglass"},{"floor":21.0,"key":"Singing Bowl"},{"floor":22.0,"key":"Enchiridion"},{"floor":24.0,"key":"Toxic Egg 2"},{"floor":24.0,"key":"Dream Catcher"},{"floor":26.0,"key":"Strawberry"},{"floor":37.0,"key":"Potion Belt"},{"floor":39.0,"key":"RobotSpaceExplorer:ToughPlating"},{"floor":41.0,"key":"Bag of Marbles"},{"floor":41.0,"key":"Dead Branch"},{"floor":43.0,"key":"InkBottle"}],"event_choices":[{"damage_healed":0.0,"max_hp_gain":0.0,"max_hp_loss":0.0,"gold_gain":0.0,"cards_transformed":["RobotSpaceExplorer:Defend"],"event_name":"Transmorgrifier","player_choice":"Transformed","floor":2.0,"gold_loss":0.0,"damage_taken":0.0,"cards_obtained":["RobotSpaceExplorer:ShovelStrike"]},{"damage_healed":0.0,"max_hp_gain":0.0,"max_hp_loss":0.0,"gold_gain":100.0,"event_name":"Golden Shrine","player_choice":"Pray","floor":5.0,"gold_loss":0.0,"damage_taken":0.0},{"damage_healed":0.0,"max_hp_gain":0.0,"max_hp_loss":0.0,"gold_gain":30.0,"event_name":"Dead Adventurer","player_choice":"Searched \u00272\u0027 times","floor":11.0,"gold_loss":0.0,"damage_taken":0.0,"relics_obtained":["MawBank"]},{"cards_removed":["RobotSpaceExplorer:Defend"],"damage_healed":0.0,"max_hp_gain":0.0,"max_hp_loss":0.0,"gold_gain":0.0,"event_name":"Purifier","player_choice":"Purged","floor":19.0,"gold_loss":0.0,"damage_taken":0.0},{"damage_healed":0.0,"max_hp_gain":0.0,"max_hp_loss":0.0,"gold_gain":0.0,"event_name":"Cursed Tome","player_choice":"Obtained Book","floor":22.0,"gold_loss":0.0,"damage_taken":16.0},{"damage_healed":0.0,"max_hp_gain":0.0,"max_hp_loss":38.0,"gold_gain":0.0,"event_name":"Ghosts","player_choice":"Became a Ghost","floor":25.0,"gold_loss":0.0,"damage_taken":0.0,"cards_obtained":["Ghostly","Ghostly","Ghostly","Ghostly","Ghostly"]},{"damage_healed":0.0,"max_hp_gain":0.0,"max_hp_loss":0.0,"gold_gain":99.0,"event_name":"Nest","player_choice":"Stole From Cult","floor":29.0,"gold_loss":0.0,"damage_taken":0.0},{"damage_healed":0.0,"max_hp_gain":0.0,"max_hp_loss":0.0,"gold_gain":0.0,"event_name":"The Moai Head","player_choice":"Ignored","floor":38.0,"gold_loss":0.0,"damage_taken":0.0},{"damage_healed":0.0,"max_hp_gain":0.0,"max_hp_loss":0.0,"gold_gain":0.0,"event_name":"MindBloom","player_choice":"Fight","floor":39.0,"gold_loss":0.0,"damage_taken":0.0},{"damage_healed":0.0,"max_hp_gain":0.0,"max_hp_loss":0.0,"gold_gain":0.0,"event_name":"SensoryStone","player_choice":"Memory 3","floor":42.0,"gold_loss":0.0,"damage_taken":10.0},{"damage_healed":0,"gold_gain":0,"player_choice":"Embrace Madness","damage_taken":7,"max_hp_gain":0,"max_hp_loss":0,"event_name":"Winding Halls","floor":46,"gold_loss":0,"cards_obtained":["Madness","Madness"]}],"is_beta":false,"boss_relics":[{"not_picked":["RobotSpaceExplorer:SearchSpecs","Runic Dome"],"picked":"Black Star"},{"not_picked":["Astrolabe","Tiny House"],"picked":"Cursed Key"}],"items_purged_floors":[30],"is_endless":false,"potions_floor_spawned":[10,13,14,16,18,20,24,27,28,31,33,35,36,37,39,41,44,45,47,48,51,51],"ascension_level":1}}