{"host":"gp6kafy53r5vaktt","time":1608303217,"event":{"mods":["BaseMod","Colored Map","Highlight Path","Minty Spire (QoL Compilation)"],"gold_per_floor":[118,138,213,224,240,273,12,12,57,77,107,107,107,139,139,241,241,255,273,273,188,188,188,208,238,318,345,126,161,173,200,212,328,340,367,379,80,90,108,141,141,175,198,208,208,228,246,279,279,279,279,279,7,33,33],"floor_reached":56,"playtime":4531,"items_purged":["Rainbow","Strike_B+1","Hello World"],"score":1418,"play_id":"211d5059-e8b4-4707-bbec-32dd91a3824b","local_time":"20201218165337","is_ascension_mode":true,"campfire_choices":[{"data":"Consume","floor":8,"key":"SMITH"},{"data":"Glacier","floor":13,"key":"SMITH"},{"data":"Loop","floor":15,"key":"SMITH"},{"data":"Self Repair","floor":23,"key":"SMITH"},{"floor":30,"key":"REST"},{"data":"Conserve Battery","floor":32,"key":"SMITH"},{"data":"Defragment","floor":45,"key":"SMITH"},{"floor":49,"key":"RECALL"},{"data":"Glacier","floor":52,"key":"SMITH"}],"circlet_count":0,"master_deck":["Strike_B+1","Strike_B+1","Strike_B+1","Defend_B+1","Defend_B+1","Defend_B+1","Zap","Dualcast","Self Repair+1","Conserve Battery+1","Glacier+1","Auto Shields+1","Consume+1","Redo+1","Loop+1","Melter","BootSequence+1","Storm+1","Ball Lightning+1","Ball Lightning+1","Electrodynamics+1","Defragment+1","White Noise+1","Leap+1","Glacier+1","Cold Snap+1","Amplify"],"relics":["Cracked Core","InkBottle","Ornamental Fan","Bronze Scales","Toy Ornithopter","White Beast Statue","Sozu","Singing Bowl","Bottled Tornado","Cables","Gambling Chip","Runic Capacitor","MawBank","Black Star","War Paint","Bird Faced Urn","Gremlin Horn","Darkstone Periapt","Lizard Tail","Orichalcum","Prayer Wheel","Lantern","Anchor","Ice Cream"],"acts_visited":["Exordium","TheCity","TheBeyond","TheEnding"],"potions_floor_usage":[6,11,16,18],"damage_taken":[{"damage":2,"enemies":"2 Louse","floor":1,"turns":2},{"damage":1,"enemies":"Jaw Worm","floor":2,"turns":4},{"damage":0,"enemies":"Cultist","floor":4,"turns":3},{"damage":2,"enemies":"Blue Slaver","floor":5,"turns":5},{"damage":7,"enemies":"3 Sentries","floor":6,"turns":13},{"damage":4,"enemies":"2 Fungi Beasts","floor":10,"turns":4},{"damage":4,"enemies":"Lagavulin","floor":11,"turns":9},{"damage":19,"enemies":"3 Sentries","floor":14,"turns":9},{"damage":0,"enemies":"Slime Boss","floor":16,"turns":13},{"damage":16,"enemies":"2 Thieves","floor":18,"turns":5},{"damage":0,"enemies":"Spheric Guardian","floor":19,"turns":5},{"damage":5,"enemies":"Chosen and Byrds","floor":24,"turns":6},{"damage":14,"enemies":"Slavers","floor":25,"turns":6},{"damage":40,"enemies":"Gremlin Leader","floor":27,"turns":6},{"damage":10,"enemies":"Book of Stabbing","floor":29,"turns":4},{"damage":0,"enemies":"Shelled Parasite and Fungi","floor":31,"turns":4},{"damage":3,"enemies":"Champ","floor":33,"turns":9},{"damage":2,"enemies":"Orb Walker","floor":35,"turns":2},{"damage":3,"enemies":"3 Shapes","floor":38,"turns":3},{"damage":21,"enemies":"Writhing Mass","floor":39,"turns":3},{"damage":0,"enemies":"Giant Head","floor":40,"turns":7},{"damage":11,"enemies":"Reptomancer","floor":42,"turns":4},{"damage":27,"enemies":"Spire Growth","floor":44,"turns":4},{"damage":12,"enemies":"4 Shapes","floor":46,"turns":3},{"damage":16,"enemies":"3 Darklings","floor":47,"turns":5},{"damage":36,"enemies":"Giant Head","floor":48,"turns":8},{"damage":21,"enemies":"Awakened One","floor":50,"turns":12},{"damage":30,"enemies":"Shield and Spear","floor":54,"turns":4},{"damage":107,"enemies":"The Heart","floor":55,"turns":12}],"seed_played":"7521794091272034193","potions_obtained":[{"floor":1,"key":"PotionOfCapacity"},{"floor":4,"key":"FearPotion"},{"floor":14,"key":"AttackPotion"},{"floor":16,"key":"FearPotion"}],"is_trial":false,"path_per_floor":["M","M","?","M","M","E","$","R","T","M","E","?","R","E","R","B",null,"M","M","?","?","?","R","M","E","T","E","$","E","R","M","R","B",null,"M","?","$","M","M","E","?","E","T","M","R","M","M","E","R","B",null,"R","$","E","B",null],"character_chosen":"DEFECT","items_purchased":["Ornamental Fan","Runic Capacitor","Defragment","War Paint","Lantern"],"campfire_rested":1,"item_purchase_floors":[7,28,37,37,53],"current_hp_per_floor":[80,82,71,78,82,82,82,82,82,82,82,82,82,70,70,82,82,78,82,82,82,66,66,71,67,67,37,37,39,64,74,74,81,84,82,82,82,84,73,83,83,86,86,73,73,81,88,68,68,69,90,90,90,72,27],"gold":33,"neow_bonus":"TEN_PERCENT_HP_BONUS","is_daily":false,"chose_seed":false,"campfire_upgraded":7,"win_rate":0.0,"timestamp":1608303217,"path_taken":["M","M","?","M","M","E","$","R","T","M","E","?","R","E","R","BOSS","M","M","?","?","?","R","?","E","T","E","$","E","R","M","R","BOSS","M","?","$","M","?","E","?","E","T","M","R","M","M","E","R","BOSS","R","$","E","BOSS"],"items_purchased_type":["Relic","Relic","Card","Relic","Relic"],"build_version":"2020-12-13","purchased_purges":3,"victory":true,"max_hp_per_floor":[82,82,82,82,82,82,82,82,82,82,82,82,82,82,82,82,82,82,82,82,82,82,82,82,82,82,82,82,84,84,84,84,84,84,84,84,84,84,84,84,84,86,86,86,86,86,88,90,90,90,90,90,90,90,90],"card_choices":[{"not_picked":["Hologram","Heatsinks"],"picked":"Self Repair","floor":1},{"not_picked":["Doom and Gloom","Gash"],"picked":"Conserve Battery","floor":2},{"not_picked":["BootSequence","Redo"],"picked":"Glacier","floor":4},{"not_picked":["Darkness","Streamline"],"picked":"Auto Shields","floor":5},{"not_picked":["Sweeping Beam","Gash"],"picked":"Consume","floor":6},{"not_picked":["Compile Driver","Go for the Eyes","Barrage"],"picked":"SKIP","floor":10},{"not_picked":["Doom and Gloom","Scrape"],"picked":"Redo","floor":11},{"not_picked":["Darkness","Go for the Eyes"],"picked":"Loop","floor":14},{"not_picked":["Biased Cognition","Thunder Strike"],"picked":"Rainbow","floor":16},{"not_picked":["Force Field+1","Fusion","Steam"],"picked":"SKIP","floor":18},{"not_picked":["Barrage","Undo"],"picked":"Melter","floor":19},{"not_picked":["Leap","Beam Cell"],"picked":"BootSequence+1","floor":24},{"not_picked":["Melter","Darkness"],"picked":"Storm+1","floor":25},{"not_picked":["Storm","Lockon"],"picked":"Ball Lightning+1","floor":27},{"not_picked":["Go for the Eyes","Hologram","Ball Lightning"],"picked":"Singing Bowl","floor":29},{"not_picked":["Go for the Eyes","Steam"],"picked":"Ball Lightning+1","floor":31},{"not_picked":["All For One","Machine Learning"],"picked":"Electrodynamics","floor":33},{"not_picked":["Rip and Tear+1","Genetic Algorithm"],"picked":"Hello World","floor":35},{"not_picked":["Aggregate+1","Go for the Eyes"],"picked":"White Noise+1","floor":38},{"not_picked":["Beam Cell","Darkness+1"],"picked":"Cold Snap+1","floor":39},{"not_picked":["Loop","Heatsinks"],"picked":"Leap+1","floor":40},{"not_picked":["Rebound+1","Beam Cell","Core Surge"],"picked":"Singing Bowl","floor":42},{"not_picked":["Doom and Gloom","Darkness+1"],"picked":"Glacier","floor":44},{"not_picked":["Turbo","Beam Cell+1"],"picked":"Cold Snap+1","floor":46},{"not_picked":["Redo+1","Heatsinks","Turbo"],"picked":"Singing Bowl","floor":47},{"not_picked":["All For One","Beam Cell","Double Energy"],"picked":"Singing Bowl","floor":48},{"not_picked":["Aggregate+1","Sweeping Beam"],"picked":"Amplify","floor":54}],"player_experience":45668,"relics_obtained":[{"floor":6,"key":"InkBottle"},{"floor":9,"key":"Bronze Scales"},{"floor":11,"key":"Toy Ornithopter"},{"floor":14,"key":"White Beast Statue"},{"floor":25,"key":"Bottled Tornado"},{"floor":26,"key":"Cables"},{"floor":27,"key":"Gambling Chip"},{"floor":29,"key":"MawBank"},{"floor":40,"key":"Bird Faced Urn"},{"floor":40,"key":"Gremlin Horn"},{"floor":42,"key":"Darkstone Periapt"},{"floor":42,"key":"Lizard Tail"},{"floor":48,"key":"Orichalcum"},{"floor":48,"key":"Prayer Wheel"},{"floor":54,"key":"Anchor"},{"floor":54,"key":"Ice Cream"}],"event_choices":[{"damage_healed":0,"gold_gain":75,"player_choice":"Gather Gold","damage_taken":11,"max_hp_gain":0,"max_hp_loss":0,"event_name":"World of Goop","floor":3,"gold_loss":0},{"cards_removed":["Defend_B"],"damage_healed":0,"gold_gain":0,"player_choice":"Offered Basic","damage_taken":0,"max_hp_gain":0,"max_hp_loss":0,"event_name":"Bonfire Elementals","floor":12,"gold_loss":0},{"damage_healed":0,"gold_gain":0,"player_choice":"Simplicity","damage_taken":0,"max_hp_gain":0,"max_hp_loss":0,"event_name":"Back to Basics","floor":20,"gold_loss":0,"cards_upgraded":["Strike_B","Strike_B","Strike_B","Strike_B","Defend_B","Defend_B","Defend_B"]},{"damage_healed":0,"gold_gain":0,"player_choice":"Obtained Relic","damage_taken":0,"relics_obtained":["Singing Bowl"],"max_hp_gain":0,"max_hp_loss":0,"event_name":"Addict","floor":21,"gold_loss":85},{"damage_healed":0,"gold_gain":0,"player_choice":"Obtained Book","damage_taken":16,"max_hp_gain":0,"max_hp_loss":0,"event_name":"Cursed Tome","floor":22,"gold_loss":0},{"damage_healed":0,"gold_gain":0,"player_choice":"Forge","damage_taken":0,"max_hp_gain":0,"max_hp_loss":0,"event_name":"Accursed Blacksmith","floor":36,"gold_loss":0,"cards_upgraded":["Electrodynamics"]},{"cards_removed":["Cold Snap"],"damage_healed":0,"gold_gain":0,"player_choice":"Removed Attack","damage_taken":0,"max_hp_gain":0,"max_hp_loss":0,"event_name":"Falling","floor":41,"gold_loss":0}],"is_beta":false,"boss_relics":[{"not_picked":["Coffee Dripper","Runic Dome"],"picked":"Sozu"},{"not_picked":["Snecko Eye","Runic Pyramid"],"picked":"Black Star"}],"items_purged_floors":[28,37,53],"is_endless":false,"potions_floor_spawned":[1,4,14,16,18,19,24,25,27,29,31,33,35,38,39,40,42,44,46,47,48,54],"ascension_level":1}}