{"host":"2461dio7vetlq1z3","time":1608328930,"event":{"mods":["2.2 Compatiblity","AchievementEnabler","BaseMod","Better Third Choice","Hermit","Minty Spire (QoL Compilation)","Relic Stats","Spicy Shops","StSLib","The Animator","Waifu the Spire"],"gold_per_floor":[116,116,134,154,169,198,198,227,227,227,245,320,339,351,351,351,351],"floor_reached":16,"playtime":573,"items_purged":[],"score":228,"play_id":"0edbedf6-c664-4a82-bfe7-07492ca7b892","local_time":"20201218230210","is_ascension_mode":true,"campfire_choices":[{"floor":7,"key":"REST"},{"floor":10,"key":"REST"},{"data":"Strike_R","floor":15,"key":"PURGE"}],"circlet_count":0,"master_deck":["AscendersBane","Strike_R","Strike_R","Strike_R","Defend_R","Defend_R","Defend_R","Defend_R","Bash","Pommel Strike","Clash","Blood for Blood","Disarm","Offering","Spot Weakness","Ghostly Armor","Cleave"],"relics":["Burning Blood","StrikeDummy","Peace Pipe","Torii"],"acts_visited":["Exordium"],"potions_floor_usage":[6,16,16,16,16],"damage_taken":[{"damage":9,"enemies":"Jaw Worm","floor":1,"turns":6},{"damage":7,"enemies":"Small Slimes","floor":3,"turns":4},{"damage":4,"enemies":"2 Louse","floor":4,"turns":3},{"damage":15,"enemies":"Red Slaver","floor":5,"turns":5},{"damage":45,"enemies":"3 Sentries","floor":6,"turns":10},{"damage":32,"enemies":"Gremlin Nob","floor":8,"turns":4},{"damage":8,"enemies":"Large Slime","floor":11,"turns":6},{"damage":6,"enemies":"Exordium Wildlife","floor":13,"turns":3},{"damage":1,"enemies":"2 Fungi Beasts","floor":14,"turns":3},{"damage":32,"enemies":"Slime Boss","floor":16,"turns":8}],"seed_played":"5338076006657676726","potions_obtained":[{"floor":1,"key":"Energy Potion"},{"floor":8,"key":"SkillPotion"},{"floor":13,"key":"EntropicBrew"}],"is_trial":false,"path_per_floor":["M","?","M","M","M","E","R","E","T","R","M","?","M","M","R","B"],"character_chosen":"IRONCLAD","items_purchased":[],"campfire_rested":2,"item_purchase_floors":[],"current_hp_per_floor":[72,65,64,66,57,18,42,16,16,40,38,27,27,32,32,0,0],"gold":351,"neow_bonus":"TEN_PERCENT_HP_BONUS","is_daily":false,"chose_seed":false,"campfire_upgraded":0,"win_rate":0.0,"timestamp":1608328930,"path_taken":["M","?","M","M","M","E","R","E","T","R","M","?","M","M","R","BOSS"],"items_purchased_type":[],"build_version":"2020-12-13","purchased_purges":0,"victory":false,"max_hp_per_floor":[82,82,82,82,82,82,82,82,82,82,82,82,82,82,82,82,82],"relic_stats":{"Peace Pipe":1,"Torii":12,"counters":[10,52],"obtain_stats":[{"Peace Pipe":8,"Torii":9,"StrikeDummy":6,"Burning Blood":0},{"Peace Pipe":6,"Torii":6,"StrikeDummy":5,"Burning Blood":0},{"Peace Pipe":32,"Torii":32,"StrikeDummy":28,"Burning Blood":0}],"Burning Blood":54},"card_choices":[{"not_picked":["Clash","Perfected Strike"],"picked":"Pommel Strike","floor":1},{"not_picked":["Dark Embrace","Body Slam"],"picked":"Clash","floor":3},{"not_picked":["Seeing Red","Thunderclap"],"picked":"Blood for Blood","floor":4},{"not_picked":["Intimidate","Blood for Blood"],"picked":"Disarm","floor":5},{"not_picked":["Warcry","Flex","Body Slam"],"picked":"SKIP","floor":6},{"not_picked":["Sword Boomerang","Sever Soul"],"picked":"Offering","floor":8},{"not_picked":["Perfected Strike","Burning Pact"],"picked":"Spot Weakness","floor":11},{"not_picked":["Inflame","Armaments"],"picked":"Ghostly Armor","floor":13},{"not_picked":["Flex","Clash"],"picked":"Cleave","floor":14}],"player_experience":822463,"relics_obtained":[{"floor":6,"key":"StrikeDummy"},{"floor":8,"key":"Peace Pipe"},{"floor":9,"key":"Torii"}],"event_choices":[{"cards_removed":["Strike_R"],"damage_healed":0,"gold_gain":0,"player_choice":"Card Removal","damage_taken":7,"max_hp_gain":0,"max_hp_loss":0,"event_name":"Golden Wing","floor":2,"gold_loss":0},{"damage_healed":0,"gold_gain":75,"player_choice":"Gold","damage_taken":11,"max_hp_gain":0,"max_hp_loss":0,"event_name":"betterThird:BetterGoop","floor":12,"gold_loss":0}],"is_beta":false,"boss_relics":[],"items_purged_floors":[],"is_endless":false,"potions_floor_spawned":[1,8,13,14],"killed_by":"Slime Boss","ascension_level":20}}