{"host":"gopu3kmfaoww0llm","time":1608310762,"event":{"mods":["BaseMod","DeckTracker","Minty Spire (QoL Compilation)","Quick Restart","StSLib","SuperFastMode"],"gold_per_floor":[109,2,277,290,301,301,331,17,71,71,19,53,18,46,46,119,119,137,154,69,69,69,69,87,114,114,114,130,30,41,52,52,129,129,142,160,35,46,46,77,91,118,118,118,130,130,130,162,162,162,162,162,162,12,43,43],"floor_reached":57,"playtime":1623,"items_purged":["Regret","Defend_G","Defend_G","Strike_G"],"score":3031,"play_id":"c7f84f56-f0f0-410b-bd86-e3001472a120","local_time":"20201219015922","is_ascension_mode":true,"campfire_choices":[{"data":"Catalyst","floor":6.0,"key":"SMITH"},{"data":"Tactician","floor":10.0,"key":"SMITH"},{"data":"Bouncing Flask","floor":15.0,"key":"SMITH"},{"floor":23.0,"key":"REST"},{"data":"Calculated Gamble","floor":27.0,"key":"SMITH"},{"floor":32.0,"key":"REST"},{"data":"Burst","floor":44.0,"key":"SMITH"},{"data":"Well Laid Plans","floor":46.0,"key":"SMITH"},{"floor":49.0,"key":"RECALL"},{"data":"Acrobatics","floor":53.0,"key":"SMITH"}],"circlet_count":0,"master_deck":["AscendersBane","Defend_G","Defend_G","Survivor","Neutralize","Bouncing Flask+1","Catalyst+1","Deadly Poison","Tactician+1","Catalyst+1","Acrobatics","Adrenaline","Dagger Spray+1","Venomology+1","Calculated Gamble+1","Deflect+1","Burst+1","Acrobatics+1","Blur","Well Laid Plans+1","Tactician"],"relics":["Ring of the Snake","NeowsBlessing","Juzu Bracelet","Centennial Puzzle","DollysMirror","Strawberry","Snake Skull","Happy Flower","Astrolabe","Tingsha","Incense Burner","Kunai","Empty Cage","Art of War","Mercury Hourglass","Ornamental Fan"],"acts_visited":["Exordium","TheCity","TheBeyond","TheEnding"],"potions_floor_usage":[56],"damage_taken":[{"damage":0.0,"enemies":"2 Louse","floor":1.0,"turns":1.0},{"damage":0.0,"enemies":"Cultist","floor":4.0,"turns":1.0},{"damage":0.0,"enemies":"Jaw Worm","floor":5.0,"turns":1.0},{"damage":14.0,"enemies":"Lagavulin","floor":7.0,"turns":5.0},{"damage":0.0,"enemies":"Gremlin Nob","floor":12.0,"turns":2.0},{"damage":10.0,"enemies":"Lagavulin","floor":14.0,"turns":3.0},{"damage":30.0,"enemies":"Slime Boss","floor":16.0,"turns":4.0},{"damage":7.0,"enemies":"3 Byrds","floor":18.0,"turns":3.0},{"damage":7.0,"enemies":"Chosen","floor":19.0,"turns":3.0},{"damage":0.0,"enemies":"Snake Plant","floor":24.0,"turns":1.0},{"damage":0.0,"enemies":"Gremlin Leader","floor":25.0,"turns":4.0},{"damage":14.0,"enemies":"Centurion and Healer","floor":28.0,"turns":2.0},{"damage":13.0,"enemies":"3 Cultists","floor":30.0,"turns":5.0},{"damage":0.0,"enemies":"Snecko","floor":31.0,"turns":2.0},{"damage":29.0,"enemies":"Collector","floor":33.0,"turns":3.0},{"damage":0.0,"enemies":"Orb Walker","floor":35.0,"turns":1.0},{"damage":0.0,"enemies":"3 Shapes","floor":36.0,"turns":4.0},{"damage":4.0,"enemies":"Sphere and 2 Shapes","floor":38.0,"turns":3.0},{"damage":0.0,"enemies":"Reptomancer","floor":40.0,"turns":2.0},{"damage":0.0,"enemies":"3 Darklings","floor":41.0,"turns":4.0},{"damage":0.0,"enemies":"Nemesis","floor":42.0,"turns":1.0},{"damage":0.0,"enemies":"Transient","floor":45.0,"turns":4.0},{"damage":11.0,"enemies":"Reptomancer","floor":48.0,"turns":2.0},{"damage":2.0,"enemies":"Awakened One","floor":50.0,"turns":8.0},{"damage":15.0,"enemies":"Donu and Deca","floor":51.0,"turns":8.0},{"damage":44.0,"enemies":"Shield and Spear","floor":55.0,"turns":8.0},{"damage":46,"enemies":"The Heart","floor":56,"turns":6}],"seed_played":"800458725324373607","potions_obtained":[{"floor":5.0,"key":"ColorlessPotion"},{"floor":7.0,"key":"BlessingOfTheForge"},{"floor":19.0,"key":"DuplicationPotion"},{"floor":24.0,"key":"GamblersBrew"},{"floor":25.0,"key":"EntropicBrew"},{"floor":41.0,"key":"BlessingOfTheForge"}],"is_trial":false,"path_per_floor":["M","?","?","M","M","R","E","$","T","R","$","E","?","E","R","B",null,"M","M","?","?","$","R","M","E","T","R","M","$","M","M","R","B",null,"M","M","$","M","?","E","M","E","T","R","M","R","$","E","R","B","B",null,"R","$","E","B",null],"character_chosen":"THE_SILENT","items_purchased":["Tactician","DollysMirror","Acrobatics"],"campfire_rested":2,"item_purchase_floors":[8,8,11],"current_hp_per_floor":[59,59,59,59,59,59,45,45,52,52,52,52,70,60,60,30,62,55,48,48,27,27,50,50,50,50,50,36,36,23,23,46,17,63,63,63,63,59,88,88,88,88,88,88,88,88,88,77,77,75,60,81,81,81,37,17],"gold":43,"neow_bonus":"THREE_ENEMY_KILL","is_daily":false,"chose_seed":false,"campfire_upgraded":7,"win_rate":0.0,"timestamp":1608310762,"path_taken":["M","?","?","M","M","R","E","?","T","R","$","E","?","E","R","BOSS","M","M","?","?","$","R","M","E","T","R","M","$","M","M","R","BOSS","BOSS","M","M","$","M","?","E","M","E","T","R","M","R","$","E","R","BOSS","BOSS","R","$","E","BOSS"],"items_purchased_type":["Card","Relic","Card"],"build_version":"2020-12-13","purchased_purges":4,"victory":true,"max_hp_per_floor":[66,66,66,66,66,66,66,66,73,73,73,73,73,73,73,73,73,73,73,73,78,78,78,78,78,78,78,78,78,78,78,78,78,78,78,78,78,78,88,88,88,88,88,88,88,88,88,88,88,88,88,88,88,88,88,88],"card_choices":[{"not_picked":["Backflip","Flying Knee","Acrobatics"],"picked":"SKIP","floor":1.0},{"not_picked":["Sucker Punch","Dagger Spray"],"picked":"Bouncing Flask","floor":4.0},{"not_picked":["Setup","Backflip"],"picked":"Catalyst","floor":5.0},{"not_picked":["Prepared","Accuracy"],"picked":"Deadly Poison","floor":7.0},{"not_picked":["Phantasmal Killer","Underhanded Strike","Dagger Spray"],"picked":"SKIP","floor":12.0},{"not_picked":["Dash","Deflect","Backflip"],"picked":"SKIP","floor":14.0},{"not_picked":["A Thousand Cuts","Unload"],"picked":"Adrenaline","floor":16.0},{"not_picked":["Poisoned Stab","PiercingWail"],"picked":"Calculated Gamble","floor":18.0},{"not_picked":["Infinite Blades","Sucker Punch","Expertise"],"picked":"SKIP","floor":19.0},{"not_picked":["Distraction","Bouncing Flask","Sucker Punch"],"picked":"SKIP","floor":24.0},{"not_picked":["Dagger Spray+1","Heel Hook","Catalyst"],"picked":"SKIP","floor":25.0},{"not_picked":["Dagger Throw","Flying Knee","Tools of the Trade"],"picked":"SKIP","floor":28.0},{"not_picked":["Prepared","Predator","Deadly Poison"],"picked":"SKIP","floor":30.0},{"not_picked":["Eviscerate","Prepared"],"picked":"Deflect+1","floor":31.0},{"not_picked":["Venomology","Tools of the Trade"],"picked":"Burst","floor":33.0},{"not_picked":["Noxious Fumes","Footwork","Acrobatics"],"picked":"SKIP","floor":35.0},{"not_picked":["Noxious Fumes","Footwork"],"picked":"Acrobatics","floor":35.0},{"not_picked":["Acrobatics+1","Endless Agony","Blade Dance"],"picked":"SKIP","floor":36.0},{"not_picked":["Crippling Poison","Flying Knee","Masterful Stab+1"],"picked":"SKIP","floor":38.0},{"not_picked":["Distraction","Dash"],"picked":"Blur","floor":40.0},{"not_picked":["Eviscerate+1","Acrobatics","Outmaneuver"],"picked":"SKIP","floor":41.0},{"not_picked":["Burst","Dagger Spray"],"picked":"Well Laid Plans","floor":42.0},{"not_picked":["Deadly Poison","Bane+1"],"picked":"Tactician","floor":45.0},{"not_picked":["Deflect","Flechettes+1","Outmaneuver+1"],"picked":"SKIP","floor":48.0},{"not_picked":["PiercingWail+1","Predator","Deadly Poison"],"picked":"SKIP","floor":55.0}],"player_experience":2891957,"relics_obtained":[{"floor":7.0,"key":"Centennial Puzzle"},{"floor":9.0,"key":"Strawberry"},{"floor":12.0,"key":"Snake Skull"},{"floor":14.0,"key":"Happy Flower"},{"floor":25.0,"key":"Incense Burner"},{"floor":26.0,"key":"Kunai"},{"floor":40.0,"key":"Art of War"},{"floor":48.0,"key":"Mercury Hourglass"},{"floor":55.0,"key":"Ornamental Fan"}],"event_choices":[{"damage_healed":0.0,"max_hp_gain":0.0,"max_hp_loss":0.0,"gold_gain":0.0,"event_name":"WeMeetAgain","player_choice":"Paid Gold","floor":2.0,"gold_loss":107.0,"damage_taken":0.0,"relics_obtained":["Juzu Bracelet"]},{"damage_healed":0.0,"max_hp_gain":0.0,"max_hp_loss":0.0,"gold_gain":275.0,"event_name":"Golden Shrine","player_choice":"Desecrate","floor":3.0,"gold_loss":0.0,"damage_taken":0.0,"cards_obtained":["Regret"]},{"damage_healed":18.0,"max_hp_gain":0.0,"max_hp_loss":0.0,"gold_gain":0.0,"event_name":"The Cleric","player_choice":"Healed","floor":13.0,"gold_loss":35.0,"damage_taken":0.0},{"damage_healed":0.0,"max_hp_gain":0.0,"max_hp_loss":0.0,"gold_gain":0.0,"event_name":"Addict","player_choice":"Obtained Relic","floor":20.0,"gold_loss":85.0,"damage_taken":0.0,"relics_obtained":["Tingsha"]},{"damage_healed":0.0,"max_hp_gain":5.0,"max_hp_loss":0.0,"gold_gain":0.0,"event_name":"Forgotten Altar","player_choice":"Shed Blood","floor":21.0,"gold_loss":0.0,"damage_taken":26.0},{"cards_removed":["Unload"],"damage_healed":19.0,"max_hp_gain":10.0,"max_hp_loss":0.0,"gold_gain":0.0,"event_name":"Bonfire Elementals","player_choice":"Offered Rare","floor":39.0,"gold_loss":0.0,"damage_taken":0.0}],"is_beta":false,"boss_relics":[{"not_picked":["SacredBark","Snecko Eye"],"picked":"Astrolabe"},{"not_picked":["Tiny House","Ring of the Serpent"],"picked":"Empty Cage"}],"items_purged_floors":[8,29,37,54],"is_endless":false,"potions_floor_spawned":[5,7,19,24,25,31,33,35,36,41],"ascension_level":20}}