{"host":"u2grshebrc5rdzdn","time":1608321570,"event":{"mods":["AchievementEnabler","BaseMod","Minty Spire (QoL Compilation)","StSLib"],"gold_per_floor":[109,109,125,144,69,69,95,111,111,111,138,103,135,210,210,307,307,325,149,149,165,184,184,195,195,195,195,213,243,255,192,204,216,216],"floor_reached":33,"playtime":1668,"items_purged":["Strike_R","Bash"],"score":350,"play_id":"d2adeb72-7ddb-425b-b58d-fe914785db6f","local_time":"20201218205930","is_ascension_mode":true,"campfire_choices":[{"data":"1","floor":6,"key":"LIFT"},{"data":"2","floor":10,"key":"LIFT"},{"floor":15,"key":"REST"},{"data":"3","floor":23,"key":"LIFT"},{"floor":25,"key":"REST"},{"data":"Sword Boomerang","floor":30,"key":"SMITH"},{"floor":32,"key":"REST"}],"circlet_count":0,"master_deck":["Defend_R","Defend_R","Defend_R","Defend_R","Twin Strike","Uppercut","Inflame","Heavy Blade","Sword Boomerang+1","Iron Wave","Corruption","CurseOfTheBell","Disarm","Cleave","Twin Strike","Anger","Sword Boomerang+1","Twin Strike","Bite","Bite","Bite","Bite","Bite","Seeing Red+1","Ghostly Armor"],"relics":["Burning Blood","Girya","Oddly Smooth Stone","Ornamental Fan","Mango","Shuriken","Calling Bell","Bag of Preparation","Kunai","Incense Burner","MawBank"],"acts_visited":["Exordium","TheCity"],"potions_floor_usage":[7,11,13,28,29,33],"damage_taken":[{"damage":12,"enemies":"Jaw Worm","floor":1,"turns":2},{"damage":1,"enemies":"Small Slimes","floor":3,"turns":3},{"damage":7,"enemies":"2 Louse","floor":4,"turns":2},{"damage":30,"enemies":"3 Sentries","floor":7,"turns":7},{"damage":26,"enemies":"Large Slime","floor":8,"turns":6},{"damage":6,"enemies":"Gremlin Nob","floor":11,"turns":3},{"damage":40,"enemies":"Lagavulin","floor":13,"turns":4},{"damage":30,"enemies":"Slime Boss","floor":16,"turns":10},{"damage":17,"enemies":"Shell Parasite","floor":18,"turns":5},{"damage":14,"enemies":"3 Byrds","floor":21,"turns":5},{"damage":23,"enemies":"Centurion and Healer","floor":22,"turns":5},{"damage":10,"enemies":"Cultist and Chosen","floor":24,"turns":3},{"damage":23,"enemies":"Snecko","floor":28,"turns":5},{"damage":29,"enemies":"Book of Stabbing","floor":29,"turns":4},{"damage":90,"enemies":"Automaton","floor":33,"turns":6}],"seed_played":"1673354776757468903","potions_obtained":[{"floor":3,"key":"ColorlessPotion"},{"floor":8,"key":"BlessingOfTheForge"},{"floor":11,"key":"FearPotion"},{"floor":13,"key":"LiquidMemories"},{"floor":22,"key":"ColorlessPotion"},{"floor":28,"key":"Fruit Juice"},{"floor":29,"key":"BlessingOfTheForge"}],"is_trial":false,"path_per_floor":["M","?","M","M","$","R","E","M","T","R","E","?","E","?","R","B",null,"M","$","?","M","M","R","M","R","T","?","M","E","R","?","R","B"],"character_chosen":"IRONCLAD","items_purchased":["Cleave","Twin Strike"],"campfire_rested":3,"item_purchase_floors":[19,19],"current_hp_per_floor":[74,74,79,78,78,78,54,34,34,34,48,71,37,26,54,30,94,83,83,83,75,58,58,54,82,82,65,55,36,36,36,57,0,0],"gold":216,"neow_bonus":"ONE_RARE_RELIC","is_daily":false,"chose_seed":false,"campfire_upgraded":1,"win_rate":0.0,"timestamp":1608321570,"path_taken":["M","?","M","M","$","R","E","M","T","R","E","?","E","?","R","BOSS","M","$","?","M","M","R","M","R","T","?","M","E","R","?","R","BOSS"],"items_purchased_type":["Card","Card"],"build_version":"2020-12-13","purchased_purges":2,"victory":false,"max_hp_per_floor":[80,80,80,80,80,80,80,80,80,80,94,94,94,94,94,94,94,94,94,94,94,94,94,94,94,94,65,70,70,70,70,70,70,70],"card_choices":[{"not_picked":["Hemokinesis","Armaments"],"picked":"Twin Strike","floor":1},{"not_picked":["Perfected Strike","Pommel Strike"],"picked":"Uppercut","floor":3},{"not_picked":["Feel No Pain","Clothesline"],"picked":"Inflame","floor":4},{"not_picked":["Pommel Strike","Clothesline"],"picked":"Demon Form","floor":7},{"not_picked":["Anger","Shrug It Off"],"picked":"Heavy Blade","floor":8},{"not_picked":["Intimidate","Seeing Red"],"picked":"Sword Boomerang","floor":11},{"not_picked":["True Grit","Evolve"],"picked":"Iron Wave","floor":13},{"not_picked":["Brutality","Berserk"],"picked":"Corruption","floor":16},{"not_picked":["Sentinel","Dual Wield"],"picked":"Disarm","floor":18},{"not_picked":["Burning Pact","Combust"],"picked":"Sword Boomerang+1","floor":21},{"not_picked":["Rupture+1","Headbutt+1"],"picked":"Twin Strike","floor":22},{"not_picked":["Anger","Uppercut","Dropkick"],"picked":"SKIP","floor":24},{"not_picked":["Blood for Blood","Heavy Blade"],"picked":"Seeing Red+1","floor":28},{"not_picked":["Flex","Anger"],"picked":"Ghostly Armor","floor":29}],"player_experience":276885,"relics_obtained":[{"floor":7,"key":"Oddly Smooth Stone"},{"floor":9,"key":"Ornamental Fan"},{"floor":11,"key":"Mango"},{"floor":13,"key":"Shuriken"},{"floor":17,"key":"Bag of Preparation"},{"floor":17,"key":"Kunai"},{"floor":17,"key":"Incense Burner"},{"floor":29,"key":"MawBank"}],"event_choices":[{"cards_removed":["Doubt"],"damage_healed":0,"gold_gain":0,"player_choice":"Forget","damage_taken":0,"max_hp_gain":0,"max_hp_loss":0,"event_name":"Living Wall","floor":2,"gold_loss":0},{"damage_healed":23,"gold_gain":0,"player_choice":"Healed","damage_taken":0,"max_hp_gain":0,"max_hp_loss":0,"event_name":"The Cleric","floor":12,"gold_loss":35},{"damage_healed":0,"gold_gain":75,"player_choice":"Gather Gold","damage_taken":11,"max_hp_gain":0,"max_hp_loss":0,"event_name":"World of Goop","floor":14,"gold_loss":0},{"damage_healed":0,"gold_gain":0,"player_choice":"Read","damage_taken":0,"max_hp_gain":0,"max_hp_loss":0,"event_name":"The Library","floor":20,"gold_loss":0,"cards_obtained":["Anger"]},{"damage_healed":0,"gold_gain":0,"player_choice":"Became a vampire","damage_taken":0,"max_hp_gain":0,"max_hp_loss":29,"event_name":"Vampires","floor":27,"gold_loss":0,"cards_obtained":["Bite","Bite","Bite","Bite","Bite"]},{"cards_removed":["Demon Form"],"damage_healed":0,"gold_gain":0,"player_choice":"Gave Gold","damage_taken":0,"max_hp_gain":0,"max_hp_loss":0,"event_name":"Beggar","floor":31,"gold_loss":75}],"is_beta":false,"boss_relics":[{"not_picked":["Pandora\u0027s Box","Black Star"],"picked":"Calling Bell"}],"items_purged_floors":[5,19],"is_endless":false,"potions_floor_spawned":[3,8,11,13,22,28,29],"killed_by":"Automaton","ascension_level":3}}