{"host":"l99crexq2sc8megk","time":1608306728,"event":{"mods":["BaseMod","Hermit","Minty Spire (QoL Compilation)","Quick Restart","StSLib","The Cursed"],"gold_per_floor":[110,124,134,134,53,83,108,120,132,144,156,183,195,238,250,262,262],"floor_reached":16,"playtime":392,"items_purged":[],"score":187,"play_id":"64846ae0-d156-485c-a0d1-4ab2a97b40e3","local_time":"20201218235208","is_ascension_mode":true,"campfire_choices":[{"data":"Fire Breathing","floor":8.0,"key":"SMITH"},{"data":"Reckless Charge","floor":11.0,"key":"SMITH"},{"data":"Inflame","floor":15,"key":"SMITH"}],"circlet_count":0,"master_deck":["AscendersBane","Strike_R","Strike_R","Strike_R","Strike_R","Strike_R","Defend_R","Defend_R","Defend_R","Defend_R","Ghostly Armor","Feel No Pain","Cleave","Inflame+1","Reckless Charge+1","Fire Breathing+1","Decay","Pummel+1"],"relics":["Burning Blood","NeowsBlessing","MawBank","Letter Opener","Golden Idol","Molten Egg 2"],"acts_visited":["Exordium"],"potions_floor_usage":[],"damage_taken":[{"damage":0.0,"enemies":"Cultist","floor":1.0,"turns":1.0},{"damage":0.0,"enemies":"Jaw Worm","floor":2.0,"turns":1.0},{"damage":0.0,"enemies":"Small Slimes","floor":3.0,"turns":1.0},{"damage":25.0,"enemies":"3 Sentries","floor":6.0,"turns":7.0},{"damage":6.0,"enemies":"Looter","floor":7.0,"turns":4.0},{"damage":8.0,"enemies":"Blue Slaver","floor":12.0,"turns":3.0},{"damage":9.0,"enemies":"Gremlin Nob","floor":14.0,"turns":4.0},{"damage":53,"enemies":"The Guardian","floor":16,"turns":6}],"seed_played":"292395793186221742","potions_obtained":[{"floor":1.0,"key":"FearPotion"},{"floor":3.0,"key":"PowerPotion"},{"floor":6.0,"key":"Explosive Potion"}],"is_trial":false,"path_per_floor":["M","M","M","?","$","E","M","R","T","?","R","M","?","E","R","B"],"character_chosen":"IRONCLAD","items_purchased":["Inflame"],"campfire_rested":0,"item_purchase_floors":[5],"current_hp_per_floor":[74,75,75,75,75,56,56,56,56,56,56,54,54,51,51,0,0],"gold":262,"neow_bonus":"THREE_ENEMY_KILL","is_daily":false,"chose_seed":false,"campfire_upgraded":3,"win_rate":0.0,"timestamp":1608306728,"path_taken":["M","M","M","?","$","E","?","R","T","?","R","?","?","E","R","BOSS"],"items_purchased_type":["Card"],"build_version":"2020-12-13","purchased_purges":0,"victory":false,"max_hp_per_floor":[75,75,75,75,75,75,75,75,75,75,75,75,69,69,69,69,69],"card_choices":[{"not_picked":["Sever Soul","Clash","Dropkick"],"picked":"SKIP","floor":1.0},{"not_picked":["Armaments","Body Slam"],"picked":"Ghostly Armor","floor":2.0},{"not_picked":["Havoc","Spot Weakness"],"picked":"Feel No Pain","floor":3.0},{"not_picked":["Brutality","Intimidate"],"picked":"Reckless Charge","floor":6.0},{"not_picked":["Pommel Strike","Body Slam"],"picked":"Fire Breathing","floor":7.0},{"not_picked":["Cleave","Anger","True Grit"],"picked":"SKIP","floor":12.0},{"not_picked":["Feel No Pain","Thunderclap+1"],"picked":"Pummel+1","floor":14.0}],"player_experience":339335,"relics_obtained":[{"floor":6.0,"key":"MawBank"},{"floor":9.0,"key":"Letter Opener"},{"floor":14.0,"key":"Molten Egg 2"}],"event_choices":[{"damage_healed":0.0,"max_hp_gain":0.0,"max_hp_loss":0.0,"gold_gain":0.0,"cards_transformed":["Bash"],"event_name":"Transmorgrifier","player_choice":"Transformed","floor":4.0,"gold_loss":0.0,"damage_taken":0.0,"cards_obtained":["Cleave"]},{"damage_healed":0.0,"max_hp_gain":0.0,"max_hp_loss":0.0,"gold_gain":0.0,"event_name":"Wheel of Change","player_choice":"Cursed","floor":10.0,"gold_loss":0.0,"damage_taken":0.0,"cards_obtained":["Decay"]},{"damage_healed":0.0,"max_hp_gain":0.0,"max_hp_loss":6.0,"gold_gain":0.0,"event_name":"Golden Idol","player_choice":"Lose Max HP","floor":13.0,"gold_loss":0.0,"damage_taken":0.0,"relics_obtained":["Golden Idol"]}],"is_beta":false,"boss_relics":[],"items_purged_floors":[],"is_endless":false,"potions_floor_spawned":[1,3,6],"killed_by":"The Guardian","ascension_level":14}}