{"host":"cyiefo55v5hz1ih5","time":1608257899,"event":{"mods":["2.2 Compatiblity","AchievementEnabler","BaseMod","Downfall","GifTheSpireLib","Hubris","Minty Spire (QoL Compilation)","Replay The Spire","Robot Space Explorer","StSLib"],"gold_per_floor":[0,14,27,42,57,70,70,70,89,89,89,89,100,172,189,287,287,287,305,108,145,186,241,313,88,129,129,114,155,155,155,165,295,295,295,99,110,176,220,220,220,260,302,329,375,289,289,306,318,318,318,346,1,1,1],"floor_reached":56,"playtime":11349,"items_purged":["hubris:Wrath"],"score":1372,"play_id":"7a539e6e-6e55-4575-87d3-b58b25235c64","local_time":"20201217211819","is_ascension_mode":false,"campfire_choices":[{"data":"champ:Strike","floor":1.0,"key":"PURGE"},{"floor":8.0,"key":"REST"},{"data":"champ:Strike","floor":10.0,"key":"PURGE"},{"floor":18.0,"key":"RECALL"},{"floor":25.0,"key":"REST"},{"floor":27.0,"key":"REST"},{"data":"champ:Duel","floor":35.0,"key":"SMITH"},{"data":"champ:Backstep","floor":54,"key":"SMITH"}],"circlet_count":0,"master_deck":["champ:Defend+1","champ:Defend","champ:Defend","champ:Execute","champ:Taunt+1","champ:Duel+1","champ:RisingSlash+1","champ:BerserkersShout+1","champ:Backstep+1","champ:TornadoPunch","champ:StrikeOfGenius+1","champ:EnragedBash+1","champ:GutPunch+1","champ:GladiatorStyle+1","HandOfGreed+1","champ:BringItOn","champ:VampiricStrike+1","champ:CheapShot+1","expansioncontent:DefensiveStance+1","champ:BerserkerStyle+1","champ:HoldFirm+1","champ:ShieldThrow+1"],"relics":["champ:ChampionCrown","Peace Pipe","PreservedInsect","hubris:Towel","Golden Egg","Astrolabe","MealTicket","downfall:HeartBlessingRed","downfall:HeartBlessingGreen","downfall:HeartBlessingBlue","Kunai","champ:FightingForDummies","Coffee Dripper","Oddly Smooth Stone","Vajra","Guide Book","Pantograph","Anchor","hubris:Spice","ReplayTheSpireMod:CursedCoin","Guardian:PocketSentry","hubris:MedicalManual"],"acts_visited":["Exordium","TheCity","TheBeyond","TheEnding"],"potions_floor_usage":[52,55,55],"damage_taken":[{"damage":5.0,"enemies":"Cultist","floor":2.0,"turns":4.0},{"damage":5.0,"enemies":"2 Louse","floor":3.0,"turns":3.0},{"damage":21.0,"enemies":"Jaw Worm","floor":4.0,"turns":4.0},{"damage":28.0,"enemies":"Lots of Slimes","floor":5.0,"turns":5.0},{"damage":54.0,"enemies":"Gremlin Gang","floor":6.0,"turns":5.0},{"damage":5.0,"enemies":"Red Slaver","floor":9.0,"turns":4.0},{"damage":26.0,"enemies":"Large Slime","floor":13.0,"turns":5.0},{"damage":23.0,"enemies":"Exordium Wildlife","floor":15.0,"turns":4.0},{"damage":69.0,"enemies":"downfall:Ironclad","floor":16.0,"turns":13.0},{"damage":25.0,"enemies":"3 Byrds","floor":19.0,"turns":5.0},{"damage":33.0,"enemies":"downfall:FleeingMerchant","floor":20.0,"turns":4.0},{"damage":26.0,"enemies":"Shell Parasite","floor":21.0,"turns":5.0},{"damage":18.0,"enemies":"Snake Plant","floor":22.0,"turns":5.0},{"damage":75.0,"enemies":"Slavers","floor":23.0,"turns":8.0},{"damage":38.0,"enemies":"3 Cultists","floor":26.0,"turns":6.0},{"damage":14.0,"enemies":"downfall:FleeingMerchant","floor":28.0,"turns":4.0},{"damage":26.0,"enemies":"Snecko","floor":29.0,"turns":3.0},{"damage":11.0,"enemies":"Centurion and Healer","floor":32.0,"turns":6.0},{"damage":66.0,"enemies":"downfall:Watcher","floor":33.0,"turns":10.0},{"damage":27.0,"enemies":"downfall:FleeingMerchant","floor":36.0,"turns":5.0},{"damage":23,"enemies":"3 Darklings","floor":37,"turns":6},{"damage":11,"enemies":"3 Shapes","floor":38,"turns":5},{"damage":18,"enemies":"Sphere and 2 Shapes","floor":39,"turns":5},{"damage":14,"enemies":"Spire Growth","floor":42,"turns":4},{"damage":52,"enemies":"Maw","floor":43,"turns":7},{"damage":55,"enemies":"Nemesis","floor":44,"turns":5},{"damage":14,"enemies":"2 Orb Walkers","floor":45,"turns":5},{"damage":34,"enemies":"Jaw Worm Horde","floor":48,"turns":6},{"damage":39,"enemies":"Transient","floor":49,"turns":5},{"damage":138,"enemies":"downfall:Silent","floor":50,"turns":10},{"damage":105,"enemies":"downfall:CharBossMerchant","floor":52,"turns":9},{"damage":79,"enemies":"downfall:NeowBoss","floor":55,"turns":22}],"seed_played":"7542214101500335456","potions_obtained":[{"floor":2.0,"key":"Adrenaline Potion"},{"floor":4.0,"key":"SteroidPotion"},{"floor":5.0,"key":"ColorlessPotion"},{"floor":9.0,"key":"DuplicationPotion"},{"floor":16.0,"key":"CultistPotion"},{"floor":22.0,"key":"sneckomod:MuddlingPotion"},{"floor":23.0,"key":"Flashbang"},{"floor":32.0,"key":"AttackPotion"},{"floor":33.0,"key":"Regen Potion"},{"floor":42,"key":"champ:OpenerPotion"},{"floor":48,"key":"DistilledChaos"}],"is_trial":false,"path_per_floor":["R","M","M","M","M","M","T","R","M","R","?","?","M","T","M","B",null,"R","M","$","M","M","E","T","R","M","R","$","M","T","?","M","B",null,"R","$","M","M","M","?","T","M","M","E","?","$","?","M","M","B",null,"E","$","R","B",null],"character_chosen":"THE_CHAMP","items_purchased":["HandOfGreed","Oddly Smooth Stone","Vajra","Guide Book","expansioncontent:DefensiveStance","ReplayTheSpireMod:CursedCoin","champ:HoldFirm","hubris:MedicalManual","Adrenaline Potion"],"campfire_rested":3,"item_purchase_floors":[20,36,36,36,36,46,46,53,53],"current_hp_per_floor":[90,90,90,80,69,49,49,76,76,76,76,76,76,76,67,29,90,90,90,90,88,77,20,20,60,42,72,97,100,100,100,100,94,100,100,100,100,100,100,92,92,96,100,100,108,108,108,107,108,96,108,61,76,76,108],"gold":1,"neow_bonus":"ONE_RARE_RELIC","is_daily":false,"chose_seed":false,"campfire_upgraded":2,"win_rate":0.0,"timestamp":1608257899,"path_taken":["R","M","?","?","M","M","T","R","?","R","?","?","?","?","M","BOSS","R","M","$","M","?","E","T","R","?","R","?","M","?","?","M","BOSS","R","$","M","M","M","?","T","M","?","E","?","$","?","?","M","BOSS","E","$","R","BOSS"],"items_purchased_type":["Card","Relic","Relic","Relic","Card","Relic","Card","Relic","Potion"],"build_version":"2020-12-13","purchased_purges":1,"victory":true,"max_hp_per_floor":[90,90,90,90,90,90,90,90,90,90,90,90,90,90,90,90,90,90,90,90,90,90,90,90,100,100,100,100,100,100,100,100,100,100,100,100,100,100,100,100,100,100,100,100,108,108,108,108,108,108,108,108,108,108,108],"card_choices":[{"not_picked":["champ:BerserkersShout","champ:BerserkerStyle"],"picked":"champ:Duel","floor":2.0},{"not_picked":["champ:GladiatorsShout","champ:PreciseThrust"],"picked":"champ:RisingSlash","floor":3.0},{"not_picked":["champ:DefensiveShout","champ:BringItOn"],"picked":"champ:BerserkersShout","floor":4.0},{"not_picked":["champ:PreciseThrust","champ:ShieldWall","champ:BerserkersShout"],"picked":"SKIP","floor":5.0},{"not_picked":["champ:FlashCut","champ:FightOn"],"picked":"champ:Backstep","floor":6.0},{"not_picked":["champ:FlashCut","champ:BerserkersShout","champ:FalseCounter"],"picked":"SKIP","floor":9.0},{"not_picked":["champ:ViciousMockery","champ:GladiatorsShout","champ:Devastate"],"picked":"SKIP","floor":13.0},{"not_picked":["champ:GladiatorsShout","champ:StanceDance"],"picked":"champ:TornadoPunch","floor":15.0},{"not_picked":["champ:DancingMaster","champ:Devastate"],"picked":"champ:StrikeOfGenius","floor":16.0},{"not_picked":["champ:Balance","champ:FanOfKnives","champ:StanceDance"],"picked":"SKIP","floor":19.0},{"not_picked":["champ:Control","champ:FanOfKnives"],"picked":"champ:GladiatorStyle","floor":20.0},{"not_picked":["champ:FanOfKnives","champ:RisingSlash","champ:FlashCut"],"picked":"SKIP","floor":21.0},{"not_picked":["champ:BerserkerStyle+1","champ:PerfectedStrike"],"picked":"champ:BringItOn","floor":22.0},{"not_picked":["champ:BladeFlurry","champ:PerfectedStrike","champ:FanOfKnives"],"picked":"SKIP","floor":23.0},{"not_picked":["champ:GladiatorsShout","champ:FocusedDefense","champ:RapidStrikes"],"picked":"SKIP","floor":26.0},{"not_picked":["champ:DeathBlow","champ:Backstep+1"],"picked":"champ:VampiricStrike","floor":28.0},{"not_picked":["champ:PreciseThrust","champ:CalledShot","champ:TornadoPunch+1"],"picked":"SKIP","floor":29.0},{"not_picked":["champ:FocusedGladiator","champ:EnragedBash+1","champ:Duel+1"],"picked":"SKIP","floor":32.0},{"not_picked":["champ:Devastate","champ:ShieldSlam"],"picked":"champ:CheapShot","floor":33.0},{"not_picked":["champ:GladiatorsShout+1","champ:Haymaker","champ:BringItOn+1"],"picked":"SKIP","floor":36.0},{"not_picked":["champ:BerserkersShout","champ:FlashCut","champ:Shatter+1"],"picked":"SKIP","floor":37},{"not_picked":["champ:StanceDance","champ:PerfectedStrike+1"],"picked":"champ:BerserkerStyle+1","floor":38},{"not_picked":["champ:FlashCut+1","champ:Encircle+1","champ:GladiatorsShout"],"picked":"SKIP","floor":39},{"not_picked":["champ:CheapShot","champ:ShieldWall","champ:FaceSlap+1"],"picked":"SKIP","floor":42},{"not_picked":["champ:FlashCut","champ:VampiricStrike","champ:FocusedGladiator"],"picked":"SKIP","floor":43},{"not_picked":["champ:Aggression+1","champ:FocusedGladiator","champ:FalseCounter+1"],"picked":"SKIP","floor":44},{"not_picked":["champ:TornadoPunch","champ:EndlessRage+1"],"picked":"champ:ShieldThrow","floor":48},{"not_picked":["champ:PerfectedStrike","champ:IronFortress","champ:HeartStrike+1"],"picked":"SKIP","floor":49},{"not_picked":["champ:AdrenalArmor","champ:StrikeOfGenius","champ:DeathBlow"],"picked":"SKIP","floor":52}],"player_experience":751371,"relics_obtained":[{"floor":7.0,"key":"PreservedInsect"},{"floor":14.0,"key":"Golden Egg"},{"floor":23.0,"key":"MealTicket"},{"floor":30.0,"key":"Kunai"},{"floor":41,"key":"Pantograph"},{"floor":44,"key":"Anchor"},{"floor":45,"key":"hubris:Spice"},{"floor":52,"key":"Guardian:PocketSentry"}],"event_choices":[{"damage_healed":0.0,"max_hp_gain":0.0,"max_hp_loss":0.0,"gold_gain":0.0,"event_name":"Accursed Blacksmith","player_choice":"Forge","floor":12.0,"gold_loss":0.0,"damage_taken":0.0,"cards_upgraded":["champ:Taunt"]},{"damage_healed":0,"gold_gain":0,"player_choice":"Fight","damage_taken":0,"max_hp_gain":0,"max_hp_loss":0,"event_name":"Mysterious Sphere","floor":45,"gold_loss":0}],"is_beta":false,"boss_relics":[{"not_picked":["Abe\u0027s Treasure","hubris:VirtuousBlindfold"],"picked":"Astrolabe"},{"not_picked":["hubris:CrackedHourglass","Empty Cage"],"picked":"Coffee Dripper"}],"items_purged_floors":[46],"is_endless":false,"potions_floor_spawned":[2,4,5,9,16,22,23,32,33,42,44,45,48],"ascension_level":0}}