{"host":"aj7el8l5kufbk20z","time":1608279294,"event":{"mods":["AchievementEnabler","BaseMod","Colored Map","Colored Powertips","Curses Come First","Highlight Path","Minty Spire (QoL Compilation)","Quick Restart","Rare Cards Sparkle","Relic Stats","StSLib","SuperFastMode"],"gold_per_floor":[116,116,134,144,0,18,18,53,80,80,80],"floor_reached":10,"playtime":710,"items_purged":["Strike_R"],"score":78,"play_id":"ff08d791-8bda-4e19-8c0a-f2ae448a8739","local_time":"20201218161454","is_ascension_mode":true,"campfire_choices":[{"data":"Magnetism","floor":7,"key":"SMITH"}],"circlet_count":0,"master_deck":["Strike_R","Strike_R","Strike_R","Strike_R","Defend_R","Defend_R","Defend_R","Defend_R","Bash","Magnetism+1","Headbutt","Purity","Shrug It Off","Iron Wave","Entrench","Perfected Strike","Inflame"],"relics":["Burning Blood","Ancient Tea Set","Smiling Mask"],"acts_visited":["Exordium"],"potions_floor_usage":[8],"damage_taken":[{"damage":7,"enemies":"Small Slimes","floor":1,"turns":4},{"damage":1,"enemies":"Cultist","floor":3,"turns":4},{"damage":0,"enemies":"2 Louse","floor":4,"turns":3},{"damage":13,"enemies":"Exordium Thugs","floor":6,"turns":7},{"damage":32,"enemies":"Gremlin Nob","floor":8,"turns":4},{"damage":36,"enemies":"Lagavulin","floor":10,"turns":10}],"seed_played":"-4867349573974055211","potions_obtained":[{"floor":1,"key":"BloodPotion"},{"floor":4,"key":"Strength Potion"},{"floor":8,"key":"Ancient Potion"}],"is_trial":false,"path_per_floor":["M","?","M","M","$","M","R","E","T","E"],"character_chosen":"IRONCLAD","items_purchased":["Entrench"],"campfire_rested":0,"item_purchase_floors":[5],"current_hp_per_floor":[71,71,72,72,72,65,65,39,39,3,3],"gold":80,"neow_bonus":"RANDOM_COLORLESS_2","is_daily":false,"chose_seed":false,"campfire_upgraded":1,"win_rate":0.0,"timestamp":1608279294,"path_taken":["M","?","M","?","$","M","R","E","T","E"],"items_purchased_type":["Card"],"build_version":"2020-12-13","purchased_purges":1,"victory":false,"max_hp_per_floor":[72,72,72,72,72,72,72,72,72,72,72],"relic_stats":{"counters":[6,32],"Smiling Mask":0,"obtain_stats":[{"Ancient Tea Set":8,"Smiling Mask":9,"Burning Blood":0},{"Ancient Tea Set":5,"Smiling Mask":5,"Burning Blood":0},{"Ancient Tea Set":22,"Smiling Mask":22,"Burning Blood":0}],"Burning Blood":20},"card_choices":[{"not_picked":["Sadistic Nature","Metamorphosis"],"picked":"Magnetism","floor":0},{"not_picked":["Evolve","Shockwave"],"picked":"Headbutt","floor":1},{"not_picked":["Iron Wave","Clothesline"],"picked":"Shrug It Off","floor":3},{"not_picked":["Combust","Pommel Strike"],"picked":"Iron Wave","floor":4},{"not_picked":["Ghostly Armor","Reckless Charge"],"picked":"Perfected Strike","floor":6},{"not_picked":["Sword Boomerang","Shockwave"],"picked":"Inflame","floor":8}],"player_experience":276649,"relics_obtained":[{"floor":8,"key":"Ancient Tea Set"},{"floor":9,"key":"Smiling Mask"}],"event_choices":[{"damage_healed":0,"gold_gain":0,"player_choice":"1 cards matched","damage_taken":0,"max_hp_gain":0,"max_hp_loss":0,"event_name":"Match and Keep!","floor":2,"gold_loss":0,"cards_obtained":["Purity"]}],"is_beta":false,"boss_relics":[],"items_purged_floors":[5],"is_endless":false,"potions_floor_spawned":[1,4,8],"killed_by":"Lagavulin","ascension_level":3}}