{"host":"bjyhe453g0o3w47y","time":1608290308,"event":{"mods":["AchievementEnabler","BaseMod","Colored Map","Colored Powertips","Highlight Path","Keyboard Shortcuts","Minty Spire (QoL Compilation)","Permanent Neow","Quick Restart","Rare Cards Sparkle","StSLib","SuperFastMode"],"gold_per_floor":[111,121,137,70,70,70,70,70],"floor_reached":7,"playtime":144,"items_purged":[],"score":72,"play_id":"4afa0f57-a6b3-4ff6-a38a-ada6641d5e08","local_time":"20201218201828","is_ascension_mode":true,"campfire_choices":[{"data":"Feed","floor":6,"key":"SMITH"}],"circlet_count":0,"master_deck":["AscendersBane","Strike_R","Strike_R","Strike_R","Strike_R","Strike_R","Defend_R","Defend_R","Defend_R","Defend_R","Bash","Pain","Feed+1","Fire Breathing","Pommel Strike","Perfected Strike","Shockwave","Injury"],"relics":["Burning Blood","Golden Idol"],"acts_visited":["Exordium"],"potions_floor_usage":[],"damage_taken":[{"damage":30,"enemies":"Cultist","floor":1,"turns":6},{"damage":15,"enemies":"2 Louse","floor":2,"turns":4},{"damage":4,"enemies":"Small Slimes","floor":3,"turns":3},{"damage":57,"enemies":"Gremlin Nob","floor":7,"turns":4}],"seed_played":"2164190764439544762","potions_obtained":[{"floor":3,"key":"Strength Potion"}],"is_trial":false,"path_per_floor":["M","M","M","$","?","R","E"],"character_chosen":"IRONCLAD","items_purchased":["Shockwave"],"campfire_rested":0,"item_purchase_floors":[4],"current_hp_per_floor":[47,41,46,46,46,46,0,0],"gold":70,"neow_bonus":"THREE_RARE_CARDS","is_daily":false,"chose_seed":false,"campfire_upgraded":1,"win_rate":0.0,"timestamp":1608290308,"path_taken":["M","M","?","$","?","R","E"],"items_purchased_type":["Card"],"build_version":"2020-12-13","purchased_purges":0,"victory":false,"max_hp_per_floor":[78,81,84,84,84,84,84,84],"card_choices":[{"not_picked":["Berserk","Barricade"],"picked":"Feed","floor":0},{"not_picked":["Warcry","Disarm"],"picked":"Fire Breathing","floor":1},{"not_picked":["Flex","Warcry"],"picked":"Pommel Strike","floor":2},{"not_picked":["Warcry","Heavy Blade"],"picked":"Perfected Strike","floor":3}],"player_experience":114899,"relics_obtained":[],"event_choices":[{"damage_healed":0,"gold_gain":0,"player_choice":"Take Wound","damage_taken":0,"relics_obtained":["Golden Idol"],"max_hp_gain":0,"max_hp_loss":0,"event_name":"Golden Idol","floor":5,"gold_loss":0,"cards_obtained":["Injury"]}],"is_beta":false,"boss_relics":[],"items_purged_floors":[],"is_endless":false,"potions_floor_spawned":[3],"killed_by":"Gremlin Nob","ascension_level":15}}