{"host":"ipcfr4ajj2jkxvg7","time":1608267477,"event":{"mods":["BaseMod","Colored Powertips","GifTheSpireLib","Marisa（F雨　魔理沙）","Minty Spire (QoL Compilation)","Quick Restart","Remilia（蕾米莉亚）","Replay The Spire","RumiaBox-露米娅的神秘盒子","StSLib"],"gold_per_floor":[118,118,136,148,148,178,178,211,211,211,245,47,63,77,77,203,203,223,253,265,93,93,93,128,138,209,209,209,242,259,321,321,465,465,477,477,493,543,556,586,586,621,621,636,669,669,211,225,225,225],"floor_reached":51,"playtime":1269,"items_purged":["Defend_MRS","Defend_MRS","Lust_TH"],"score":1457,"play_id":"69d9d113-d958-4bf0-b075-7143df7cba4f","local_time":"20201218125757","is_ascension_mode":true,"campfire_choices":[{"data":"MilkyWay","floor":7.0,"key":"SMITH"},{"data":"PowerUp","floor":15.0,"key":"SMITH"},{"data":"MachineGunSpark","floor":23.0,"key":"SMITH"},{"data":"MachineGunSpark","floor":28,"key":"SMITH"},{"data":"EnergyFlow","floor":32,"key":"SMITH"},{"data":"MilkyWay","floor":41,"key":"SMITH"},{"data":"EarthLightRay","floor":46,"key":"SMITH"},{"data":"MaximisePower","floor":49,"key":"SMITH"}],"circlet_count":0,"master_deck":["Strike_MRS","Strike_MRS","Strike_MRS","Defend_MRS","MasterSpark","UpSweep","MilkyWay+1","StarBarrage+1","PropBag","DeepEcoloBomb","Acceleration","PowerUp+1","MeteoricShower","MachineGunSpark+1","PowerUp+1","WitchOfGreed","MachineGunSpark+1","UltimateShortwave","OrrerysSun+1","PropBag+1","EarthLightRay+1","EnergyFlow+1","ManaConvection","MilkyWay+1","EnergyFlow+1","OrrerysSun+1","MilkyWay+1","StarBarrage","PowerUp+1","MaximisePower+1"],"relics":["MiniHakkero","NeowsBlessing","AddBug","SecretRecord","SecretRecord","SecretRecord","SecretRecord","SecretRecord","SecretRecord","SecretRecord","SecretRecord","SecretRecord","SecretRecord","SecretRecord","SecretRecord","SecretRecord","SecretRecord","SecretRecord","SecretRecord","SecretRecord","SecretRecord","SecretRecord"],"acts_visited":["Exordium","TheCity","TheBeyond"],"potions_floor_usage":[40],"damage_taken":[{"damage":0.0,"enemies":"Jaw Worm","floor":1.0,"turns":1.0},{"damage":0.0,"enemies":"Small Slimes","floor":3.0,"turns":1.0},{"damage":0.0,"enemies":"Cultist","floor":4.0,"turns":1.0},{"damage":22.0,"enemies":"Lagavulin","floor":6.0,"turns":4.0},{"damage":0.0,"enemies":"Gremlin Nob","floor":8.0,"turns":2.0},{"damage":0.0,"enemies":"Lagavulin","floor":11.0,"turns":2.0},{"damage":1.0,"enemies":"2 Fungi Beasts","floor":13.0,"turns":2.0},{"damage":0.0,"enemies":"Large Slime","floor":14.0,"turns":2.0},{"damage":17.0,"enemies":"Hexaghost","floor":16.0,"turns":3.0},{"damage":7.0,"enemies":"Shell Parasite","floor":18.0,"turns":2.0},{"damage":0.0,"enemies":"Masked Bandits","floor":19.0,"turns":1.0},{"damage":0.0,"enemies":"Chosen","floor":20.0,"turns":2.0},{"damage":0,"enemies":"Replay:Snechameleon","floor":24,"turns":1},{"damage":0,"enemies":"Snecko","floor":25,"turns":2},{"damage":0,"enemies":"Book of Stabbing","floor":29,"turns":1},{"damage":6,"enemies":"Shelled Parasite and Fungi","floor":30,"turns":3},{"damage":0,"enemies":"3 Cultists","floor":31,"turns":4},{"damage":0,"enemies":"Champ","floor":33,"turns":2},{"damage":0,"enemies":"Orb Walker","floor":35,"turns":1},{"damage":15,"enemies":"3 Darklings","floor":37,"turns":2},{"damage":0,"enemies":"Mind Bloom Boss Battle","floor":38,"turns":1},{"damage":0,"enemies":"Spire Growth","floor":39,"turns":2},{"damage":0,"enemies":"Reptomancer","floor":40,"turns":1},{"damage":0,"enemies":"R_Hoarder","floor":42,"turns":1},{"damage":0,"enemies":"Maw","floor":44,"turns":2},{"damage":11,"enemies":"Reptomancer","floor":45,"turns":2},{"damage":8,"enemies":"Sphere and 2 Shapes","floor":48,"turns":3},{"damage":24,"enemies":"Donu and Deca","floor":50,"turns":2}],"seed_played":"8634017445387605094","potions_obtained":[{"floor":3.0,"key":"Energy Potion"},{"floor":4.0,"key":"FairyPotion"},{"floor":6.0,"key":"Dexterity Potion"},{"floor":8.0,"key":"CultistPotion"},{"floor":30,"key":"EntropicBrew"},{"floor":31,"key":"DuplicationPotion"},{"floor":40,"key":"Weak Potion"}],"is_trial":false,"path_per_floor":["M","?","M","M","?","E","R","E","T","?","E","$","M","M","R","B",null,"M","?","M","$","?","R","E","M","T","?","R","E","M","M","R","B",null,"M","?","M","?","M","E","R","E","T","M","E","R","$","M","R","B",null],"character_chosen":"MARISA","items_purchased":["MachineGunSpark","PowerUp","EarthLightRay","PowerUp+1","ClockworkSouvenir","Replay:Rubber Ducky"],"campfire_rested":0,"item_purchase_floors":[12,12,21,47,47,47],"current_hp_per_floor":[68,68,68,68,68,46,46,46,46,46,46,46,45,45,45,28,63,56,56,56,56,56,56,66,66,66,60,60,60,67,75,75,75,75,75,75,60,60,60,60,60,60,60,60,75,75,75,71,71,47],"gold":225,"neow_bonus":"THREE_ENEMY_KILL","is_daily":false,"chose_seed":false,"campfire_upgraded":8,"win_rate":0.0,"timestamp":1608267477,"path_taken":["M","?","M","M","?","E","R","E","T","?","E","$","M","M","R","BOSS","M","?","M","$","?","R","E","M","T","?","R","E","?","M","R","BOSS","M","?","M","?","M","E","R","E","T","M","E","R","$","M","R","BOSS"],"items_purchased_type":["Card","Card","Card","Card","Relic","Relic"],"build_version":"2020-12-13","purchased_purges":3,"victory":true,"max_hp_per_floor":[75,75,75,75,75,75,75,75,75,75,75,75,75,75,75,75,75,75,75,75,75,75,75,75,75,75,75,75,75,75,75,75,75,75,75,75,75,75,75,75,75,75,75,75,75,75,75,75,75,75],"card_choices":[{"not_picked":["MagicAbsorber","Occultation"],"picked":"MilkyWay","floor":1.0},{"not_picked":["NonDirectionalLaser","StarBarrage"],"picked":"PropBag","floor":3.0},{"not_picked":["MysteriousBeam","GalacticHalo"],"picked":"DeepEcoloBomb","floor":4.0},{"not_picked":["Singularity","BlazeAway"],"picked":"Acceleration","floor":6.0},{"not_picked":["Occultation","6A"],"picked":"PowerUp","floor":8.0},{"not_picked":["RefractionSpark","AsteroidBelt","MysteriousBeam"],"picked":"SKIP","floor":11.0},{"not_picked":["DoubleSpark","CasketOfStar"],"picked":"WitchOfGreed","floor":13.0},{"not_picked":["ShootTheMoon","6A"],"picked":"MachineGunSpark","floor":14.0},{"not_picked":["CollectingQuirk","StarDustReverie"],"picked":"UltimateShortwave","floor":16.0},{"not_picked":["EventHorizon","AsteroidBelt","6A"],"picked":"SKIP","floor":18.0},{"not_picked":["MeteoricShower+1","IllusionStar"],"picked":"OrrerysSun","floor":19.0},{"not_picked":["GravityBeat","GasGiant"],"picked":"PropBag+1","floor":20.0},{"not_picked":["MeteoricShower+1","ChargingUp","LuminesStrike+1"],"picked":"SKIP","floor":24},{"not_picked":["GrandCross+1","ShootTheMoon","MysteriousBeam+1"],"picked":"SKIP","floor":25},{"not_picked":["MysteriousBeam+1","EventHorizon"],"picked":"EnergyFlow","floor":29},{"not_picked":["MysteriousBeam","FairyDestructionRay","GalacticHalo"],"picked":"SKIP","floor":30},{"not_picked":["GalacticHalo","AsteroidBelt"],"picked":"ManaConvection","floor":31},{"not_picked":["GravityBeat+1","NonDirectionalLaser+1"],"picked":"MilkyWay","floor":35},{"not_picked":["DC+1","ChargingUp+1","LuminesStrike"],"picked":"SKIP","floor":37},{"not_picked":["MagicChant+1","AbsoluteMagnitude"],"picked":"EnergyFlow+1","floor":39},{"not_picked":["ShootingEcho+1","BlazeAway+1"],"picked":"OrrerysSun+1","floor":40},{"not_picked":["IllusionStar+1","EnergyFlow"],"picked":"MilkyWay+1","floor":42},{"not_picked":["GalacticHalo","IllusionStar+1","AsteroidBelt"],"picked":"SKIP","floor":44},{"not_picked":["IllusionStar","MagicChant+1"],"picked":"StarBarrage","floor":45},{"not_picked":["OpenUniverse","WitchOfGreed+1"],"picked":"MaximisePower","floor":48}],"player_experience":400384,"relics_obtained":[{"floor":1.0,"key":"AddBug"},{"floor":4.0,"key":"SecretRecord"},{"floor":6.0,"key":"FossilizedHelix"},{"floor":8.0,"key":"SecretRecord"},{"floor":8.0,"key":"Toxic Egg 2"},{"floor":9.0,"key":"Girya"},{"floor":11.0,"key":"Gambling Chip"},{"floor":14.0,"key":"SecretRecord"},{"floor":18.0,"key":"SecretRecord"},{"floor":19.0,"key":"Red Mask"},{"floor":19.0,"key":"SecretRecord"},{"floor":24,"key":"SecretRecord"},{"floor":24,"key":"Kunai"},{"floor":26,"key":"White Beast Statue"},{"floor":29,"key":"SecretRecord"},{"floor":29,"key":"Anchor"},{"floor":30,"key":"SecretRecord"},{"floor":31,"key":"SecretRecord"},{"floor":35,"key":"SecretRecord"},{"floor":37,"key":"SecretRecord"},{"floor":38,"key":"Pocketwatch"},{"floor":38,"key":"SecretRecord"},{"floor":39,"key":"SecretRecord"},{"floor":40,"key":"SecretRecord"},{"floor":40,"key":"MawBank"},{"floor":42,"key":"SecretRecord"},{"floor":42,"key":"Lizard Tail"},{"floor":43,"key":"Replay:Bottled Flurry"},{"floor":44,"key":"SecretRecord"},{"floor":45,"key":"SecretRecord"},{"floor":45,"key":"ReplayTheSpireMod:Shallot"},{"floor":48,"key":"SecretRecord"}],"event_choices":[{"damage_healed":0.0,"max_hp_gain":0.0,"max_hp_loss":0.0,"gold_gain":0.0,"event_name":"Scrap Ooze","player_choice":"Fled","floor":5.0,"gold_loss":0.0,"damage_taken":0.0},{"damage_healed":0.0,"max_hp_gain":0.0,"max_hp_loss":0.0,"gold_gain":0.0,"cards_transformed":["Defend_MRS"],"event_name":"Transmorgrifier","player_choice":"Transformed","floor":10.0,"gold_loss":0.0,"damage_taken":0.0,"cards_obtained":["MeteoricShower"]},{"damage_healed":0.0,"max_hp_gain":0.0,"max_hp_loss":0.0,"gold_gain":0.0,"event_name":"Masked Bandits","player_choice":"Fought Bandits","floor":19.0,"gold_loss":0.0,"damage_taken":0.0},{"damage_healed":0,"gold_gain":0,"player_choice":"","damage_taken":6,"max_hp_gain":0,"max_hp_loss":0,"event_name":"Knowing Skull","floor":27,"potions_obtained":[],"gold_loss":0,"cards_obtained":[]},{"damage_healed":0,"gold_gain":0,"player_choice":"Ignored","damage_taken":0,"max_hp_gain":0,"max_hp_loss":0,"event_name":"Tomb of Lord Red Mask","floor":36,"gold_loss":0},{"damage_healed":0,"gold_gain":0,"player_choice":"Fight","damage_taken":0,"max_hp_gain":0,"max_hp_loss":0,"event_name":"MindBloom","floor":38,"gold_loss":0}],"is_beta":false,"boss_relics":[{"not_picked":["EasyGame_NEW","Tiny House"],"picked":"ChewingGum"},{"not_picked":["Philosopher\u0027s Stone","Ring of Chaos"],"picked":"SoulBox"}],"items_purged_floors":[12,21,47],"is_endless":false,"potions_floor_spawned":[3,4,6,8,18,24,25,30,31,35,39,40,42],"ascension_level":9}}