{"host":"usewcu4ohw2wtmxk","time":1608303714,"event":{"mods":["AchievementEnabler","BaseMod","Colored Powertips","Minty Spire (QoL Compilation)","Permanent Neow","Quick Restart","Relic Stats","StSLib"],"gold_per_floor":[115,134,36,51,64,91,91,125,151,151,165,182,257,15,15,114,114,131,131,142,142,155,155,168,168,216,216,216],"floor_reached":27,"playtime":693,"items_purged":["Strike_B"],"score":338,"play_id":"091e29cc-4293-4961-95e6-0961faaae94e","local_time":"20201218230154","is_ascension_mode":true,"campfire_choices":[{"floor":7.0,"key":"REST"},{"floor":10.0,"key":"REST"},{"data":"Defragment","floor":15.0,"key":"SMITH"},{"floor":23.0,"key":"REST"}],"circlet_count":0,"master_deck":["AscendersBane","Strike_B+1","Defend_B","Defend_B","Defend_B","Defend_B","Zap","Dualcast","Ball Lightning+1","Cold Snap","Defragment+1","Turbo","Hello World","Meteor Strike","Recycle","Coolheaded+1","Double Energy"],"relics":["Runic Pyramid","Mercury Hourglass","Whetstone","PreservedInsect","Sundial","Empty Cage","Juzu Bracelet","Centennial Puzzle"],"acts_visited":["Exordium","TheCity"],"potions_floor_usage":[24,27],"damage_taken":[{"damage":6.0,"enemies":"2 Louse","floor":1.0,"turns":3.0},{"damage":2.0,"enemies":"Jaw Worm","floor":2.0,"turns":3.0},{"damage":1.0,"enemies":"Small Slimes","floor":4.0,"turns":4.0},{"damage":30.0,"enemies":"3 Louse","floor":5.0,"turns":3.0},{"damage":27.0,"enemies":"3 Sentries","floor":6.0,"turns":9.0},{"damage":19.0,"enemies":"Gremlin Nob","floor":8.0,"turns":4.0},{"damage":0.0,"enemies":"Large Slime","floor":11.0,"turns":4.0},{"damage":1.0,"enemies":"2 Fungi Beasts","floor":12.0,"turns":3.0},{"damage":4.0,"enemies":"Hexaghost","floor":16.0,"turns":7.0},{"damage":28.0,"enemies":"2 Thieves","floor":18.0,"turns":3.0},{"damage":12.0,"enemies":"Chosen","floor":20.0,"turns":4.0},{"damage":6.0,"enemies":"Centurion and Healer","floor":22.0,"turns":9.0},{"damage":4,"enemies":"Snake Plant","floor":24,"turns":5},{"damage":26,"enemies":"Gremlin Leader","floor":27,"turns":4}],"seed_played":"2216874836325720102","potions_obtained":[{"floor":1.0,"key":"Energy Potion"},{"floor":11.0,"key":"AttackPotion"},{"floor":12.0,"key":"PotionOfCapacity"},{"floor":18.0,"key":"Explosive Potion"}],"is_trial":false,"path_per_floor":["M","M","$","M","M","E","R","E","T","R","M","M","?","$","R","B",null,"M","?","M","?","M","R","M","?","T","E"],"character_chosen":"DEFECT","items_purchased":["Cold Snap","Sundial"],"campfire_rested":3,"item_purchase_floors":[3,14],"current_hp_per_floor":[62,60,60,59,29,2,24,5,5,27,27,26,15,15,15,11,59,31,31,19,19,13,35,31,17,17,0,0],"gold":216,"neow_bonus":"BOSS_RELIC","is_daily":false,"chose_seed":false,"campfire_upgraded":1,"win_rate":0.0,"timestamp":1608303714,"path_taken":["M","M","$","M","M","E","R","E","T","R","M","M","?","?","R","BOSS","M","?","M","?","M","R","M","?","T","E"],"items_purchased_type":["Card","Relic"],"build_version":"2020-12-13","purchased_purges":1,"victory":false,"max_hp_per_floor":[75,75,75,75,75,75,75,75,75,75,75,75,75,75,75,75,75,75,75,75,75,75,75,75,80,80,80,80],"relic_stats":{"Centennial Puzzle":[3],"counters":[14,64],"Sundial":[8],"PreservedInsect":47,"Juzu Bracelet":0,"Whetstone":["Ball Lightning","Strike_B"],"obtain_stats":[{"Centennial Puzzle":26,"Sundial":14,"PreservedInsect":9,"Juzu Bracelet":21,"Whetstone":8,"Cracked Core":0,"Empty Cage":17,"Runic Pyramid":0,"Mercury Hourglass":6},{"Centennial Puzzle":13,"Sundial":8,"PreservedInsect":6,"Juzu Bracelet":11,"Whetstone":6,"Cracked Core":0,"Empty Cage":9,"Runic Pyramid":0,"Mercury Hourglass":5},{"Centennial Puzzle":60,"Sundial":33,"PreservedInsect":26,"Juzu Bracelet":47,"Whetstone":26,"Cracked Core":0,"Empty Cage":40,"Runic Pyramid":0,"Mercury Hourglass":22}],"Mercury Hourglass":[166]},"card_choices":[{"not_picked":["Auto Shields","Barrage"],"picked":"Ball Lightning","floor":1.0},{"not_picked":["Reinforced Body","Gash","Rebound"],"picked":"SKIP","floor":2.0},{"not_picked":["Coolheaded","Aggregate"],"picked":"Defragment","floor":4.0},{"not_picked":["Rip and Tear","Leap"],"picked":"Turbo","floor":5.0},{"not_picked":["Auto Shields","Aggregate"],"picked":"Hello World","floor":6.0},{"not_picked":["Aggregate","Force Field","Leap"],"picked":"SKIP","floor":8.0},{"not_picked":["Chill","Conserve Battery","Aggregate"],"picked":"SKIP","floor":11.0},{"not_picked":["Conserve Battery","Streamline","Chill"],"picked":"SKIP","floor":12.0},{"not_picked":["Fission","Machine Learning"],"picked":"Meteor Strike","floor":16.0},{"not_picked":["Gash+1","Scrape+1","Steam"],"picked":"SKIP","floor":18.0},{"not_picked":["Capacitor","Barrage"],"picked":"Coolheaded+1","floor":20.0},{"not_picked":["Blizzard","Stack+1","Beam Cell"],"picked":"SKIP","floor":22.0},{"not_picked":["Sweeping Beam","BootSequence"],"picked":"Double Energy","floor":24}],"player_experience":290631,"relics_obtained":[{"floor":6.0,"key":"Mercury Hourglass"},{"floor":8.0,"key":"Whetstone"},{"floor":9.0,"key":"PreservedInsect"},{"floor":26,"key":"Centennial Puzzle"}],"event_choices":[{"damage_healed":0.0,"max_hp_gain":0.0,"max_hp_loss":0.0,"gold_gain":75.0,"event_name":"World of Goop","player_choice":"Gather Gold","floor":13.0,"gold_loss":0.0,"damage_taken":11.0},{"damage_healed":0.0,"max_hp_gain":0.0,"max_hp_loss":0.0,"gold_gain":0.0,"event_name":"The Library","player_choice":"Read","floor":19.0,"gold_loss":0.0,"damage_taken":0.0,"cards_obtained":["Recycle"]},{"damage_healed":0.0,"max_hp_gain":0.0,"max_hp_loss":0.0,"gold_gain":0.0,"event_name":"The Mausoleum","player_choice":"Opened","floor":21.0,"gold_loss":0.0,"damage_taken":0.0,"relics_obtained":["Juzu Bracelet"]},{"damage_healed":0,"gold_gain":0,"player_choice":"Shed Blood","damage_taken":19,"max_hp_gain":5,"max_hp_loss":0,"event_name":"Forgotten Altar","floor":25,"gold_loss":0}],"is_beta":false,"boss_relics":[{"not_picked":["Fusion Hammer","Calling Bell"],"picked":"Empty Cage"}],"items_purged_floors":[3],"is_endless":false,"potions_floor_spawned":[1,11,12,16,18],"killed_by":"Gremlin Leader","ascension_level":10}}