{"host":"fqid566djxhwi0rl","time":1608296105,"event":{"mods":["2.2 Compatiblity","AchievementEnabler","Aspiration","BaseMod","Downfall","Energized Spire","Faster Ascension Climbing","GifTheSpireLib","Minty Spire (QoL Compilation)","Replay The Spire","StSLib","The Blackbeard","The Gatherer","Trackpad","Yuri Mod"],"gold_per_floor":[15,15,28,47,59,59,87,87,111,124,124,159,159,171,171,248,248,264,277,290,323,339,369,369,394,466,466,502,502,533,57,57,158,158,186,186,408,439,192,192,229,229,254,289,315,315,336,20,20,36],"floor_reached":51,"playtime":3142,"items_purged":["sneckomod:Strike","sneckomod:Unknown","sneckomod:Unknown"],"score":1131,"play_id":"acced5cc-5287-478a-bcfb-7e796377f4f6","local_time":"20201218145505","is_ascension_mode":true,"campfire_choices":[{"data":"sneckomod:UnknownDexterity","floor":6,"key":"SMITH"},{"data":"sneckomod:QuickBite","floor":8,"key":"SMITH"},{"data":"sneckomod:UnknownUncommonPower","floor":13,"key":"SMITH"},{"floor":15,"key":"DIG"},{"floor":24,"key":"REST"},{"floor":29,"key":"REST"},{"floor":32,"key":"REST"},{"data":"sneckomod:UnknownRarePower","floor":40,"key":"SMITH"},{"floor":46,"key":"REST"},{"floor":49,"key":"REST"}],"circlet_count":0,"master_deck":["AscendersBane","sneckomod:Defend","sneckomod:Defend","sneckomod:Defend","sneckomod:TailWhip","sneckomod:SnekBite","sneckomod:DefensiveFlair+1","sneckomod:UnknownWeak","sneckomod:UnknownDexterity+1","sneckomod:QuickBite+1","sneckomod:UnknownDexterity","sneckomod:UnknownUncommonPower+1","sneckomod:UnknownClassGREEN","sneckomod:SoulDraw","sneckomod:MorePower+1","sneckomod:Nope+1","sneckomod:UnknownClassPURPLE+1","sneckomod:UnknownClassBLACKBEARD_BLACK+1","sneckomod:Nope","sneckomod:UnknownRarePower+1","sneckomod:UnknownBlock+1","Madness","Madness","sneckomod:UnknownRareAttack","sneckomod:UnknownRareSkill","sneckomod:UnknownRarePower+1","sneckomod:Rotation+1","sneckomod:DangerNoodle"],"relics":["sneckomod:SneckoSoul","Torii","Akabeko","Strawberry","Bottled Tornado","Shuriken","Busted Crown","Red Mask","Omamori","Replay:Bandana","Question Card","champ:DuelingGlove","Centennial Puzzle","Guide Book","Singing Bowl","trackpad:StolenKidneys","sneckomod:RareBoosterPack","Du-Vu Doll","Happy Flower","Blue Candle"],"acts_visited":["Exordium","TheCity","TheBeyond"],"potions_floor_usage":[7,16,19,21,23,25,28,30,45,47,50],"damage_taken":[{"damage":7,"enemies":"Small Slimes","floor":1,"turns":4},{"damage":0,"enemies":"Cultist","floor":3,"turns":2},{"damage":1,"enemies":"Jaw Worm","floor":4,"turns":3},{"damage":4,"enemies":"Red Slaver","floor":5,"turns":2},{"damage":13,"enemies":"3 Sentries","floor":7,"turns":7},{"damage":2,"enemies":"Exordium Thugs","floor":10,"turns":3},{"damage":16,"enemies":"Lagavulin","floor":12,"turns":9},{"damage":1,"enemies":"Blue Slaver","floor":14,"turns":3},{"damage":18,"enemies":"Fading Forest","floor":16,"turns":11},{"damage":1,"enemies":"Chosen","floor":18,"turns":4},{"damage":6,"enemies":"3 Byrds","floor":19,"turns":7},{"damage":31,"enemies":"3 Cultists","floor":20,"turns":6},{"damage":2,"enemies":"Masked Bandits","floor":21,"turns":2},{"damage":31,"enemies":"Snake Plant","floor":22,"turns":4},{"damage":10,"enemies":"Replay:Snechameleon","floor":23,"turns":6},{"damage":29,"enemies":"Gremlin Leader","floor":25,"turns":6},{"damage":13,"enemies":"Replay:Snechameleon","floor":28,"turns":5},{"damage":9,"enemies":"Sentry and Sphere","floor":30,"turns":3},{"damage":38,"enemies":"Automaton","floor":33,"turns":8},{"damage":5,"enemies":"3 Shapes","floor":35,"turns":7},{"damage":18,"enemies":"3 Darklings","floor":38,"turns":5},{"damage":0,"enemies":"Nemesis","floor":41,"turns":1},{"damage":39,"enemies":"R_Hoarder","floor":44,"turns":9},{"damage":27,"enemies":"Transient","floor":45,"turns":5},{"damage":4,"enemies":"Maw","floor":47,"turns":5},{"damage":15,"enemies":"Replay:Hell Engine","floor":50,"turns":6}],"seed_played":"-4212344438271518294","potions_obtained":[{"floor":1,"key":"Elixir"},{"floor":2,"key":"Fire Potion"},{"floor":2,"key":"LiquidBronze"},{"floor":12,"key":"Swift Potion"},{"floor":20,"key":"PowerPotion"},{"floor":22,"key":"CultistPotion"},{"floor":23,"key":"Adrenaline Potion"},{"floor":25,"key":"Death Potion"},{"floor":28,"key":"FearPotion"},{"floor":38,"key":"Explosive Potion"},{"floor":45,"key":"Fire Potion"},{"floor":47,"key":"Fruit Juice"}],"is_trial":false,"path_per_floor":["M","?","M","M","M","R","E","R","T","M","?","E","R","M","R","B",null,"M","M","M","?","M","E","R","E","T","T","E","R","M","$","R","B",null,"M","?","?","M","$","R","E","$","T","E","M","R","M","$","R","B",null],"character_chosen":"THE_SNECKO","items_purchased":["Guide Book","Singing Bowl","sneckomod:RareBoosterPack","sneckomod:DangerNoodle","Adrenaline Potion"],"campfire_rested":5,"item_purchase_floors":[31,31,39,48,48],"current_hp_per_floor":[74,74,75,75,71,71,59,59,66,65,65,50,50,49,49,39,86,85,80,49,47,17,16,47,18,18,18,6,37,28,28,59,25,89,88,74,74,60,63,63,65,65,65,30,5,43,51,51,92,108],"gold":36,"neow_bonus":"ONE_RARE_RELIC","is_daily":false,"chose_seed":false,"campfire_upgraded":4,"win_rate":0.0,"timestamp":1608296105,"path_taken":["M","?","?","M","M","R","E","R","T","M","?","E","R","M","R","BOSS","M","M","M","?","M","E","R","E","T","?","E","R","M","$","R","BOSS","M","?","?","M","?","R","E","$","T","E","M","R","M","$","R","BOSS"],"items_purchased_type":["Relic","Relic","Relic","Card","Potion"],"build_version":"2020-12-13","purchased_purges":3,"victory":true,"max_hp_per_floor":[90,90,91,92,92,92,93,93,100,101,101,102,102,102,102,102,102,102,103,103,103,104,105,105,105,105,105,106,106,106,106,106,110,110,114,114,114,118,121,121,123,123,123,127,129,129,138,138,138,138],"card_choices":[{"not_picked":["sneckomod:UnknownWeak","sneckomod:Unknown1Cost"],"picked":"sneckomod:DefensiveFlair","floor":1},{"not_picked":["sneckomod:UnknownCommonSkill","sneckomod:UnknownBlock"],"picked":"sneckomod:UnknownWeak","floor":3},{"not_picked":["sneckomod:Unknown2Cost","sneckomod:DefensiveFlair"],"picked":"sneckomod:UnknownDexterity","floor":4},{"not_picked":["sneckomod:MasterEye","sneckomod:RainOfDice"],"picked":"sneckomod:QuickBite","floor":5},{"not_picked":["sneckomod:UnknownClassGREEN","sneckomod:UnknownClassYURI_RED"],"picked":"sneckomod:UnknownDexterity","floor":7},{"not_picked":["sneckomod:UnknownCommonAttack","sneckomod:DiceBlock"],"picked":"sneckomod:UnknownUncommonPower","floor":10},{"not_picked":["sneckomod:UnknownClassGATHERER_LIME","sneckomod:UnknownClassHEXA_GHOST_PURPLE"],"picked":"sneckomod:UnknownClassGREEN","floor":12},{"not_picked":["sneckomod:UnlimitedRolls","sneckomod:UnknownStrike"],"picked":"sneckomod:SoulDraw","floor":14},{"not_picked":["sneckomod:GlitteringGambit","sneckomod:SoulExchange"],"picked":"sneckomod:MorePower","floor":16},{"not_picked":[],"picked":"sneckomod:Nope+1","floor":18},{"not_picked":["sneckomod:Unknown+1"],"picked":"SKIP","floor":18},{"not_picked":[],"picked":"sneckomod:UnknownClassPURPLE+1","floor":19},{"not_picked":["sneckomod:ImprovisedGuard"],"picked":"SKIP","floor":19},{"not_picked":["sneckomod:UnknownClassBLUE+1"],"picked":"SKIP","floor":20},{"not_picked":["sneckomod:IronFang"],"picked":"SKIP","floor":20},{"not_picked":[],"picked":"sneckomod:UnknownClassBLACKBEARD_BLACK+1","floor":22},{"not_picked":[],"picked":"sneckomod:Nope","floor":22},{"not_picked":[],"picked":"sneckomod:UnknownRarePower+1","floor":23},{"not_picked":["sneckomod:SoulDraw"],"picked":"SKIP","floor":23},{"not_picked":["sneckomod:UnknownColorless"],"picked":"SKIP","floor":25},{"not_picked":["sneckomod:UnknownUncommonAttack+1"],"picked":"sneckomod:UnknownBlock+1","floor":28},{"not_picked":["sneckomod:UnknownStrength","sneckomod:Unknown2Cost"],"picked":"SKIP","floor":28},{"not_picked":["sneckomod:MasterEye","sneckomod:DiceBlock"],"picked":"SKIP","floor":30},{"not_picked":["sneckomod:Unknown1Cost+1","sneckomod:UnknownClassYURI_RED+1"],"picked":"Singing Bowl","floor":33},{"not_picked":["sneckomod:Cheat","sneckomod:Mudshield"],"picked":"Singing Bowl","floor":33},{"not_picked":["sneckomod:UnknownClassYURI_RED+1","sneckomod:UnknownClassGREEN+1"],"picked":"Singing Bowl","floor":35},{"not_picked":["sneckomod:UnknownCommonAttack+1","sneckomod:MixItUp"],"picked":"Singing Bowl","floor":35},{"not_picked":["sneckomod:UnknownCommonSkill+1","sneckomod:UnknownUncommonPower+1"],"picked":"Singing Bowl","floor":38},{"not_picked":["sneckomod:RainOfDice","sneckomod:UnknownClassGATHERER_LIME"],"picked":"Singing Bowl","floor":38},{"not_picked":["sneckomod:Unknown0Cost","sneckomod:Unknown3Cost"],"picked":"Singing Bowl","floor":41},{"not_picked":["sneckomod:UnknownStrike+1","sneckomod:UnknownUncommonPower+1"],"picked":"Singing Bowl","floor":44},{"not_picked":["sneckomod:UnknownUncommonAttack","sneckomod:Unknown1Cost"],"picked":"Singing Bowl","floor":44},{"not_picked":["sneckomod:Unknown+1","sneckomod:UnknownCommonSkill+1"],"picked":"Singing Bowl","floor":45},{"not_picked":["sneckomod:Nope"],"picked":"sneckomod:Rotation+1","floor":45},{"not_picked":["sneckomod:UnknownClassGREEN+1","sneckomod:UnknownVulnerable+1"],"picked":"Singing Bowl","floor":47},{"not_picked":["sneckomod:RainOfDice","sneckomod:ImprovisedAttack"],"picked":"Singing Bowl","floor":47}],"player_experience":711124,"relics_obtained":[{"floor":7,"key":"Akabeko"},{"floor":9,"key":"Strawberry"},{"floor":12,"key":"Bottled Tornado"},{"floor":15,"key":"Shuriken"},{"floor":21,"key":"Red Mask"},{"floor":23,"key":"Omamori"},{"floor":25,"key":"Replay:Bandana"},{"floor":26,"key":"Question Card"},{"floor":27,"key":"champ:DuelingGlove"},{"floor":28,"key":"Centennial Puzzle"},{"floor":41,"key":"Du-Vu Doll"},{"floor":43,"key":"Happy Flower"},{"floor":44,"key":"Blue Candle"}],"event_choices":[{"damage_healed":0,"gold_gain":0,"player_choice":"Got Potions","damage_taken":0,"max_hp_gain":0,"max_hp_loss":0,"event_name":"Lab","floor":2,"gold_loss":0},{"cards_removed":["sneckomod:Strike"],"damage_healed":0,"gold_gain":0,"player_choice":"Purged","damage_taken":0,"max_hp_gain":0,"max_hp_loss":0,"event_name":"Purifier","floor":11,"gold_loss":0},{"damage_healed":0,"gold_gain":0,"player_choice":"Fought Bandits","damage_taken":0,"max_hp_gain":0,"max_hp_loss":0,"event_name":"Masked Bandits","floor":21,"gold_loss":0},{"damage_healed":0,"gold_gain":0,"player_choice":"Embrace Madness","damage_taken":14,"max_hp_gain":0,"max_hp_loss":0,"event_name":"Winding Halls","floor":36,"gold_loss":0,"cards_obtained":["Madness","Madness"]},{"damage_healed":0,"gold_gain":222,"player_choice":"Wore Mask","damage_taken":0,"max_hp_gain":0,"max_hp_loss":0,"event_name":"Tomb of Lord Red Mask","floor":37,"gold_loss":0}],"is_beta":false,"boss_relics":[{"not_picked":["SlaversCollar","aspiration:PoetsPen_weak"],"picked":"Busted Crown"},{"not_picked":["aspiration:WatcherSkillbook","sneckomod:SuperSneckoSoul"],"picked":"trackpad:StolenKidneys"}],"items_purged_floors":[31,39,48],"is_endless":false,"potions_floor_spawned":[1,3,4,12,14,20,22,23,28,38,45,47],"ascension_level":13}}