{"host":"2e3z4r48quhw80cc","time":1608273785,"event":{"mods":["BaseMod","Minty Spire (QoL Compilation)","Quick Restart","StSLib","SuperFastMode"],"gold_per_floor":[109,160,160,235,34,64,95,126,172,206,239,269,111,129,129,207,207,225,225,258,275,275,303,303,303,327,243,274,302,302,332,332,405,405,425,425,472,159,159,191,220,255,282,314,314,314,340,369,369,369,369],"floor_reached":52,"playtime":1706,"items_purged":["Auto Shields"],"score":2795,"play_id":"7c5dd2bd-4cfb-4cc7-946a-3716866cc8ff","local_time":"20201218154305","daily_mods":["SealedDeck","Vintage","Heirloom","Time Dilation","Flight","DeadlyEvents","Elite Swarm"],"is_ascension_mode":true,"campfire_choices":[{"data":"Storm","floor":15.0,"key":"SMITH"},{"data":"Fission","floor":24.0,"key":"SMITH"},{"data":"Rainbow","floor":25.0,"key":"SMITH"},{"data":"Defragment","floor":32.0,"key":"SMITH"},{"data":"Buffer","floor":45.0,"key":"SMITH"},{"data":"Creative AI","floor":46.0,"key":"SMITH"},{"data":"Buffer","floor":49.0,"key":"SMITH"}],"circlet_count":0,"master_deck":["AscendersBane","Reinforced Body","Conserve Battery","Go for the Eyes+1","Tempest","Capacitor","Self Repair","Self Repair","Storm+1","Lockon","Echo Form","Machine Learning","Electrodynamics","Seek","Rainbow+1","Thunder Strike+1","Fission+1","Defragment+1","Core Surge+1","Buffer+1","Double Energy","Biased Cognition","Core Surge+1","Creative AI+1","Buffer+1","Amplify"],"relics":["Cracked Core","Pocketwatch","Orichalcum","Mercury Hourglass","ClockworkSouvenir","Singing Bowl","Bottled Flame","Pen Nib","Akabeko","Smiling Mask","Gremlin Horn","Prayer Wheel","Medical Kit","CaptainsWheel","Runic Dome","Molten Egg 2","Bag of Preparation","Nunchaku","Centennial Puzzle","Whetstone","DataDisk","Boot","Question Card","Bag of Marbles","Inserter","Turnip","Cables","Incense Burner","Blood Vial","FossilizedHelix","Potion Belt","Pantograph","Art of War","Lantern"],"acts_visited":["Exordium","TheCity","TheBeyond"],"potions_floor_usage":[50,50,50,50,50,50],"damage_taken":[{"damage":6.0,"enemies":"2 Louse","floor":1.0,"turns":3.0},{"damage":0.0,"enemies":"Lagavulin","floor":6.0,"turns":6.0},{"damage":8.0,"enemies":"3 Sentries","floor":7.0,"turns":5.0},{"damage":0.0,"enemies":"Gremlin Nob","floor":8.0,"turns":3.0},{"damage":15.0,"enemies":"3 Sentries","floor":10.0,"turns":4.0},{"damage":8.0,"enemies":"Gremlin Nob","floor":11.0,"turns":4.0},{"damage":1.0,"enemies":"Lagavulin","floor":12.0,"turns":5.0},{"damage":1.0,"enemies":"Jaw Worm","floor":14.0,"turns":3.0},{"damage":19.0,"enemies":"Hexaghost","floor":16.0,"turns":8.0},{"damage":6.0,"enemies":"3 Byrds","floor":18.0,"turns":2.0},{"damage":13.0,"enemies":"Gremlin Leader","floor":20.0,"turns":4.0},{"damage":13.0,"enemies":"2 Thieves","floor":21.0,"turns":3.0},{"damage":16.0,"enemies":"Book of Stabbing","floor":23.0,"turns":3.0},{"damage":22.0,"enemies":"Gremlin Leader","floor":28.0,"turns":3.0},{"damage":11.0,"enemies":"Slavers","floor":29.0,"turns":3.0},{"damage":27.0,"enemies":"Gremlin Leader","floor":31.0,"turns":2.0},{"damage":7.0,"enemies":"Champ","floor":33.0,"turns":5.0},{"damage":0.0,"enemies":"Orb Walker","floor":35.0,"turns":3.0},{"damage":46.0,"enemies":"2 Orb Walkers","floor":37.0,"turns":3.0},{"damage":8.0,"enemies":"Reptomancer","floor":40.0,"turns":3.0},{"damage":0.0,"enemies":"Nemesis","floor":41.0,"turns":3.0},{"damage":0.0,"enemies":"Giant Head","floor":42.0,"turns":5.0},{"damage":0.0,"enemies":"Reptomancer","floor":44.0,"turns":3.0},{"damage":0.0,"enemies":"Giant Head","floor":47.0,"turns":5.0},{"damage":9.0,"enemies":"Reptomancer","floor":48.0,"turns":2.0},{"damage":21,"enemies":"Time Eater","floor":50,"turns":5},{"damage":0,"enemies":"Donu and Deca","floor":51,"turns":4}],"seed_played":"8438895253679479324","potions_obtained":[{"floor":6.0,"key":"BlessingOfTheForge"},{"floor":8.0,"key":"Weak Potion"},{"floor":10.0,"key":"Energy Potion"},{"floor":18.0,"key":"PotionOfCapacity"},{"floor":37.0,"key":"FocusPotion"},{"floor":44.0,"key":"Dexterity Potion"},{"floor":48.0,"key":"EntropicBrew"}],"is_trial":true,"path_per_floor":["M","?","?","?","$","E","E","E","T","E","E","E","$","M","R","B",null,"M","?","E","M","?","E","R","R","T","$","E","E","T","E","R","B",null,"M","?","?","$","?","E","E","E","T","E","R","R","E","E","R","B","B",null],"character_chosen":"DEFECT","items_purchased":["ClockworkSouvenir","Lockon","Medical Kit","Defragment","Cables"],"campfire_rested":0,"item_purchase_floors":[5,5,13,27,38],"current_hp_per_floor":[71,71,66,55,55,69,71,71,71,63,73,73,73,73,73,75,75,75,71,72,75,75,75,75,75,75,75,76,79,79,52,52,66,76,79,79,54,54,54,60,74,79,79,79,79,79,81,79,79,67,81],"gold":369,"neow_bonus":"","is_daily":false,"chose_seed":false,"campfire_upgraded":7,"win_rate":0.0,"timestamp":1608273785,"path_taken":["M","?","?","?","?","E","E","E","T","E","?","E","$","M","R","BOSS","M","?","?","M","?","E","R","R","T","$","E","E","?","E","R","BOSS","M","?","?","$","?","E","E","E","T","E","R","R","E","E","R","BOSS","BOSS"],"items_purchased_type":["Relic","Card","Relic","Card","Relic"],"build_version":"2020-12-13","purchased_purges":1,"victory":true,"max_hp_per_floor":[71,71,71,71,71,71,71,71,71,71,73,73,73,73,73,75,75,75,75,75,75,75,75,75,75,75,75,77,79,79,79,79,79,79,79,79,79,79,79,79,79,79,79,79,79,79,81,81,81,81,81],"card_choices":[{"not_picked":["Multi-Cast","Fission"],"picked":"Echo Form","floor":6.0},{"not_picked":["Multi-Cast","Hyperbeam"],"picked":"Machine Learning","floor":7.0},{"not_picked":["Amplify","Core Surge"],"picked":"Electrodynamics","floor":8.0},{"not_picked":["Electrodynamics","Echo Form"],"picked":"Seek","floor":10.0},{"not_picked":["Echo Form","Meteor Strike","All For One"],"picked":"Singing Bowl","floor":11.0},{"not_picked":["Reboot","Seek"],"picked":"Rainbow","floor":12.0},{"not_picked":["Hyperbeam","Meteor Strike","All For One"],"picked":"Singing Bowl","floor":16.0},{"not_picked":["Reboot","Rainbow"],"picked":"Thunder Strike+1","floor":20.0},{"not_picked":["Rainbow","All For One+1"],"picked":"Fission","floor":23.0},{"not_picked":["Rainbow","Electrodynamics","Machine Learning"],"picked":"Singing Bowl","floor":28.0},{"not_picked":["Electrodynamics","Fission","Reboot"],"picked":"Singing Bowl","floor":29.0},{"not_picked":["Rainbow","Machine Learning","Buffer"],"picked":"Core Surge+1","floor":31.0},{"not_picked":["Thunder Strike+1","Core Surge+1","Seek"],"picked":"Buffer","floor":33.0},{"not_picked":["Ball Lightning+1","Beam Cell+1","Redo"],"picked":"Double Energy","floor":37.0},{"not_picked":["Thunder Strike+1","Core Surge+1","Machine Learning"],"picked":"Biased Cognition","floor":40.0},{"not_picked":["Biased Cognition","Reboot","Machine Learning"],"picked":"Core Surge+1","floor":41.0},{"not_picked":["Buffer","Core Surge+1","Seek"],"picked":"Creative AI","floor":42.0},{"not_picked":["Biased Cognition","Electrodynamics","All For One+1"],"picked":"Buffer","floor":44.0},{"not_picked":["Multi-Cast","All For One+1","Fission","Core Surge+1"],"picked":"Singing Bowl","floor":47.0},{"not_picked":["Seek","Fission","Biased Cognition"],"picked":"Amplify","floor":48.0}],"player_experience":77133,"relics_obtained":[{"floor":1.0,"key":"Orichalcum"},{"floor":6.0,"key":"Singing Bowl"},{"floor":7.0,"key":"Bottled Flame"},{"floor":8.0,"key":"Pen Nib"},{"floor":9.0,"key":"Akabeko"},{"floor":10.0,"key":"Smiling Mask"},{"floor":11.0,"key":"Gremlin Horn"},{"floor":12.0,"key":"Prayer Wheel"},{"floor":14.0,"key":"CaptainsWheel"},{"floor":18.0,"key":"Molten Egg 2"},{"floor":20.0,"key":"Bag of Preparation"},{"floor":21.0,"key":"Nunchaku"},{"floor":23.0,"key":"Centennial Puzzle"},{"floor":26.0,"key":"Whetstone"},{"floor":28.0,"key":"DataDisk"},{"floor":29.0,"key":"Boot"},{"floor":30.0,"key":"Question Card"},{"floor":31.0,"key":"Bag of Marbles"},{"floor":37.0,"key":"Turnip"},{"floor":40.0,"key":"Incense Burner"},{"floor":41.0,"key":"Blood Vial"},{"floor":42.0,"key":"FossilizedHelix"},{"floor":43.0,"key":"Potion Belt"},{"floor":44.0,"key":"Pantograph"},{"floor":47.0,"key":"Art of War"},{"floor":48.0,"key":"Lantern"}],"event_choices":[{"damage_healed":0.0,"max_hp_gain":0.0,"max_hp_loss":0.0,"gold_gain":51.0,"event_name":"Golden Wing","player_choice":"Gained Gold","floor":2.0,"gold_loss":0.0,"damage_taken":0.0},{"damage_healed":0.0,"max_hp_gain":0.0,"max_hp_loss":0.0,"gold_gain":0.0,"event_name":"Scrap Ooze","player_choice":"Success","floor":3.0,"gold_loss":0.0,"damage_taken":5.0,"relics_obtained":["Mercury Hourglass"]},{"damage_healed":0.0,"max_hp_gain":0.0,"max_hp_loss":0.0,"gold_gain":75.0,"event_name":"World of Goop","player_choice":"Gather Gold","floor":4.0,"gold_loss":0.0,"damage_taken":11.0},{"damage_healed":0.0,"max_hp_gain":0.0,"max_hp_loss":0.0,"gold_gain":0.0,"event_name":"The Woman in Blue","player_choice":"Bought 0 Potions","floor":19.0,"gold_loss":0.0,"damage_taken":0.0},{"damage_healed":0.0,"max_hp_gain":0.0,"max_hp_loss":0.0,"gold_gain":0.0,"event_name":"The Mausoleum","player_choice":"Ignored","floor":22.0,"gold_loss":0.0,"damage_taken":0.0},{"cards_removed":["Streamline"],"damage_healed":0.0,"max_hp_gain":0.0,"max_hp_loss":0.0,"gold_gain":0.0,"event_name":"Falling","player_choice":"Removed Attack","floor":36.0,"gold_loss":0.0,"damage_taken":0.0},{"damage_healed":0.0,"max_hp_gain":0.0,"max_hp_loss":0.0,"gold_gain":0.0,"event_name":"Mysterious Sphere","player_choice":"Fight","floor":37.0,"gold_loss":0.0,"damage_taken":0.0},{"damage_healed":0.0,"max_hp_gain":0.0,"max_hp_loss":0.0,"gold_gain":0.0,"event_name":"Lab","player_choice":"Got Potions","floor":39.0,"gold_loss":0.0,"damage_taken":0.0}],"is_beta":false,"boss_relics":[{"not_picked":["Snecko Eye","Velvet Choker"],"picked":"Runic Dome"},{"not_picked":["Nuclear Battery","Cursed Key"],"picked":"Inserter"}],"items_purged_floors":[38],"is_endless":false,"potions_floor_spawned":[6,8,10,14,18,21,31,37,41,44,48],"ascension_level":20}}