{"host":"0i8dz4ityulxi1rd","time":1608298098,"event":{"mods":["BaseMod","Colored Map","Colored Powertips","Custom Start","Highlight Path","Hubris","Keyboard Shortcuts","Minty Spire (QoL Compilation)","StSLib","SuperFastMode","The Runesmith"],"gold_per_floor":[116,132,25,40,40,74,74,94,94,94,106,106,106],"floor_reached":12,"playtime":467,"items_purged":[],"score":160,"play_id":"94517eb2-a14b-415a-bd2d-8176ac106a23","local_time":"20201218222818","is_ascension_mode":true,"campfire_choices":[],"circlet_count":0,"master_deck":["AscendersBane","Strike_R","Strike_R","Strike_R","Strike_R","Strike_R","Defend_R+1","Defend_R","Defend_R","Defend_R","Bash+1","Finesse","Power Through","Fire Breathing","True Grit","Disarm","Body Slam"],"relics":["Burning Blood","hubris:Towel","Happy Flower","White Beast Statue"],"acts_visited":["Exordium"],"potions_floor_usage":[12],"damage_taken":[{"damage":6,"enemies":"Small Slimes","floor":1,"turns":4},{"damage":2,"enemies":"Jaw Worm","floor":2,"turns":5},{"damage":6,"enemies":"2 Louse","floor":4,"turns":4},{"damage":20,"enemies":"3 Sentries","floor":6,"turns":6},{"damage":3,"enemies":"Blue Slaver","floor":8,"turns":6},{"damage":16,"enemies":"Exordium Wildlife","floor":11,"turns":7},{"damage":36,"enemies":"Lagavulin","floor":12,"turns":8}],"seed_played":"6475400996956744766","potions_obtained":[{"floor":11,"key":"Weak Potion"}],"is_trial":false,"path_per_floor":["M","M","$","M","?","E","?","M","T","?","M","E"],"character_chosen":"IRONCLAD","items_purchased":["Fire Breathing","True Grit"],"campfire_rested":0,"item_purchase_floors":[3,3],"current_hp_per_floor":[68,72,72,72,72,58,63,66,66,42,32,0,0],"gold":106,"neow_bonus":"RANDOM_COLORLESS","is_daily":false,"chose_seed":false,"campfire_upgraded":0,"win_rate":0.0,"timestamp":1608298098,"path_taken":["M","M","$","M","?","E","?","M","T","?","M","E"],"items_purchased_type":["Card","Card"],"build_version":"2020-12-13","purchased_purges":0,"victory":false,"max_hp_per_floor":[75,75,75,75,75,75,80,80,80,80,80,80,80],"card_choices":[{"not_picked":["Purity","PanicButton"],"picked":"Finesse","floor":0},{"not_picked":["Warcry","Metallicize"],"picked":"Power Through","floor":1},{"not_picked":["Warcry","Twin Strike","Shrug It Off"],"picked":"SKIP","floor":2},{"not_picked":["True Grit","Searing Blow"],"picked":"Disarm","floor":4},{"not_picked":["Hemokinesis","Ghostly Armor"],"picked":"Body Slam","floor":6},{"not_picked":["Uppercut","Seeing Red","hubris:ReadiedAction"],"picked":"SKIP","floor":8},{"not_picked":["Infernal Blade","hubris:ReadiedAction","Pummel"],"picked":"SKIP","floor":11}],"player_experience":1255371,"relics_obtained":[{"floor":6,"key":"Happy Flower"},{"floor":9,"key":"White Beast Statue"}],"event_choices":[{"damage_healed":0,"gold_gain":0,"player_choice":"Donut","damage_taken":0,"max_hp_gain":5,"max_hp_loss":0,"event_name":"Big Fish","floor":7,"gold_loss":0},{"damage_healed":0,"gold_gain":0,"player_choice":"Entered Light","damage_taken":24,"max_hp_gain":0,"max_hp_loss":0,"event_name":"Shining Light","floor":10,"gold_loss":0,"cards_upgraded":["Bash","Defend_R"]}],"is_beta":false,"boss_relics":[],"items_purged_floors":[],"is_endless":false,"potions_floor_spawned":[11],"killed_by":"Lagavulin","ascension_level":20}}