{"host":"mmqs5ul2bvb60kyc","time":1608266703,"event":{"mods":["BaseMod","Downfall","Minty Spire (QoL Compilation)","StSLib"],"gold_per_floor":[99,99,99,134,134,134,134,164,183,183,202,302,312,312,322,424,424,424,444,35,70,82,111,111,128,158,83,97,110,129,148,162,263,263,263,278,203,213,232,264,264,189,214,214,237,255,40,52,66,66],"floor_reached":51,"playtime":4319,"items_purged":["Guardian:Strike_Guardian","Guardian:PrismaticBeam"],"score":831,"play_id":"8d0cd838-763d-4418-9b50-0c68f04a59a6","local_time":"20201218124503","is_ascension_mode":false,"campfire_choices":[{"data":"Guardian:TwinSlam","floor":1.0,"key":"SMITH"},{"data":"Iron Wave","floor":3.0,"key":"SMITH"},{"data":"Guardian:BaubleBeam","floor":6.0,"key":"SMITH"},{"data":"Guardian:MultiBeam","floor":10.0,"key":"SMITH"},{"data":"Guardian:CurlUp","floor":18.0,"key":"SMITH"},{"floor":27.0,"key":"REST"},{"floor":35.0,"key":"RECALL"},{"data":"Guardian:DecasProtection","floor":37.0,"key":"SMITH"},{"data":"Guardian:ConstructionForm","floor":42.0,"key":"SMITH"},{"data":"Guardian:ConstructionForm","floor":44.0,"key":"SMITH"}],"circlet_count":0,"master_deck":["Guardian:Strike_Guardian","Guardian:Defend_Guardian","Guardian:Defend_Guardian","Guardian:Defend_Guardian","Guardian:CurlUp+1","Guardian:TwinSlam+1","Iron Wave+1","Guardian:BaubleBeam+1","Guardian:Incinerate+1","Guardian:MultiBeam+1","Guardian:SentryBeam+1","Guardian:AncientConstruct","Guardian:SpikerProtocol","Guardian:Planning","Guardian:Repulse","expansioncontent:SuperHexaguard","Guardian:TimeSifter","Guardian:ConstructionForm+1","Guardian:BaubleBeam+1","Guardian:PiercingHide+1","Guardian:RevengeProtocol","Guardian:ChargeCore+1","Guardian:FastForward","expansioncontent:Corrupt","Guardian:Suspension","Guardian:TemporalShield","Guardian:PrimingBeam+1","Guardian:ShieldSpikes","Guardian:DecasProtection+1","Guardian:Recover","Guardian:DonusPower+1","Guardian:ConstructionForm+1","Guardian:SentryBeam+1","Guardian:ShieldCharger+1","Guardian:Gem_White","Guardian:WalkerClaw+1","Guardian:ChargeCore+1"],"relics":["Guardian:ModeShifter","downfall:HeartsMalice","Regal Pillow","Letter Opener","Smiling Mask","Black Star","Orrery","Incense Burner","Vajra","Molten Egg 2","Question Card","Guardian:PickAxe","Anchor","Art of War","downfall:HeartBlessingGreen","Busted Crown","downfall:HeartBlessingRed","White Beast Statue","Ancient Tea Set","downfall:HeartBlessingBlue","Boot","Dream Catcher","Whetstone","Toolbox"],"acts_visited":["Exordium","TheCity","TheBeyond"],"potions_floor_usage":[],"damage_taken":[{"damage":0.0,"enemies":"Lagavulin","floor":4.0,"turns":1.0},{"damage":0.0,"enemies":"Cultist","floor":5.0,"turns":1.0},{"damage":0.0,"enemies":"Gremlin Nob","floor":8.0,"turns":1.0},{"damage":0.0,"enemies":"Jaw Worm","floor":9.0,"turns":3.0},{"damage":0.0,"enemies":"2 Louse","floor":11.0,"turns":2.0},{"damage":14.0,"enemies":"downfall:Heads","floor":12.0,"turns":4.0},{"damage":2.0,"enemies":"Lots of Slimes","floor":13.0,"turns":2.0},{"damage":0.0,"enemies":"Gremlin Gang","floor":15.0,"turns":1.0},{"damage":24.0,"enemies":"downfall:Defect","floor":16.0,"turns":6.0},{"damage":7.0,"enemies":"Shell Parasite","floor":19.0,"turns":5.0},{"damage":0.0,"enemies":"downfall:FleeingMerchant","floor":20.0,"turns":4.0},{"damage":12.0,"enemies":"Slavers","floor":21.0,"turns":4.0},{"damage":0.0,"enemies":"Snake Plant","floor":22.0,"turns":3.0},{"damage":27.0,"enemies":"Book of Stabbing","floor":23.0,"turns":6.0},{"damage":15.0,"enemies":"Snecko","floor":25.0,"turns":6.0},{"damage":0.0,"enemies":"Gremlin Leader","floor":26.0,"turns":5.0},{"damage":2.0,"enemies":"Centurion and Healer","floor":28.0,"turns":6.0},{"damage":0.0,"enemies":"Cultist and Chosen","floor":29.0,"turns":5.0},{"damage":6.0,"enemies":"Snecko","floor":30.0,"turns":4.0},{"damage":0.0,"enemies":"Chosen and Byrds","floor":31.0,"turns":5.0},{"damage":0.0,"enemies":"Centurion and Healer","floor":32.0,"turns":6.0},{"damage":43.0,"enemies":"downfall:Watcher","floor":33.0,"turns":11.0},{"damage":4.0,"enemies":"3 Darklings","floor":36.0,"turns":6.0},{"damage":1.0,"enemies":"Orb Walker","floor":38.0,"turns":3.0},{"damage":9.0,"enemies":"Sphere and 2 Shapes","floor":39.0,"turns":6.0},{"damage":1.0,"enemies":"Giant Head","floor":40.0,"turns":11.0},{"damage":3.0,"enemies":"Nemesis","floor":43.0,"turns":9.0},{"damage":29.0,"enemies":"3 Darklings","floor":46.0,"turns":6.0},{"damage":0.0,"enemies":"downfall:FleeingMerchant","floor":47.0,"turns":4.0},{"damage":0,"enemies":"Spire Growth","floor":48,"turns":4},{"damage":2,"enemies":"Jaw Worm Horde","floor":49,"turns":3},{"damage":12,"enemies":"downfall:Ironclad","floor":50,"turns":11}],"seed_played":"8855464751938515998","potions_obtained":[{"floor":8.0,"key":"Block Potion"},{"floor":9.0,"key":"Energy Potion"},{"floor":11.0,"key":"Dexterity Potion"},{"floor":13.0,"key":"champ:CounterPotion"},{"floor":21.0,"key":"PowerPotion"},{"floor":25.0,"key":"LiquidBronze"},{"floor":26.0,"key":"Fire Potion"},{"floor":28.0,"key":"hexamod:EctoCoolerPotion"},{"floor":36.0,"key":"Slimebound:ThreeZeroPotion"}],"is_trial":false,"path_per_floor":["R","?","R","E","M","R","T","E","M","R","M","?","M","?","M","B",null,"R","M","$","E","M","E","T","M","E","R","M","M","M","M","M","B",null,"R","M","R","M","M","E","T","R","E","R","T","M","$","M","M","B",null],"character_chosen":"GUARDIAN","items_purchased":["Orrery","expansioncontent:Corrupt","Toolbox"],"campfire_rested":1,"item_purchase_floors":[20,20,47],"current_hp_per_floor":[80,80,80,80,80,80,80,80,80,80,80,66,64,64,64,40,80,80,73,73,61,61,34,34,19,19,58,56,56,50,50,50,7,80,80,76,76,75,66,65,65,75,72,72,72,43,43,43,41,29],"gold":66,"neow_bonus":"THREE_ENEMY_KILL","is_daily":false,"chose_seed":false,"campfire_upgraded":8,"win_rate":0.0,"timestamp":1608266703,"path_taken":["R","?","R","E","M","R","T","E","M","R","?","?","M","?","M","BOSS","R","?","$","E","?","E","T","M","E","R","M","M","M","M","M","BOSS","R","M","R","M","M","E","T","R","E","R","?","M","$","M","M","BOSS"],"items_purchased_type":["Relic","Card","Relic"],"build_version":"2020-12-13","purchased_purges":2,"victory":true,"max_hp_per_floor":[80,80,80,80,80,80,80,80,80,80,80,80,80,80,80,80,80,80,80,80,80,80,80,80,80,80,80,80,80,80,80,80,80,80,80,80,80,80,80,80,80,90,90,90,90,90,90,90,90,90],"card_choices":[{"not_picked":["Guardian:Gem_Lightblue","Guardian:PiercingHide"],"picked":"Guardian:BaubleBeam","floor":4.0},{"not_picked":["Guardian:RefractedBeam","Guardian:Gem_Cyan"],"picked":"Guardian:Incinerate","floor":5.0},{"not_picked":["Guardian:Suspension","Guardian:Incinerate"],"picked":"Guardian:Gem_Crimson","floor":8.0},{"not_picked":["Guardian:TemporalStrike","Guardian:CrystalBeam"],"picked":"Guardian:MultiBeam","floor":9.0},{"not_picked":["Guardian:Repulse","Guardian:MultiBeam"],"picked":"Guardian:SentryBeam","floor":11.0},{"not_picked":["Guardian:FloatingOrbs","Guardian:ChargeCore"],"picked":"Guardian:SpikerProtocol","floor":12.0},{"not_picked":["Guardian:VentSteam","Guardian:Gem_Crimson"],"picked":"Guardian:Planning","floor":13.0},{"not_picked":["Guardian:Incinerate","Guardian:MultiBeam"],"picked":"Guardian:Gem_Cyan","floor":15.0},{"not_picked":["Guardian:AncientConstruct","Guardian:StasisStrike"],"picked":"Guardian:ConstructionForm","floor":16.0},{"not_picked":["Guardian:Gem_Red","Guardian:RollAttack"],"picked":"Guardian:Gem_Purple","floor":19.0},{"not_picked":["Guardian:TemporalStrike","Guardian:Gem_Green"],"picked":"Guardian:BaubleBeam","floor":20.0},{"not_picked":["Guardian:GuardianWhirl","Guardian:ChargeCore"],"picked":"Guardian:PrismaticBeam","floor":20.0},{"not_picked":["Guardian:ChargeCore","Guardian:TemporalShield+1"],"picked":"Guardian:PiercingHide+1","floor":20.0},{"not_picked":["Guardian:Clone","Guardian:TemporalStrike"],"picked":"Guardian:RevengeProtocol","floor":20.0},{"not_picked":["Guardian:Gem_Lightblue","Guardian:BronzeArmor"],"picked":"Guardian:ChargeCore+1","floor":20.0},{"not_picked":["Guardian:VentSteam","Guardian:PrismaticBeam"],"picked":"Guardian:FastForward","floor":20.0},{"not_picked":["Guardian:Incinerate+1","Guardian:Gem_Green","Guardian:Gem_Cyan"],"picked":"SKIP","floor":21.0},{"not_picked":["Guardian:TemporalShield+1","Guardian:FastForward"],"picked":"Guardian:Suspension","floor":22.0},{"not_picked":["Guardian:Harden","Guardian:Gem_Lightblue"],"picked":"Guardian:TemporalShield","floor":23.0},{"not_picked":["Guardian:TemporalStrike+1","Guardian:Recover","Guardian:WalkerClaw+1"],"picked":"Guardian:PrimingBeam+1","floor":25.0},{"not_picked":["Guardian:FloatingOrbs","Guardian:Emergency","Guardian:PolyBeam+1"],"picked":"Guardian:ShieldSpikes","floor":26.0},{"not_picked":["Guardian:ArmoredProtocol","Guardian:PiercingHide+1","Guardian:Planning"],"picked":"Guardian:DecasProtection","floor":28.0},{"not_picked":["Guardian:GuardianWhirl+1","Guardian:Gem_Green","Guardian:SentryBeam+1"],"picked":"Guardian:Recover","floor":29.0},{"not_picked":["Guardian:TemporalShield+1","Guardian:BronzeOrb+1","Guardian:Gem_Lightblue"],"picked":"Guardian:Gem_Crimson","floor":30.0},{"not_picked":["Guardian:TimeCapacitor","Guardian:Emergency","Guardian:TemporalStrike+1"],"picked":"Guardian:Gem_Green","floor":31.0},{"not_picked":["Guardian:SpikerProtocol","Guardian:Gem_Blue","Guardian:Gem_Cyan"],"picked":"Guardian:DonusPower+1","floor":32.0},{"not_picked":["Guardian:RevengeProtocol","Guardian:Gem_Synthetic","Guardian:StasisStrike+1"],"picked":"Guardian:ConstructionForm","floor":33.0},{"not_picked":["Guardian:Gem_Green"],"picked":"Guardian:SentryBeam+1","floor":36.0},{"not_picked":["Guardian:RollAttack+1","Guardian:PiercingHide"],"picked":"SKIP","floor":38.0},{"not_picked":["Guardian:VentSteam"],"picked":"Guardian:ShieldCharger+1","floor":39.0},{"not_picked":["Guardian:PrismaticBeam+1","Guardian:Reroute+1"],"picked":"SKIP","floor":40.0},{"not_picked":["Guardian:PrismaticBarrier+1","Guardian:TimeSifter"],"picked":"SKIP","floor":43.0},{"not_picked":["Guardian:Preprogram+1"],"picked":"Guardian:Gem_White","floor":46.0},{"not_picked":["Guardian:Planning+1"],"picked":"Guardian:WalkerClaw+1","floor":47.0},{"not_picked":["Guardian:Planning"],"picked":"Guardian:ChargeCore+1","floor":48},{"not_picked":["Guardian:PrimingBeam+1","Guardian:VentSteam"],"picked":"SKIP","floor":49}],"player_experience":199951,"relics_obtained":[{"floor":4.0,"key":"Regal Pillow"},{"floor":7.0,"key":"Letter Opener"},{"floor":8.0,"key":"Smiling Mask"},{"floor":21.0,"key":"Incense Burner"},{"floor":21.0,"key":"Vajra"},{"floor":23.0,"key":"Molten Egg 2"},{"floor":23.0,"key":"Question Card"},{"floor":24.0,"key":"Guardian:PickAxe"},{"floor":26.0,"key":"Anchor"},{"floor":26.0,"key":"Art of War"},{"floor":40.0,"key":"White Beast Statue"},{"floor":40.0,"key":"Ancient Tea Set"},{"floor":43.0,"key":"Boot"},{"floor":43.0,"key":"Dream Catcher"},{"floor":45.0,"key":"Whetstone"}],"event_choices":[{"cards_removed":["Guardian:Defend_Guardian"],"damage_healed":0.0,"max_hp_gain":0.0,"max_hp_loss":0.0,"gold_gain":0.0,"event_name":"NoteForYourself","player_choice":"Took Card","floor":2.0,"gold_loss":0.0,"damage_taken":0.0,"cards_obtained":["Iron Wave"]}],"is_beta":false,"boss_relics":[{"not_picked":["Guardian:ModeShifterPlus","Velvet Choker"],"picked":"Black Star"},{"not_picked":["Calling Bell","SlaversCollar"],"picked":"Busted Crown"}],"items_purged_floors":[20,47],"is_endless":false,"potions_floor_spawned":[8,9,11,13,21,22,25,26,28,29,33,36,39,43,46,47,48,49],"ascension_level":0}}