{"host":"2lrkmsuh7nz013qb","time":1608275798,"event":{"mods":["BaseMod","Colored Map","DeckTracker","Minty Spire (QoL Compilation)","SuperFastMode","everything is the same but u backflip on backflip"],"gold_per_floor":[113,133,58,69,79,79,96,21,21,21,21,59,72,93,93,188,188,206,27,77,25,75,75,90,105,132,132,151,151,167,190,190,190,190],"floor_reached":33,"playtime":1138,"items_purged":["Strike_G","Strike_G"],"score":552,"play_id":"2097373e-59d0-477c-ae8e-70516d62b976","local_time":"20201218161638","is_ascension_mode":true,"campfire_choices":[{"data":"Bouncing Flask","floor":6.0,"key":"SMITH"},{"data":"Neutralize","floor":11.0,"key":"SMITH"},{"data":"Deadly Poison","floor":15.0,"key":"SMITH"},{"data":"Catalyst","floor":23.0,"key":"SMITH"},{"floor":32,"key":"REST"}],"circlet_count":0,"master_deck":["AscendersBane","Strike_G","Strike_G","Defend_G","Defend_G","Defend_G","Defend_G","Defend_G","Survivor","Neutralize+1","Dash","Bouncing Flask+1","Footwork","Calculated Gamble+1","Bane","Dodge and Roll","Deadly Poison+1","After Image","Prepared","Catalyst+1","Dodge and Roll","Acrobatics","Acrobatics+1","Blur"],"relics":["Ring of the Snake","Question Card","Golden Idol","Bird Faced Urn","HoveringKite","Regal Pillow"],"acts_visited":["Exordium","TheCity"],"potions_floor_usage":[30,33],"damage_taken":[{"damage":0.0,"enemies":"Small Slimes","floor":1.0,"turns":4.0},{"damage":0.0,"enemies":"Jaw Worm","floor":2.0,"turns":4.0},{"damage":0.0,"enemies":"Cultist","floor":4.0,"turns":3.0},{"damage":7.0,"enemies":"Large Slime","floor":5.0,"turns":8.0},{"damage":12.0,"enemies":"Lots of Slimes","floor":7.0,"turns":3.0},{"damage":0.0,"enemies":"3 Sentries","floor":12.0,"turns":3.0},{"damage":4.0,"enemies":"3 Louse","floor":13.0,"turns":4.0},{"damage":1.0,"enemies":"Exordium Thugs","floor":14.0,"turns":6.0},{"damage":8.0,"enemies":"The Guardian","floor":16.0,"turns":9.0},{"damage":16.0,"enemies":"Spheric Guardian","floor":18.0,"turns":6.0},{"damage":0.0,"enemies":"Chosen","floor":24.0,"turns":2.0},{"damage":3.0,"enemies":"Centurion and Healer","floor":25.0,"turns":6.0},{"damage":58.0,"enemies":"3 Cultists","floor":28.0,"turns":8.0},{"damage":6,"enemies":"Snake Plant","floor":30,"turns":3},{"damage":0,"enemies":"Centurion and Healer","floor":31,"turns":7},{"damage":61,"enemies":"Automaton","floor":33,"turns":10}],"seed_played":"-8038918850707190147","potions_obtained":[{"floor":1.0,"key":"AttackPotion"},{"floor":5.0,"key":"BlessingOfTheForge"},{"floor":7.0,"key":"SteroidPotion"},{"floor":12.0,"key":"AttackPotion"},{"floor":14.0,"key":"Dexterity Potion"},{"floor":25.0,"key":"LiquidBronze"},{"floor":28.0,"key":"SteroidPotion"},{"floor":31,"key":"SpeedPotion"}],"is_trial":false,"path_per_floor":["M","M","$","M","M","R","M","?","T","?","R","E","M","M","R","B",null,"M","$","?","$","?","R","M","M","T","?","M","?","M","M","R","B"],"character_chosen":"THE_SILENT","items_purchased":["Catalyst","Dodge and Roll"],"campfire_rested":1,"item_purchase_floors":[19,21],"current_hp_per_floor":[59,59,59,59,52,52,40,40,40,40,40,40,36,37,37,31,53,41,41,41,41,41,41,43,44,44,70,14,14,8,12,48,0,0],"gold":190,"neow_bonus":"ONE_RANDOM_RARE_CARD","is_daily":false,"chose_seed":false,"campfire_upgraded":4,"win_rate":0.0,"timestamp":1608275798,"path_taken":["M","M","$","M","M","R","M","?","T","?","R","E","M","M","R","BOSS","M","$","?","$","?","R","?","M","T","?","?","?","M","M","R","BOSS"],"items_purchased_type":["Card","Card"],"build_version":"2020-12-13","purchased_purges":2,"victory":false,"max_hp_per_floor":[66,66,66,66,66,66,66,66,66,60,60,60,60,60,60,60,60,60,60,60,60,60,60,60,60,60,70,70,70,70,70,70,70,70],"card_choices":[{"not_picked":["Eviscerate","Footwork"],"picked":"Dash","floor":1.0},{"not_picked":["All Out Attack","Backstab"],"picked":"Bouncing Flask","floor":2.0},{"not_picked":["PiercingWail","Riddle With Holes","Blade Dance"],"picked":"SKIP","floor":4.0},{"not_picked":["PiercingWail","Riddle With Holes","Blade Dance"],"picked":"SKIP","floor":4.0},{"not_picked":["Flying Knee","Poisoned Stab"],"picked":"Footwork","floor":5.0},{"not_picked":["Acrobatics","Infinite Blades"],"picked":"Calculated Gamble","floor":7.0},{"not_picked":["Masterful Stab","Poisoned Stab","Distraction"],"picked":"Bane","floor":12.0},{"not_picked":["Dagger Spray","Quick Slash","Finisher"],"picked":"Dodge and Roll","floor":13.0},{"not_picked":["Well Laid Plans","Skewer","Eviscerate"],"picked":"Deadly Poison","floor":14.0},{"not_picked":["A Thousand Cuts","Malaise","Unload"],"picked":"After Image","floor":16.0},{"not_picked":["Outmaneuver+1","Underhanded Strike","Predator"],"picked":"Prepared","floor":18.0},{"not_picked":["Glass Knife","Accuracy","Well Laid Plans"],"picked":"Acrobatics","floor":24.0},{"not_picked":["Deadly Poison","Dagger Spray+1","Terror"],"picked":"Acrobatics+1","floor":25.0},{"not_picked":["Well Laid Plans","Accuracy","Distraction"],"picked":"Blur","floor":28.0},{"not_picked":["Masterful Stab","Slice","Bane","Dagger Throw"],"picked":"SKIP","floor":30},{"not_picked":["Deflect","All Out Attack","Masterful Stab","Cloak And Dagger"],"picked":"SKIP","floor":31}],"player_experience":674880,"relics_obtained":[{"floor":9.0,"key":"Question Card"},{"floor":12.0,"key":"Bird Faced Urn"},{"floor":26.0,"key":"Regal Pillow"}],"event_choices":[{"cards_removed":["Strike_G"],"damage_healed":0.0,"max_hp_gain":0.0,"max_hp_loss":0.0,"gold_gain":0.0,"event_name":"The Cleric","player_choice":"Card Removal","floor":8.0,"gold_loss":75.0,"damage_taken":0.0},{"damage_healed":0.0,"max_hp_gain":0.0,"max_hp_loss":6.0,"gold_gain":0.0,"event_name":"Golden Idol","player_choice":"Lose Max HP","floor":10.0,"gold_loss":0.0,"damage_taken":0.0,"relics_obtained":["Golden Idol"]},{"damage_healed":0.0,"max_hp_gain":0.0,"max_hp_loss":0.0,"gold_gain":50.0,"event_name":"Nest","player_choice":"Stole From Cult","floor":20.0,"gold_loss":0.0,"damage_taken":0.0},{"damage_healed":0.0,"max_hp_gain":0.0,"max_hp_loss":0.0,"gold_gain":50.0,"event_name":"Golden Shrine","player_choice":"Pray","floor":22.0,"gold_loss":0.0,"damage_taken":0.0},{"cards_removed":["Die Die Die"],"damage_healed":16.0,"max_hp_gain":10.0,"max_hp_loss":0.0,"gold_gain":0.0,"event_name":"Bonfire Elementals","player_choice":"Offered Rare","floor":27.0,"gold_loss":0.0,"damage_taken":0.0},{"damage_healed":0.0,"max_hp_gain":0.0,"max_hp_loss":0.0,"gold_gain":0.0,"event_name":"Upgrade Shrine","player_choice":"Upgraded","floor":29.0,"gold_loss":0.0,"damage_taken":0.0,"cards_upgraded":["Calculated Gamble"]}],"is_beta":false,"boss_relics":[{"not_picked":["Fusion Hammer","WristBlade"],"picked":"HoveringKite"}],"items_purged_floors":[3,19],"is_endless":false,"potions_floor_spawned":[1,5,7,12,14,25,28,31],"killed_by":"Automaton","ascension_level":20}}