{"host":"345fbjaiqlx301na","time":1608293302,"event":{"mods":["AchievementEnabler","Act Like it!","BaseMod","Bestiary","Better Note","Better Sensory Stone","Better Third Choice","Colored Powertips","Downfall","Ekko","Minty Spire (QoL Compilation)","Replay The Spire","StSLib","The Animator","The Death Knight","The Dragon Tamer","The Necromancer","The Senshi"],"gold_per_floor":[116,130,130,50,61,61,73,83,83,115,115,16,32,42,42,143,143,163,173,185,56,72,72,81,100,123,132,166,166,166,178,178,289,289,309,328,341,357,369,381,429,459,480,492,492],"floor_reached":44,"playtime":2500,"items_purged":["ekkoTheBoyWhoShatteredTime:Defend"],"score":666,"play_id":"e3035e37-edb3-440f-8b3c-5bd2b491a882","local_time":"20201218070822","daily_mods":["Vintage"],"is_ascension_mode":false,"campfire_choices":[{"data":"ekkoTheBoyWhoShatteredTime:TimeMaster","floor":6,"key":"SMITH"},{"data":"ekkoTheBoyWhoShatteredTime:LevelUp","floor":11,"key":"SMITH"},{"data":"ekkoTheBoyWhoShatteredTime:NeedlesslyLargeRod","floor":15,"key":"SMITH"},{"data":"ekkoTheBoyWhoShatteredTime:SktSynergy","floor":23,"key":"SMITH"},{"data":"ekkoTheBoyWhoShatteredTime:NeedlesslyLargeRod","floor":29,"key":"SMITH"},{"floor":32,"key":"REST"},{"floor":40,"key":"REST"}],"circlet_count":0,"master_deck":["ekkoTheBoyWhoShatteredTime:Strike","ekkoTheBoyWhoShatteredTime:Strike","ekkoTheBoyWhoShatteredTime:Strike","ekkoTheBoyWhoShatteredTime:Strike","ekkoTheBoyWhoShatteredTime:Defend","ekkoTheBoyWhoShatteredTime:Defend","ekkoTheBoyWhoShatteredTime:Defend","ekkoTheBoyWhoShatteredTime:TimeMaster+1","ekkoTheBoyWhoShatteredTime:NeedlesslyLargeRod+1","ekkoTheBoyWhoShatteredTime:Greed","ekkoTheBoyWhoShatteredTime:Knowledge","ekkoTheBoyWhoShatteredTime:LevelUp+1","ekkoTheBoyWhoShatteredTime:NeedlesslyLargeRod+1","ekkoTheBoyWhoShatteredTime:NaggingBlow","ekkoTheBoyWhoShatteredTime:SktSynergy+1","ekkoTheBoyWhoShatteredTime:Backtrack","Strike_W","ekkoTheBoyWhoShatteredTime:NeedlesslyLargeRod+1","ekkoTheBoyWhoShatteredTime:NashorsTooth+1","ekkoTheBoyWhoShatteredTime:Unleashed+1","ekkoTheBoyWhoShatteredTime:BansheesVeil+1","Voices"],"relics":["ekkoTheBoyWhoShatteredTime:zDriveResonance","replay:Trail_Library","theSenshi:SailorFukuRelic","Shuriken","Mirror","ReplayTheSpireMod:Shallot","MealTicket","Vajra","Akabeko","hexamod:BolsterEngine","champ:DeflectingBracers","Busted Crown","Centennial Puzzle","Chameleon Ring","Potion Belt","CeramicFish","ekkoTheBoyWhoShatteredTime:TwistedClockwork","Tiny Chest","White Beast Statue","Toxic Egg 2","Ring of Hypnosis","ReplayTheSpireMod:Ring of Challenge","Durian","Cursed Key","sneckomod:BlankCard","Bag of Marbles","Peace Pipe","MawBank","Onion Ring","Sundial","Replay:Bottled Flurry"],"acts_visited":["Exordium","TheCity","TheBeyond"],"potions_floor_usage":[14,16,33,33,38,38,41],"damage_taken":[{"damage":6,"enemies":"2 Louse","floor":1,"turns":3},{"damage":6,"enemies":"Cultist","floor":2,"turns":4},{"damage":5,"enemies":"Small Slimes","floor":5,"turns":3},{"damage":15,"enemies":"Exordium Thugs","floor":7,"turns":6},{"damage":5,"enemies":"Lots of Slimes","floor":8,"turns":5},{"damage":2,"enemies":"Lagavulin","floor":10,"turns":4},{"damage":0,"enemies":"Exordium Wildlife","floor":13,"turns":2},{"damage":0,"enemies":"3 Louse","floor":14,"turns":3},{"damage":17,"enemies":"The Guardian","floor":16,"turns":4},{"damage":10,"enemies":"2 Thieves","floor":18,"turns":4},{"damage":4,"enemies":"Chosen","floor":19,"turns":2},{"damage":15,"enemies":"Sentry and Sphere","floor":20,"turns":4},{"damage":10,"enemies":"Centurion and Healer","floor":22,"turns":4},{"damage":3,"enemies":"Chosen and Byrds","floor":25,"turns":4},{"damage":16,"enemies":"Slavers","floor":28,"turns":4},{"damage":11,"enemies":"Snecko","floor":31,"turns":3},{"damage":20,"enemies":"Champ","floor":33,"turns":4},{"damage":43,"enemies":"3 Shapes","floor":35,"turns":4},{"damage":15,"enemies":"3 Darklings","floor":36,"turns":3},{"damage":12,"enemies":"Sphere and 2 Shapes","floor":37,"turns":3},{"damage":10,"enemies":"Writhing Mass","floor":38,"turns":3},{"damage":20,"enemies":"R_Hoarder","floor":41,"turns":6},{"damage":5,"enemies":"Spire Growth","floor":42,"turns":3},{"damage":16,"enemies":"Jaw Worm Horde","floor":44,"turns":1}],"seed_played":"1061051039122877303","potions_obtained":[{"floor":7,"key":"FearPotion"},{"floor":13,"key":"Languid Potion"},{"floor":16,"key":"ekkoTheBoyWhoShatteredTime:BottledSheen"},{"floor":18,"key":"Ancient Potion"},{"floor":25,"key":"GamblersBrew"},{"floor":28,"key":"SteroidPotion"},{"floor":31,"key":"Strength Potion"},{"floor":33,"key":"Swift Potion"},{"floor":35,"key":"ColorlessPotion"},{"floor":37,"key":"ekkoTheBoyWhoShatteredTime:EquilibriumPotion"},{"floor":38,"key":"Languid Potion"},{"floor":41,"key":"Strength Potion"},{"floor":42,"key":"BlessingOfTheForge"}],"is_trial":true,"path_per_floor":["M","M","?","$","M","R","M","M","T","E","R","$","M","M","R","B",null,"M","M","M","$","M","R","?","M","T","?","E","R","?","M","R","B",null,"M","M","M","M","?","R","E","M","T","M"],"character_chosen":"EKKO_THE_BOY_WHO_SHATTERED_TIME","items_purchased":["ekkoTheBoyWhoShatteredTime:NeedlesslyLargeRod+1","ekkoTheBoyWhoShatteredTime:Greed","ekkoTheBoyWhoShatteredTime:NeedlesslyLargeRod","ekkoTheBoyWhoShatteredTime:NaggingBlow","ekkoTheBoyWhoShatteredTime:Backtrack"],"campfire_rested":2,"item_purchase_floors":[4,4,12,12,21],"current_hp_per_floor":[72,66,66,66,61,61,46,41,41,39,39,54,54,54,54,37,78,68,64,49,64,54,54,54,51,51,51,35,35,35,29,53,33,83,40,25,13,3,3,27,15,10,10,0,0],"gold":492,"neow_bonus":"","is_daily":false,"chose_seed":false,"campfire_upgraded":5,"win_rate":0.0,"timestamp":1608293302,"path_taken":["M","M","?","$","M","R","M","?","T","E","R","$","M","M","R","BOSS","M","M","M","?","M","R","?","?","T","?","E","R","?","M","R","BOSS","M","M","M","M","?","R","E","M","T","M"],"items_purchased_type":["Card","Card","Card","Card","Card"],"build_version":"2020-12-13","purchased_purges":1,"victory":false,"max_hp_per_floor":[78,78,78,78,78,78,78,78,78,78,78,78,78,78,78,78,78,78,78,78,78,78,78,78,78,78,78,78,78,78,83,83,83,83,83,83,83,83,83,83,83,83,83,83,83],"card_choices":[{"not_picked":["ekkoTheBoyWhoShatteredTime:FluidEnergy","ekkoTheBoyWhoShatteredTime:Leap"],"picked":"ekkoTheBoyWhoShatteredTime:Knowledge","floor":10},{"not_picked":["ekkoTheBoyWhoShatteredTime:GrandeFinale","ekkoTheBoyWhoShatteredTime:Discharge"],"picked":"ekkoTheBoyWhoShatteredTime:SktSynergy","floor":16},{"not_picked":[],"picked":"ekkoTheBoyWhoShatteredTime:NashorsTooth+1","floor":28},{"not_picked":[],"picked":"ekkoTheBoyWhoShatteredTime:Unleashed+1","floor":33},{"not_picked":[],"picked":"ekkoTheBoyWhoShatteredTime:BansheesVeil+1","floor":41}],"player_experience":77955,"relics_obtained":[{"floor":1,"key":"theSenshi:SailorFukuRelic"},{"floor":2,"key":"Shuriken"},{"floor":5,"key":"Mirror"},{"floor":7,"key":"ReplayTheSpireMod:Shallot"},{"floor":8,"key":"MealTicket"},{"floor":9,"key":"Vajra"},{"floor":10,"key":"Akabeko"},{"floor":13,"key":"hexamod:BolsterEngine"},{"floor":14,"key":"champ:DeflectingBracers"},{"floor":18,"key":"Centennial Puzzle"},{"floor":19,"key":"Chameleon Ring"},{"floor":20,"key":"Potion Belt"},{"floor":22,"key":"CeramicFish"},{"floor":25,"key":"ekkoTheBoyWhoShatteredTime:TwistedClockwork"},{"floor":26,"key":"Tiny Chest"},{"floor":28,"key":"Toxic Egg 2"},{"floor":30,"key":"Ring of Hypnosis"},{"floor":30,"key":"ReplayTheSpireMod:Ring of Challenge"},{"floor":31,"key":"Durian"},{"floor":35,"key":"sneckomod:BlankCard"},{"floor":36,"key":"Bag of Marbles"},{"floor":37,"key":"Peace Pipe"},{"floor":38,"key":"MawBank"},{"floor":41,"key":"Onion Ring"},{"floor":42,"key":"Sundial"},{"floor":43,"key":"Replay:Bottled Flurry"}],"event_choices":[{"damage_healed":0,"gold_gain":0,"player_choice":"Bought 0 Potions","damage_taken":0,"max_hp_gain":0,"max_hp_loss":0,"event_name":"The Woman in Blue","floor":3,"gold_loss":0},{"damage_healed":0,"gold_gain":0,"player_choice":"Take","damage_taken":0,"max_hp_gain":0,"max_hp_loss":0,"event_name":"betterNote:BetterNote","floor":24,"gold_loss":0,"cards_obtained":["Strike_W"]},{"cards_removed":["ekkoTheBoyWhoShatteredTime:Strike"],"damage_healed":0,"gold_gain":0,"player_choice":"Removed Attack","damage_taken":0,"max_hp_gain":0,"max_hp_loss":0,"event_name":"Falling","floor":39,"gold_loss":0}],"is_beta":false,"boss_relics":[{"not_picked":["Snecko Heart","theSenshi:MoonKaleidoScopeRelic"],"picked":"Busted Crown"},{"not_picked":["ReplayTheSpireMod:DimensionalGlitch","Replay:Ancient Bell"],"picked":"Cursed Key"}],"items_purged_floors":[21],"is_endless":true,"potions_floor_spawned":[7,13,16,18,25,28,31,33,35,36,37,38,41,42],"killed_by":"Jaw Worm Horde","ascension_level":0}}