{"host":"utqe55yv0jihe4d6","time":1608263379,"event":{"mods":["2.2 Compatiblity","AchievementEnabler","BaseMod","Block Reminder","Colored Map","Colored Powertips","Minty Spire (QoL Compilation)","Quick Restart","Rare Cards Sparkle","Relic Stats","SuperFastMode"],"gold_per_floor":[113,113,113,132,145,145,64,95,118,152,173,173,173],"floor_reached":12,"playtime":279,"items_purged":[],"score":156,"play_id":"4bf306d2-3212-422e-bdbb-439907edb350","local_time":"20201217224939","is_ascension_mode":true,"campfire_choices":[{"data":"Neutralize","floor":6,"key":"SMITH"}],"circlet_count":0,"master_deck":["AscendersBane","Strike_G","Strike_G","Strike_G","Strike_G","Strike_G","Defend_G","Defend_G","Defend_G","Defend_G","Defend_G","Survivor","Neutralize+1","CurseOfTheBell","Quick Slash","Infinite Blades","Deadly Poison","Noxious Fumes","Heel Hook","PiercingWail"],"relics":["Calling Bell","MealTicket","Pantograph","Peace Pipe","Golden Idol","Tiny Chest","Strawberry","Odd Mushroom"],"acts_visited":["Exordium"],"potions_floor_usage":[8,10,10],"damage_taken":[{"damage":8,"enemies":"Jaw Worm","floor":1,"turns":7},{"damage":8,"enemies":"Small Slimes","floor":4,"turns":5},{"damage":8,"enemies":"2 Louse","floor":5,"turns":2},{"damage":44,"enemies":"Gremlin Nob","floor":8,"turns":5},{"damage":3,"enemies":"The Mushroom Lair","floor":10,"turns":4},{"damage":5,"enemies":"Blue Slaver","floor":11,"turns":5},{"damage":5,"enemies":"3 Sentries","floor":12,"turns":2}],"seed_played":"-777835137791736856","potions_obtained":[{"floor":4,"key":"Explosive Potion"},{"floor":5,"key":"CunningPotion"},{"floor":8,"key":"Explosive Potion"}],"is_trial":false,"path_per_floor":["M","?","?","M","M","R","$","E","T","?","M","E"],"character_chosen":"THE_SILENT","items_purchased":["Noxious Fumes"],"campfire_rested":0,"item_purchase_floors":[7],"current_hp_per_floor":[51,51,51,43,35,35,50,6,13,10,5,0,0],"gold":173,"neow_bonus":"BOSS_RELIC","is_daily":false,"chose_seed":false,"campfire_upgraded":1,"win_rate":0.0,"timestamp":1608263379,"path_taken":["M","?","?","M","M","R","$","E","T","?","M","E"],"items_purchased_type":["Card"],"build_version":"2020-12-13","purchased_purges":0,"victory":false,"max_hp_per_floor":[66,66,60,60,60,60,60,60,67,67,67,67,67],"relic_stats":{"Peace Pipe":0,"counters":[7,30],"Golden Idol":24,"Pantograph":0,"MealTicket":15,"Tiny Chest":0,"obtain_stats":[{"Calling Bell":0,"Peace Pipe":0,"Golden Idol":3,"Pantograph":0,"Strawberry":9,"MealTicket":0,"Tiny Chest":8,"Odd Mushroom":10,"Ring of the Snake":0},{"Calling Bell":0,"Peace Pipe":0,"Golden Idol":1,"Pantograph":0,"Strawberry":4,"MealTicket":0,"Tiny Chest":4,"Odd Mushroom":5,"Ring of the Snake":0},{"Calling Bell":0,"Peace Pipe":0,"Golden Idol":7,"Pantograph":0,"Strawberry":19,"MealTicket":0,"Tiny Chest":19,"Odd Mushroom":23,"Ring of the Snake":0}]},"card_choices":[{"not_picked":["Slice","PiercingWail"],"picked":"Quick Slash","floor":1},{"not_picked":["Leg Sweep","Backflip"],"picked":"Infinite Blades","floor":4},{"not_picked":["Slice","Prepared"],"picked":"Deadly Poison","floor":5},{"not_picked":["Calculated Gamble","Backstab"],"picked":"Heel Hook","floor":8},{"not_picked":["Underhanded Strike","Dagger Throw"],"picked":"PiercingWail","floor":11}],"player_experience":2796796,"relics_obtained":[{"floor":0,"key":"MealTicket"},{"floor":0,"key":"Pantograph"},{"floor":0,"key":"Peace Pipe"},{"floor":8,"key":"Tiny Chest"},{"floor":9,"key":"Strawberry"},{"floor":10,"key":"Odd Mushroom"}],"event_choices":[{"damage_healed":0,"gold_gain":0,"player_choice":"Ignored","damage_taken":0,"max_hp_gain":0,"max_hp_loss":0,"event_name":"Liars Game","floor":2,"gold_loss":0},{"damage_healed":0,"gold_gain":0,"player_choice":"Lose Max HP","damage_taken":0,"relics_obtained":["Golden Idol"],"max_hp_gain":0,"max_hp_loss":6,"event_name":"Golden Idol","floor":3,"gold_loss":0},{"damage_healed":0,"gold_gain":0,"player_choice":"Fought Mushrooms","damage_taken":0,"max_hp_gain":0,"max_hp_loss":0,"event_name":"Mushrooms","floor":10,"gold_loss":0}],"is_beta":false,"boss_relics":[],"items_purged_floors":[],"is_endless":false,"potions_floor_spawned":[4,5,8],"killed_by":"3 Sentries","ascension_level":20}}