{"host":"i9wanet4r0ff4t9y","time":1608302183,"event":{"mods":["2.2 Compatiblity","Act Like it!","BaseMod","Bestiary","Better Altar","Better Match","Better Note","Better Sensory Stone","Better Skull","Better Third Choice","Better Vampires","BetterRewards","CapriCore","Curses Come First","Downfall","Minty Spire (QoL Compilation)","Quick Restart","READ ME - Guardian Mod","READ ME - Snecko Mod","Relic Stats","Replay The Spire","Say the Spire","Spicy Shops","StSLib","The Disciple","Waifu the Spire"],"gold_per_floor":[99,7307,7335,7361,7384,7384,7384,7409,7409,7446,7446,5666,5666,5681,5700,5811,5811,5811,5837,5863,5863,5863,5877,5877,5889,5908,5935,3858,3858,3958,2253,2266,2371,2371,2371,2399,2437,2437,2492,820,820,864,893,911,930,950,959,984,1004,1004],"floor_reached":51,"playtime":2461,"items_purged":["Regret","Parasite"],"score":1049,"play_id":"565f8f3e-435e-4ce9-ad21-84810b1dd568","local_time":"20201218153622","is_ascension_mode":false,"campfire_choices":[{"data":"hexamod:Sear","floor":1,"key":"SMITH"},{"floor":6,"key":"RECALL"},{"data":"hexamod:DynamicBlow","floor":9,"key":"SMITH"},{"data":"Mayhem","floor":18,"key":"SMITH"},{"data":"hexamod:TurnItUp","floor":21,"key":"SMITH"},{"floor":35,"key":"REST"},{"floor":38,"key":"REST"},{"floor":44,"key":"REST"}],"circlet_count":0,"master_deck":["hexamod:Strike","hexamod:Strike+2","hexamod:Strike","hexamod:Strike","hexamod:Defend","hexamod:Defend","hexamod:Defend","hexamod:Sear+1","hexamod:Float","expansioncontent:BronzeBeam+1","hexamod:Firestarter+1","hexamod:DynamicBlow+1","hexamod:Firestarter","hexamod:Rewind+1","hexamod:HauntingEcho","hexamod:SoulSteal","hexamod:SkipABeat","Mayhem+1","Replay:SS_fish_2","hexamod:SpectersWail+1","hexamod:NecessarySacrifice","hexamod:SpectralAdrenaline","hexamod:RadiantFlame","hexamod:NightmareStrike","hexamod:TurnItUp+1","hexamod:ExtraCrispy","hexamod:FirstSeal","hexamod:SoulSteal","hexamod:GhostOfSpirePresent","Magnetism+1","hexamod:InspiringFlames+1","hexamod:NecessarySacrifice+1","hexamod:NightmareStrike+1","hexamod:HeatShield+1","hexamod:HeatCrush+1","hexamod:PhantomFireball+1","hexamod:TurnItUp","hexamod:RecurringNightmare","hexamod:GhostOfSpireFuture","Metamorphosis+1","Replay:Sssssssssshield+1","hexamod:RainOfEmbers+1","hexamod:HexaLevel","hexamod:InspiringFlames","hexamod:InspiringFlames","hexamod:HeatShield","hexamod:UnleashSpirits+1","hexamod:Firestarter+1","Panacea","Chrysalis+1","hexamod:PhantomFireball+1","hexamod:GhostflameInferno+1","hexamod:SpectralAdrenaline+1","hexamod:ThermalTransfer+1","hexamod:AdvancingGuard+1","Pot Of Greed+1","Pot Of Greed+1","Pot Of Greed+1","Pot Of Greed+1","Pot Of Greed+1","Pot Of Greed+1","hexamod:PhantomFireball+1","hexamod:Firestarter+1","hexamod:NecessarySacrifice+1","hexamod:FastForward+1","hexamod:RadiantFlame+1","Replay:Parry+1","Chrysalis+1","hexamod:FourthSeal","hexamod:SpectersWail+1","hexamod:RainOfEmbers+1","Pot Of Greed+1","hexamod:ShieldOfDarkness+1","hexamod:EmpoweredFlame","hexamod:HeatShield+1","hexamod:SecondSeal","hexamod:SixthSeal"],"relics":["hexamod:SpiritBrand","Matryoshka","OrangePellets","Ornamental Fan","Replay:Baseball","Replay:Wax Seal","Simple Rune","PreservedInsect","MealTicket","Sling","ReplayFunnel","ClockworkSouvenir","HornCleat","Snack Pack","ChewingGum","hexamod:TheBrokenSeal","Tiny Chest","Gremlin Food","Replay:Accelerometer","Molten Egg 2","TungstenRod","Regal Pillow","Lee\u0027s Waffle","Toolbox","Garlic","War Paint","Bloody Idol","Blood Vial","Omamori","Art of War","HandDrill","Guide Book","Golden Egg","Pocketwatch","Fusion Hammer","CeramicFish","Dream Catcher","Grinning Jar","Frozen Eye","Divine Protection","Replay:Mystery Machine","Letter Opener","TheAbacus","Toxic Egg 2","hexamod:TheBrokenSeal","FossilizedHelix"],"acts_visited":["Exordium","TheCity","TheBeyond"],"potions_floor_usage":[4,5,16,16,16,23,25,26,28,33,37,50,50],"damage_taken":[{"damage":0,"enemies":"downfall:FleeingMerchant","floor":2,"turns":4},{"damage":0,"enemies":"Cultist","floor":3,"turns":3},{"damage":6,"enemies":"2 Louse","floor":4,"turns":3},{"damage":0,"enemies":"Small Slimes","floor":5,"turns":3},{"damage":5,"enemies":"2 Fungi Beasts","floor":8,"turns":4},{"damage":37,"enemies":"3 Sentries","floor":10,"turns":12},{"damage":15,"enemies":"downfall:FleeingMerchant","floor":12,"turns":4},{"damage":1,"enemies":"Blue Slaver","floor":14,"turns":3},{"damage":2,"enemies":"Gremlin Gang","floor":15,"turns":3},{"damage":99,"enemies":"downfall:Defect","floor":16,"turns":9},{"damage":47,"enemies":"3 Byrds","floor":19,"turns":7},{"damage":10,"enemies":"Book of Stabbing","floor":20,"turns":3},{"damage":9,"enemies":"Snake Plant","floor":23,"turns":3},{"damage":0,"enemies":"Chosen and Byrds","floor":25,"turns":4},{"damage":0,"enemies":"Snecko","floor":26,"turns":5},{"damage":1,"enemies":"Replay:Snechameleon","floor":27,"turns":4},{"damage":2,"enemies":"downfall:FleeingMerchant","floor":28,"turns":4},{"damage":0,"enemies":"downfall:FleeingMerchant","floor":31,"turns":4},{"damage":9,"enemies":"Shelled Parasite and Fungi","floor":32,"turns":6},{"damage":39,"enemies":"downfall:Watcher","floor":33,"turns":8},{"damage":14,"enemies":"3 Darklings","floor":36,"turns":6},{"damage":4,"enemies":"R_Hoarder","floor":37,"turns":5},{"damage":9,"enemies":"Nemesis","floor":42,"turns":7},{"damage":0,"enemies":"3 Shapes","floor":43,"turns":4},{"damage":0,"enemies":"Maw","floor":45,"turns":5},{"damage":0,"enemies":"Spire Growth","floor":46,"turns":4},{"damage":0,"enemies":"3 Darklings","floor":48,"turns":3},{"damage":0,"enemies":"4 Shapes","floor":49,"turns":3},{"damage":0,"enemies":"downfall:Silent","floor":50,"turns":3}],"seed_played":"-8657210276331526467","potions_obtained":[{"floor":0,"key":"Doom Potion"},{"floor":0,"key":"Regen Potion"},{"floor":0,"key":"Cursed Concoction"},{"floor":4,"key":"ColorlessPotion"},{"floor":16,"key":"Fire Potion"},{"floor":16,"key":"Dexterity Potion"},{"floor":20,"key":"LiquidMemories"},{"floor":23,"key":"Venom Potion"},{"floor":26,"key":"Fruit Juice"},{"floor":27,"key":"SteroidPotion"},{"floor":33,"key":"ColorlessPotion"}],"is_trial":false,"path_per_floor":["R","$","M","M","M","R","T","M","R","E","?","$","?","M","M","B",null,"R","M","E","R","?","M","T","M","M","E","$","?","?","$","M","B",null,"R","M","E","R","T","$","T","E","M","R","M","M","?","M","M","B",null],"character_chosen":"THE_SPIRIT","items_purchased":["Matryoshka","OrangePellets","Ornamental Fan","Replay:Baseball","Replay:Wax Seal","hexamod:FirstSeal","expansioncontent:BronzeBeam","hexamod:Firestarter","hexamod:DynamicBlow","MealTicket","Sling","ReplayFunnel","ClockworkSouvenir","HornCleat","Snack Pack","Mayhem","Replay:SS_fish_2","hexamod:SpectersWail","hexamod:NecessarySacrifice","hexamod:SpectralAdrenaline","hexamod:RadiantFlame","hexamod:NightmareStrike","hexamod:DoubleChargePotion","TungstenRod","Regal Pillow","Lee\u0027s Waffle","Toolbox","Garlic","hexamod:HeatCrush+1","hexamod:PhantomFireball+1","hexamod:TurnItUp","hexamod:RecurringNightmare","hexamod:GhostOfSpireFuture","Metamorphosis","Replay:Sssssssssshield","War Paint","FairyPotion","hexamod:HexaLevel","hexamod:InspiringFlames","hexamod:HeatShield","hexamod:UnleashSpirits+1","hexamod:Firestarter+1","Panacea","Chrysalis","Omamori","Art of War","HandDrill","Guide Book","Golden Egg","Pocketwatch","Grinning Jar","Frozen Eye","Divine Protection","Replay:Mystery Machine","Letter Opener","TheAbacus","hexamod:PhantomFireball+1","hexamod:Firestarter+1","hexamod:NecessarySacrifice","hexamod:FastForward","hexamod:RadiantFlame","Replay:Parry+1","Chrysalis","DistilledChaos"],"campfire_rested":3,"item_purchase_floors":[2,2,2,2,2,2,2,2,2,12,12,12,12,12,12,12,12,12,12,12,12,12,12,28,28,28,28,28,28,28,28,28,28,28,28,28,28,31,31,31,31,31,31,31,31,31,31,31,31,31,40,40,40,40,40,40,40,40,40,40,40,40,40,40],"current_hp_per_floor":[70,70,70,70,70,70,70,70,70,40,40,32,49,48,48,70,70,70,64,80,80,80,80,80,80,85,85,89,100,89,89,89,70,89,89,82,89,89,89,89,89,99,99,99,99,99,99,99,99,99],"gold":1004,"neow_bonus":"THREE_SMALL_POTIONS","is_daily":false,"chose_seed":false,"campfire_upgraded":4,"win_rate":0.0,"timestamp":1608302182,"path_taken":["R","$","M","?","M","R","T","M","R","E","?","$","?","M","M","BOSS","R","M","E","R","?","M","T","M","M","E","$","?","?","$","M","BOSS","R","M","E","R","?","$","T","E","?","R","?","M","?","M","M","BOSS"],"items_purchased_type":["Relic","Relic","Relic","Relic","Relic","Card","Card","Card","Card","Relic","Relic","Relic","Relic","Relic","Relic","Card","Card","Card","Card","Card","Card","Card","Potion","Relic","Relic","Relic","Relic","Relic","Card","Card","Card","Card","Card","Card","Card","Relic","Potion","Card","Card","Card","Card","Card","Card","Card","Relic","Relic","Relic","Relic","Relic","Relic","Relic","Relic","Relic","Relic","Relic","Relic","Card","Card","Card","Card","Card","Card","Card","Potion"],"build_version":"2020-12-13","purchased_purges":2,"victory":true,"max_hp_per_floor":[70,70,70,70,70,70,70,70,70,70,70,70,70,70,70,70,70,70,80,80,80,80,80,80,80,85,85,89,89,89,89,89,89,89,89,89,89,89,89,89,89,99,99,99,99,99,99,99,99,99],"relic_stats":{"Regal Pillow":0,"Lee\u0027s Waffle":9,"counters":[29,136],"CeramicFish":207,"PreservedInsect":257,"Letter Opener":[66],"War Paint":["hexamod:Defend","hexamod:Defend"],"Blood Vial":2,"OrangePellets":[9],"Dream Catcher":1,"TheAbacus":[0],"Ornamental Fan":[108],"Bloody Idol":6,"MealTicket":0,"Tiny Chest":1,"Art of War":[7],"HandDrill":[30],"obtain_stats":[{"ReplayFunnel":12,"Replay:Accelerometer":24,"Golden Egg":31,"Divine Protection":40,"Regal Pillow":28,"CeramicFish":37,"Replay:Mystery Machine":40,"Sling":12,"ClockworkSouvenir":12,"Blood Vial":29,"Frozen Eye":40,"Dream Catcher":39,"Matryoshka":2,"HornCleat":12,"TheAbacus":40,"Toolbox":28,"MealTicket":12,"Tiny Chest":20,"Fusion Hammer":34,"HandDrill":31,"Replay:Wax Seal":2,"Toxic Egg 2":41,"hexamod:SpiritBrand":0,"Gremlin Food":24,"Lee\u0027s Waffle":28,"Guide Book":31,"hexamod:TheBrokenSeal":19,"PreservedInsect":10,"Omamori":31,"Letter Opener":40,"War Paint":28,"OrangePellets":2,"Replay:Baseball":2,"Ornamental Fan":2,"Bloody Idol":29,"Simple Rune":7,"ChewingGum":17,"Molten Egg 2":27,"Snack Pack":12,"Garlic":28,"Art of War":31,"Grinning Jar":40,"TungstenRod":28,"FossilizedHelix":42,"Pocketwatch":31},{"ReplayFunnel":7,"Replay:Accelerometer":13,"Golden Egg":18,"Divine Protection":22,"Regal Pillow":17,"CeramicFish":22,"Replay:Mystery Machine":22,"Sling":7,"ClockworkSouvenir":7,"Blood Vial":17,"Frozen Eye":22,"Dream Catcher":22,"Matryoshka":1,"HornCleat":7,"TheAbacus":22,"Toolbox":17,"MealTicket":7,"Tiny Chest":12,"Fusion Hammer":20,"HandDrill":18,"Replay:Wax Seal":1,"Toxic Egg 2":22,"hexamod:SpiritBrand":0,"Gremlin Food":13,"Lee\u0027s Waffle":17,"Guide Book":18,"hexamod:TheBrokenSeal":11,"PreservedInsect":6,"Omamori":18,"Letter Opener":22,"War Paint":17,"OrangePellets":1,"Replay:Baseball":1,"Ornamental Fan":1,"Bloody Idol":17,"Simple Rune":4,"ChewingGum":10,"Molten Egg 2":16,"Snack Pack":7,"Garlic":17,"Art of War":18,"Grinning Jar":22,"TungstenRod":17,"FossilizedHelix":23,"Pocketwatch":18},{"ReplayFunnel":33,"Replay:Accelerometer":61,"Golden Egg":82,"Divine Protection":107,"Regal Pillow":78,"CeramicFish":107,"Replay:Mystery Machine":107,"Sling":33,"ClockworkSouvenir":33,"Blood Vial":78,"Frozen Eye":107,"Dream Catcher":107,"Matryoshka":4,"HornCleat":33,"TheAbacus":107,"Toolbox":78,"MealTicket":33,"Tiny Chest":58,"Fusion Hammer":96,"HandDrill":82,"Replay:Wax Seal":4,"Toxic Egg 2":107,"hexamod:SpiritBrand":0,"Gremlin Food":61,"Lee\u0027s Waffle":78,"Guide Book":82,"hexamod:TheBrokenSeal":52,"PreservedInsect":29,"Omamori":82,"Letter Opener":107,"War Paint":78,"OrangePellets":4,"Replay:Baseball":4,"Ornamental Fan":4,"Bloody Idol":78,"Simple Rune":13,"ChewingGum":48,"Molten Egg 2":74,"Snack Pack":33,"Garlic":78,"Art of War":82,"Grinning Jar":107,"TungstenRod":78,"FossilizedHelix":114,"Pocketwatch":82}],"TungstenRod":16,"Pocketwatch":[39]},"card_choices":[{"not_picked":["hexamod:AdvancingGuard","hexamod:CrushingStance"],"picked":"hexamod:SecondSeal","floor":2},{"not_picked":["hexamod:Hexaguard","hexamod:FastForward"],"picked":"hexamod:Firestarter","floor":3},{"not_picked":["hexamod:RainOfEmbers","hexamod:SwordOfDarkness"],"picked":"hexamod:Rewind","floor":4},{"not_picked":["hexamod:SwordOfDarkness","hexamod:GhostLash"],"picked":"hexamod:HauntingEcho","floor":5},{"not_picked":["hexamod:SecondSeal","hexamod:EtherealExpedition"],"picked":"hexamod:FifthSeal","floor":8},{"not_picked":["hexamod:SecondSeal","hexamod:ThirdSeal"],"picked":"hexamod:FirstSeal","floor":10},{"not_picked":["hexamod:RecurringNightmare","hexamod:ThermalTransfer"],"picked":"hexamod:SoulSteal","floor":10},{"not_picked":["hexamod:SecondSeal","hexamod:ThirdSeal"],"picked":"hexamod:FourthSeal","floor":12},{"not_picked":["hexamod:InspiringFlames","hexamod:SecondSeal"],"picked":"hexamod:SkipABeat","floor":12},{"not_picked":["hexamod:BurningTouch","hexamod:RainOfEmbers"],"picked":"hexamod:TurnItUp","floor":14},{"not_picked":["hexamod:RetreatToShadows","hexamod:GhostShield"],"picked":"hexamod:ExtraCrispy","floor":15},{"not_picked":["hexamod:FirstSeal","hexamod:FourthSeal"],"picked":"hexamod:ThirdSeal","floor":16},{"not_picked":["hexamod:GhostflameInferno","hexamod:WildfireWeapon"],"picked":"hexamod:SixthSeal","floor":16},{"not_picked":["hexamod:SoulSteal","hexamod:BacktrackSmack+1"],"picked":"hexamod:FirstSeal","floor":19},{"not_picked":["hexamod:Hexaguard","hexamod:GhostLash"],"picked":"hexamod:SoulSteal","floor":19},{"not_picked":["hexamod:Hexaguard","hexamod:GhostShield"],"picked":"hexamod:GhostOfSpirePresent","floor":20},{"not_picked":["hexamod:GhostShield","hexamod:SpectralAdrenaline"],"picked":"hexamod:InspiringFlames+1","floor":23},{"not_picked":["hexamod:Haunt+1","hexamod:GhostShield"],"picked":"hexamod:NecessarySacrifice+1","floor":25},{"not_picked":["hexamod:GhostflameBarrier","hexamod:NecessarySacrifice"],"picked":"hexamod:ThirdSeal","floor":26},{"not_picked":["hexamod:FastForward+1","hexamod:GhostShield"],"picked":"hexamod:NightmareStrike+1","floor":27},{"not_picked":["hexamod:FirstSeal","hexamod:Hexaguard+1"],"picked":"hexamod:HeatShield+1","floor":28},{"not_picked":["hexamod:BacktrackSmack+1","hexamod:NecessarySacrifice"],"picked":"hexamod:FourthSeal","floor":28},{"not_picked":["hexamod:Firestarter+1","hexamod:GhostOfSpireFuture"],"picked":"hexamod:FifthSeal","floor":31},{"not_picked":["hexamod:HauntingEcho+1","hexamod:ShieldOfDarkness"],"picked":"hexamod:RainOfEmbers+1","floor":31},{"not_picked":["hexamod:FourthSeal","hexamod:ThirdSeal"],"picked":"hexamod:SixthSeal","floor":32},{"not_picked":["hexamod:PhantomFireball+1","hexamod:Hexaguard","hexamod:SkipABeat"],"picked":"SKIP","floor":32},{"not_picked":["hexamod:Hexaguard","hexamod:SkipABeat"],"picked":"hexamod:PhantomFireball+1","floor":32},{"not_picked":["hexamod:FourthSeal","hexamod:SixthSeal"],"picked":"hexamod:SecondSeal","floor":33},{"not_picked":["hexamod:TimeWarp+1","hexamod:VolcanoVisage"],"picked":"hexamod:GhostflameInferno","floor":33},{"not_picked":["hexamod:ThermalTransfer+1","hexamod:BurningTouch"],"picked":"hexamod:SpectralAdrenaline+1","floor":36},{"not_picked":["hexamod:GhostLash+1","hexamod:GhostShield+1"],"picked":"hexamod:ThermalTransfer+1","floor":36},{"not_picked":["hexamod:Again+1","hexamod:GhostOfSpirePresent"],"picked":"hexamod:AdvancingGuard+1","floor":37},{"not_picked":["hexamod:GhostShield+1","hexamod:Again+1"],"picked":"hexamod:FourthSeal","floor":42},{"not_picked":["hexamod:BacktrackSmack+1","hexamod:ThermalTransfer+1"],"picked":"hexamod:SpectersWail+1","floor":43},{"not_picked":["hexamod:ExtraCrispy","hexamod:SpectersWail+1"],"picked":"hexamod:RainOfEmbers+1","floor":44},{"not_picked":["hexamod:GhostShield+1","hexamod:Again+1"],"picked":"hexamod:ShieldOfDarkness+1","floor":45},{"not_picked":["hexamod:GhostShield+1","hexamod:Hexaguard+1"],"picked":"hexamod:EmpoweredFlame","floor":46},{"not_picked":["hexamod:FastForward+1","hexamod:PhantomCloak"],"picked":"hexamod:SecondSeal","floor":48},{"not_picked":["hexamod:NightmareStrike+1","hexamod:ChargedBarrage+1"],"picked":"hexamod:SixthSeal","floor":49}],"player_experience":370881,"relics_obtained":[{"floor":7,"key":"Simple Rune"},{"floor":10,"key":"PreservedInsect"},{"floor":20,"key":"Tiny Chest"},{"floor":24,"key":"Gremlin Food"},{"floor":24,"key":"Replay:Accelerometer"},{"floor":27,"key":"Molten Egg 2"},{"floor":37,"key":"CeramicFish"},{"floor":39,"key":"Dream Catcher"},{"floor":41,"key":"Toxic Egg 2"},{"floor":42,"key":"FossilizedHelix"}],"event_choices":[{"damage_healed":17,"gold_gain":0,"player_choice":"Healed and dodged fight","damage_taken":0,"max_hp_gain":0,"max_hp_loss":0,"event_name":"Mushrooms","floor":13,"gold_loss":0,"cards_obtained":["Parasite"]},{"cards_removed":["Mayhem"],"damage_healed":0,"gold_gain":0,"player_choice":"Take \u0026 Give","damage_taken":0,"max_hp_gain":0,"max_hp_loss":0,"event_name":"betterNote:BetterNote","floor":22,"gold_loss":0,"cards_obtained":["Magnetism"]},{"damage_healed":0,"gold_gain":0,"player_choice":" Idol Vial Potion ","damage_taken":89,"relics_obtained":["Bloody Idol","Blood Vial"],"max_hp_gain":89,"max_hp_loss":3,"event_name":"betterAltar:BetterAltar","floor":29,"potions_obtained":["betterAltar:AltarPotion"],"relics_lost":[],"gold_loss":0},{"damage_healed":0,"gold_gain":0,"cards_transformed":["hexamod:Defend"],"player_choice":"Transformed","damage_taken":0,"max_hp_gain":0,"max_hp_loss":0,"event_name":"Transmorgrifier","floor":47,"gold_loss":0,"cards_obtained":["hexamod:HeatShield"]}],"is_beta":false,"boss_relics":[{"not_picked":["Snecko Eye","Kintsugi"],"picked":"ChewingGum"},{"not_picked":["Pandora\u0027s Box","Velvet Choker"],"picked":"Fusion Hammer"}],"items_purged_floors":[28,28],"is_endless":false,"potions_floor_spawned":[4,14,15,16,20,23,26,27,33,42,46],"ascension_level":0}}