{"host":"7al4aiicz9n8t8fq","time":1608264562,"event":{"mods":["2.2 Compatiblity","Act Like it!","BaseMod","Downfall","Duelist Mod","GifTheSpireLib","Minty Spire (QoL Compilation)","Rare Cards Sparkle","Replay The Spire","StSLib","The Animator","The Bug Knight","The Necromancer"],"gold_per_floor":[118,118,393,407,432,432,432],"floor_reached":6,"playtime":179,"items_purged":[],"score":38,"play_id":"9b944a3a-b0a9-43ee-9277-ac35eeea64cf","local_time":"20201217210922","is_ascension_mode":true,"campfire_choices":[],"circlet_count":0,"master_deck":["animator:Strike_MadokaMagica","animator:Defend_MadokaMagica","animator:Strike","animator:Strike","animator:Strike","animator:Defend","animator:Defend","animator:IrohaTamaki","animator:YuiTsuruno","animator:YuiTsuruno","animator:Shichika+1","Regret","animator:LizardPriest","animator:Aqua"],"relics":["animator:LivingPicture","animator:TheMissingPiece","NeowsBlessing"],"acts_visited":["Exordium"],"potions_floor_usage":[],"damage_taken":[{"damage":0,"enemies":"Small Slimes","floor":1,"turns":1},{"damage":0,"enemies":"2 Louse","floor":4,"turns":1},{"damage":0,"enemies":"Cultist","floor":5,"turns":1},{"damage":68,"enemies":"Gremlin Nob","floor":6,"turns":6}],"seed_played":"3635032481717407282","potions_obtained":[{"floor":4,"key":"Explosive Potion"}],"is_trial":false,"path_per_floor":["M","?","?","M","M","E"],"character_chosen":"THE_ANIMATOR","items_purchased":[],"campfire_rested":0,"item_purchase_floors":[],"current_hp_per_floor":[66,66,66,66,66,0,0],"gold":432,"neow_bonus":"THREE_ENEMY_KILL","is_daily":false,"chose_seed":false,"campfire_upgraded":0,"win_rate":0.0,"timestamp":1608264562,"path_taken":["M","?","?","?","M","E"],"items_purchased_type":[],"build_version":"2020-12-13","purchased_purges":0,"victory":false,"max_hp_per_floor":[66,66,66,66,66,66,66],"card_choices":[{"not_picked":["animator:Priestess","animator:MamiTomoe"],"picked":"animator:YuiTsuruno","floor":1},{"not_picked":["animator:OrikoMikuni","animator:ZankiKiguchi"],"picked":"animator:LizardPriest","floor":4},{"not_picked":["animator:Azekura","animator:Hitei"],"picked":"animator:Aqua","floor":5}],"player_experience":1120978,"relics_obtained":[],"event_choices":[{"damage_healed":0,"gold_gain":275,"player_choice":"Desecrate","damage_taken":0,"max_hp_gain":0,"max_hp_loss":0,"event_name":"Golden Shrine","floor":3,"gold_loss":0,"cards_obtained":["Regret"]}],"is_beta":false,"boss_relics":[],"items_purged_floors":[],"is_endless":false,"potions_floor_spawned":[4],"killed_by":"Gremlin Nob","ascension_level":1}}