{"host":"3h4noqcu0mfg0f0b","time":1608328994,"event":{"mods":["BaseMod","Better Note","Better Sensory Stone","Better Skull","Better Third Choice","Better Vampires","Downfall-Rebalance","Emptier Cage","Minty Spire (QoL Compilation)","Permanent Neow","StSLib"],"gold_per_floor":[163,143,163,338,338,338,377,377,377,413,413,451,451,411,411,542,542,557,557,578,578,603,603,603],"floor_reached":23,"playtime":1514,"items_purged":[],"score":251,"play_id":"cf41ed0c-4206-4775-93f1-4897a51a39c1","local_time":"20201218140314","is_ascension_mode":true,"campfire_choices":[{"data":"Neutralize","floor":6.0,"key":"SMITH"},{"data":"Infinite Blades","floor":11.0,"key":"SMITH"},{"floor":15.0,"key":"REST"}],"circlet_count":0,"master_deck":["Strike_G","Strike_G","Strike_G","Strike_G+1","Strike_G+1","Defend_G+1","Defend_G","Defend_G","Defend_G","Defend_G+1","Survivor+1","Neutralize+1","Backstab","Dagger Spray","Quick Slash","Well Laid Plans","Infinite Blades+1","After Image+1","Poisoned Stab+1","Cloak And Dagger","Ghostly","Ghostly","Ghostly","Ghostly","Ghostly","Infinite Blades+1"],"relics":["Tiny House","Golden Idol","Whetstone","Pen Nib","War Paint","Frozen Egg 2","betterThird:SlimedRelic","Black Star","betterThird:NestCultRelic"],"acts_visited":["Exordium","TheCity"],"potions_floor_usage":[22],"damage_taken":[{"damage":3.0,"enemies":"2 Louse","floor":1.0,"turns":4.0},{"damage":1.0,"enemies":"Cultist","floor":3.0,"turns":4.0},{"damage":17.0,"enemies":"Lagavulin","floor":7.0,"turns":8.0},{"damage":14.0,"enemies":"3 Sentries","floor":10.0,"turns":9.0},{"damage":11.0,"enemies":"Gremlin Nob","floor":12.0,"turns":4.0},{"damage":8.0,"enemies":"The Guardian","floor":16.0,"turns":15.0},{"damage":19.0,"enemies":"2 Thieves","floor":18.0,"turns":4.0},{"damage":18,"enemies":"Spheric Guardian","floor":20,"turns":5},{"damage":14,"enemies":"Centurion and Healer","floor":22,"turns":8},{"damage":30,"enemies":"Slavers","floor":23,"turns":2}],"seed_played":"3646460107103587025","potions_obtained":[{"floor":0.0,"key":"GamblersBrew"},{"floor":2.0,"key":"BlessingOfTheForge"},{"floor":3.0,"key":"Weak Potion"},{"floor":7.0,"key":"CunningPotion"},{"floor":20,"key":"sneckomod:MuddlingPotion"}],"is_trial":false,"path_per_floor":["M","?","M","?","?","R","E","?","T","E","R","E","?","?","R","B",null,"M","?","M","?","M","E"],"character_chosen":"THE_SILENT","items_purchased":[],"campfire_rested":1,"item_purchase_floors":[],"current_hp_per_floor":[72,72,71,71,53,53,36,41,41,27,27,16,16,5,29,21,80,61,61,43,40,26,0,0],"gold":603,"neow_bonus":"BOSS_RELIC","is_daily":false,"chose_seed":false,"campfire_upgraded":2,"win_rate":0.0,"timestamp":1608328994,"path_taken":["M","?","?","?","?","R","E","?","T","E","R","E","?","?","R","BOSS","M","?","M","?","M","E"],"items_purchased_type":[],"build_version":"2020-12-13","purchased_purges":0,"victory":false,"max_hp_per_floor":[75,75,75,75,75,75,75,80,80,80,80,80,80,80,80,80,80,80,80,80,40,40,40,40],"card_choices":[{"not_picked":["Acrobatics","Flying Knee"],"picked":"Backstab","floor":0.0},{"not_picked":["Masterful Stab","Quick Slash"],"picked":"Dagger Spray","floor":1.0},{"not_picked":["Dagger Throw","Escape Plan"],"picked":"Quick Slash","floor":3.0},{"not_picked":["Dodge and Roll","Acrobatics"],"picked":"Well Laid Plans","floor":7.0},{"not_picked":["Glass Knife","Accuracy"],"picked":"Infinite Blades","floor":10.0},{"not_picked":["Flechettes","Expertise","Flying Knee"],"picked":"SKIP","floor":12.0},{"not_picked":["Doppelganger","Glass Knife"],"picked":"After Image+1","floor":16.0},{"not_picked":["Sucker Punch","Tactician"],"picked":"Poisoned Stab+1","floor":18.0},{"not_picked":["Deflect","All Out Attack+1"],"picked":"Cloak And Dagger","floor":20},{"not_picked":["Quick Slash","Masterful Stab"],"picked":"Infinite Blades+1","floor":22}],"player_experience":169124,"relics_obtained":[{"floor":7.0,"key":"Whetstone"},{"floor":9.0,"key":"Pen Nib"},{"floor":10.0,"key":"War Paint"},{"floor":12.0,"key":"Frozen Egg 2"}],"event_choices":[{"damage_healed":0.0,"max_hp_gain":0.0,"max_hp_loss":0.0,"gold_gain":0.0,"event_name":"The Woman in Blue","player_choice":"Bought 1 Potion","floor":2.0,"gold_loss":0.0,"damage_taken":0.0},{"damage_healed":0.0,"max_hp_gain":0.0,"max_hp_loss":0.0,"gold_gain":175.0,"event_name":"betterThird:BetterSerpent","player_choice":"AGREE","floor":4.0,"gold_loss":0.0,"damage_taken":163.0},{"damage_healed":0.0,"max_hp_gain":0.0,"max_hp_loss":0.0,"gold_gain":0.0,"event_name":"Golden Idol","player_choice":"Take Damage","floor":5.0,"gold_loss":0.0,"damage_taken":18.0,"relics_obtained":["Golden Idol"]},{"damage_healed":0.0,"max_hp_gain":5.0,"max_hp_loss":0.0,"gold_gain":0.0,"event_name":"Big Fish","player_choice":"Donut","floor":8.0,"gold_loss":0.0,"damage_taken":0.0},{"cards_removed":["Doubt"],"damage_healed":0.0,"max_hp_gain":0.0,"max_hp_loss":0.0,"gold_gain":0.0,"event_name":"Living Wall","player_choice":"Forget","floor":13.0,"gold_loss":0.0,"damage_taken":0.0},{"damage_healed":0.0,"max_hp_gain":0.0,"max_hp_loss":0.0,"gold_gain":0.0,"event_name":"betterThird:BetterGoop","player_choice":"Slimed","floor":14.0,"gold_loss":40.0,"damage_taken":11.0},{"damage_healed":0,"gold_gain":0,"player_choice":"Madness","damage_taken":0,"relics_obtained":["betterThird:NestCultRelic"],"max_hp_gain":0,"max_hp_loss":0,"event_name":"betterThird:BetterNest","floor":19,"gold_loss":0},{"damage_healed":0,"gold_gain":0,"player_choice":"Became a Ghost","damage_taken":0,"max_hp_gain":0,"max_hp_loss":40,"event_name":"Ghosts","floor":21,"gold_loss":0,"cards_obtained":["Ghostly","Ghostly","Ghostly","Ghostly","Ghostly"]}],"is_beta":false,"boss_relics":[{"not_picked":["Runic Dome","Velvet Choker"],"picked":"Black Star"}],"items_purged_floors":[],"is_endless":false,"potions_floor_spawned":[3,7,20],"killed_by":"Slavers","ascension_level":2}}