{"host":"uc9rcmnrswh1l0kc","time":1608324383,"event":{"mods":["2.2 Compatiblity","A Magickal Journey","Aspiration","BaseMod","Bestiary","Better Altar","Better Third Choice","BetterRewards","Block Reminder","Colorless Booster Pack","Conspire","Defective Defect","Defuse TimeMaze Blight","Displayed Cursed Tome","Ekko","Energized Spire","GifTheSpireLib","Infinite Spire","Ironclad Rager","Minty Spire (QoL Compilation)","Rare Cards Sparkle","Red Circlet Mod","Relic Stats","Replay The Spire","SacredBarkPlus","Shop Mod","Spicy Shops","StSLib","Stuff the Spire","The Blackbeard","The Bladedancer","The Blue Laboratory","The Death Knight","The Edgeheg","The Necromancer","Uncapped","Watcher Patcher","everything is the same but u backflip on backflip","vexMod"],"gold_per_floor":[113,113,113,128,145,145,165,165,165,64,92,106,125,153,153,258,258,273,243,243],"floor_reached":19,"playtime":732,"items_purged":["Regret"],"score":179,"play_id":"fa9c6d7d-f3e5-4a59-99e5-3c5035fe9858","local_time":"20201218154623","is_ascension_mode":false,"campfire_choices":[{"data":"blademaster:RagingBlow","floor":6,"key":"SMITH"},{"data":"blademaster:DeadlyDance","floor":8,"key":"SMITH"},{"floor":15,"key":"REST"}],"circlet_count":0,"master_deck":["blademaster:Strike","blademaster:Strike","blademaster:Strike","blademaster:Strike","blademaster:Defend","blademaster:Defend","blademaster:Defend","blademaster:Defend","blademaster:RagingBlow+1","blademaster:HighVoltage","blademaster:DeadlyDance+1","blademaster:ColdBlood","blademaster:Reversal","blademaster:ThreePointStrike","blademaster:Stability","blademaster:DancingEdge","blademaster:AspectOfWind","blademaster:DragonStrike","blademaster:LightningDraw","blademaster:AspectOfWind"],"relics":["blademaster:DancersAmulet","NeowsBlessing","StuffTheSpire:RedRose","conspire:GiftBox","Quantum Egg","Divine Protection","StuffTheSpire:Kangaroo"],"acts_visited":["Exordium","TheCity"],"potions_floor_usage":[14],"damage_taken":[{"damage":0,"enemies":"Cultist","floor":1,"turns":1},{"damage":0,"enemies":"Jaw Worm","floor":4,"turns":1},{"damage":2,"enemies":"conspire:RoseBush","floor":5,"turns":1},{"damage":2,"enemies":"Looter","floor":7,"turns":4},{"damage":24,"enemies":"Lagavulin","floor":11,"turns":6},{"damage":2,"enemies":"Exordium Wildlife","floor":12,"turns":3},{"damage":7,"enemies":"Blue Slaver","floor":13,"turns":3},{"damage":16,"enemies":"Gremlin Nob","floor":14,"turns":4},{"damage":15,"enemies":"The Guardian","floor":16,"turns":8},{"damage":7,"enemies":"Chosen","floor":18,"turns":5},{"damage":12,"enemies":"2 Thieves","floor":19,"turns":2}],"seed_played":"-6508784268956303317","potions_obtained":[{"floor":7,"key":"Doom Potion"},{"floor":14,"key":"blueLaboratory:BottleOfRum"}],"is_trial":false,"path_per_floor":["M","?","?","M","M","R","M","R","T","$","E","M","M","E","R","B",null,"M","M"],"character_chosen":"THE_BLADEMASTER","items_purchased":["blademaster:Stability"],"campfire_rested":1,"item_purchase_floors":[10],"current_hp_per_floor":[75,75,75,75,73,73,71,71,71,71,47,45,38,22,44,29,75,68,56,56],"gold":243,"neow_bonus":"THREE_ENEMY_KILL","is_daily":false,"chose_seed":false,"campfire_upgraded":2,"win_rate":0.0,"timestamp":1608324383,"path_taken":["M","?","?","M","?","R","?","R","T","$","E","M","M","E","R","BOSS","M","M"],"items_purchased_type":["Card"],"build_version":"2020-12-13","purchased_purges":1,"victory":false,"max_hp_per_floor":[75,75,75,75,75,75,75,75,75,75,75,75,75,75,75,75,75,75,75,75],"relic_stats":{"counters":[11,38],"obtain_stats":[{"Divine Protection":14,"conspire:GiftBox":9,"NeowsBlessing":0,"Quantum Egg":11,"blademaster:BonusFuryPerk":14,"blademaster:LightningChargePerk":11,"StuffTheSpire:Kangaroo":17,"blademaster:DancersAmulet":0,"StuffTheSpire:RedRose":2},{"Divine Protection":8,"conspire:GiftBox":4,"NeowsBlessing":0,"Quantum Egg":5,"blademaster:BonusFuryPerk":8,"blademaster:LightningChargePerk":5,"StuffTheSpire:Kangaroo":9,"blademaster:DancersAmulet":0,"StuffTheSpire:RedRose":1},{"Divine Protection":23,"conspire:GiftBox":7,"NeowsBlessing":0,"Quantum Egg":13,"blademaster:BonusFuryPerk":23,"blademaster:LightningChargePerk":13,"StuffTheSpire:Kangaroo":31,"blademaster:DancersAmulet":0,"StuffTheSpire:RedRose":1}]},"card_choices":[{"not_picked":["blademaster:BladeMastery","blademaster:Sharpen"],"picked":"blademaster:DeadlyDance","floor":1},{"not_picked":["blademaster:Sunder","blademaster:ParryingStrike"],"picked":"blademaster:ColdBlood","floor":4},{"not_picked":["blademaster:EyeOfTheTornado","blademaster:Momentum"],"picked":"blademaster:Reversal","floor":5},{"not_picked":["blademaster:Sunder","blademaster:Flurry","blademaster:CullingStrike"],"picked":"SKIP","floor":7},{"not_picked":["blademaster:StanceMastery","blademaster:BladeDance"],"picked":"blademaster:ThreePointStrike","floor":9},{"not_picked":["blademaster:Frenzy","blademaster:BrainBloom"],"picked":"blademaster:DancingEdge","floor":11},{"not_picked":["blademaster:Reversal","blademaster:TraverseCut","blademaster:DaggerAndCloak"],"picked":"SKIP","floor":12},{"not_picked":["blademaster:Slice","blademaster:EyeOfTheTornado"],"picked":"blademaster:AspectOfWind","floor":13},{"not_picked":["blademaster:DaggerAndCloak","blademaster:FuriousStrike"],"picked":"blademaster:DragonStrike","floor":14},{"not_picked":["blademaster:BladeDance","blademaster:StanceMastery"],"picked":"blademaster:LightningDraw","floor":16},{"not_picked":["blademaster:Thrust","blademaster:ThunderSlash"],"picked":"blademaster:AspectOfWind","floor":18}],"player_experience":433802,"relics_obtained":[{"floor":9,"key":"conspire:GiftBox"},{"floor":11,"key":"Quantum Egg"},{"floor":11,"key":"blademaster:LightningChargePerk"},{"floor":14,"key":"Divine Protection"},{"floor":14,"key":"blademaster:BonusFuryPerk"}],"event_choices":[{"cards_removed":["A Thousand Cuts"],"damage_healed":0,"gold_gain":0,"player_choice":"Took Card","damage_taken":0,"max_hp_gain":0,"max_hp_loss":0,"event_name":"NoteForYourself","floor":3,"gold_loss":0,"cards_obtained":["A Thousand Cuts"]}],"is_beta":false,"boss_relics":[{"not_picked":["Tiny House","Ring of Chaos"],"picked":"StuffTheSpire:Kangaroo"}],"items_purged_floors":[10],"is_endless":false,"potions_floor_spawned":[7,14],"killed_by":"2 Thieves","ascension_level":0}}