{"host":"y76clbnovzmw9ubx","time":1608302707,"event":{"mods":["AchievementEnabler","BaseMod","Minty Spire (QoL Compilation)","Permanent Neow","Relic Stats"],"gold_per_floor":[367,53,53,63,79,79,107,121,147,147,159,188,188,188,188,259,259,276,19,31,31,46,46,46],"floor_reached":23,"playtime":1463,"items_purged":["Strike_B","Strike_B"],"score":402,"play_id":"d05e418b-0867-46eb-99ee-5732a0143bc4","local_time":"20201218094507","is_ascension_mode":true,"campfire_choices":[{"data":"Defragment","floor":6,"key":"SMITH"},{"floor":10,"key":"REST"},{"floor":13,"key":"REST"},{"data":"Coolheaded","floor":15,"key":"SMITH"}],"circlet_count":0,"master_deck":["AscendersBane","Strike_B+1","Strike_B+1","Defend_B","Defend_B","Defend_B","Defend_B","Zap","Dualcast","Auto Shields","Defragment+1","Force Field","Glacier","Skim","Loop+1","Coolheaded+1","Cold Snap","Machine Learning","Capacitor","Self Repair","Compile Driver","Decay","Ball Lightning"],"relics":["Cracked Core","Runic Capacitor","Boot","Orichalcum","Whetstone","Coffee Dripper"],"acts_visited":["Exordium","TheCity"],"potions_floor_usage":[8,12,18,20,22],"damage_taken":[{"damage":2,"enemies":"Jaw Worm","floor":1,"turns":5},{"damage":3,"enemies":"2 Louse","floor":4,"turns":4},{"damage":0,"enemies":"Small Slimes","floor":5,"turns":4},{"damage":10,"enemies":"3 Sentries","floor":7,"turns":12},{"damage":39,"enemies":"Gremlin Gang","floor":8,"turns":11},{"damage":3,"enemies":"Blue Slaver","floor":11,"turns":4},{"damage":10,"enemies":"Gremlin Nob","floor":12,"turns":4},{"damage":15,"enemies":"Slime Boss","floor":16,"turns":15},{"damage":2,"enemies":"Shell Parasite","floor":18,"turns":7},{"damage":8,"enemies":"3 Byrds","floor":20,"turns":7},{"damage":28,"enemies":"3 Cultists","floor":22,"turns":9},{"damage":29,"enemies":"Gremlin Leader","floor":23,"turns":2}],"seed_played":"-8432257316385948983","potions_obtained":[{"floor":4,"key":"Weak Potion"},{"floor":8,"key":"PowerPotion"},{"floor":16,"key":"ColorlessPotion"},{"floor":18,"key":"SpeedPotion"}],"is_trial":false,"path_per_floor":["M","$","?","M","M","R","E","M","T","R","M","E","R","?","R","B",null,"M","$","M","?","M","E"],"character_chosen":"DEFECT","items_purchased":["Defragment","Runic Capacitor","Self Repair","Weak Potion","Compile Driver"],"campfire_rested":2,"item_purchase_floors":[2,2,19,19,19],"current_hp_per_floor":[62,62,62,59,59,59,49,10,10,29,26,16,35,35,35,20,53,51,51,50,50,29,0,0],"gold":46,"neow_bonus":"TWO_FIFTY_GOLD","is_daily":false,"chose_seed":false,"campfire_upgraded":2,"win_rate":0.0,"timestamp":1608302707,"path_taken":["M","$","?","M","M","R","E","M","T","R","M","E","R","?","R","BOSS","M","$","M","?","M","E"],"items_purchased_type":["Card","Relic","Card","Potion","Card"],"build_version":"2020-12-13","purchased_purges":2,"victory":false,"max_hp_per_floor":[64,64,64,64,64,64,64,64,64,64,64,64,64,64,64,64,64,64,64,64,64,64,64,64],"relic_stats":{"counters":[12,84],"Whetstone":["Strike_B","Strike_B"],"Orichalcum":[72],"Boot":[27],"obtain_stats":[{"Runic Capacitor":2,"Coffee Dripper":17,"Whetstone":12,"Orichalcum":9,"Cracked Core":0,"Boot":7},{"Runic Capacitor":1,"Coffee Dripper":8,"Whetstone":7,"Orichalcum":5,"Cracked Core":0,"Boot":4},{"Runic Capacitor":5,"Coffee Dripper":59,"Whetstone":44,"Orichalcum":36,"Cracked Core":0,"Boot":25}]},"card_choices":[{"not_picked":["Redo","Turbo"],"picked":"Auto Shields","floor":1},{"not_picked":["Aggregate","Gash"],"picked":"Force Field","floor":4},{"not_picked":["Lockon","Doom and Gloom"],"picked":"Glacier","floor":5},{"not_picked":["Beam Cell","Scrape"],"picked":"Skim","floor":7},{"not_picked":["Chaos","Go for the Eyes"],"picked":"Loop","floor":8},{"not_picked":["Conserve Battery","Go for the Eyes"],"picked":"Coolheaded","floor":11},{"not_picked":["Rebound","Hyperbeam"],"picked":"Cold Snap","floor":12},{"not_picked":["Thunder Strike","Hyperbeam"],"picked":"Machine Learning","floor":16},{"not_picked":["Ball Lightning","Steam"],"picked":"Capacitor","floor":18},{"not_picked":["Reprogram+1","Coolheaded","Doom and Gloom"],"picked":"SKIP","floor":20},{"not_picked":["Doom and Gloom","Rebound"],"picked":"Ball Lightning","floor":22}],"player_experience":2899942,"relics_obtained":[{"floor":7,"key":"Boot"},{"floor":9,"key":"Orichalcum"},{"floor":12,"key":"Whetstone"}],"event_choices":[{"damage_healed":0,"gold_gain":0,"player_choice":"Ignored","damage_taken":0,"max_hp_gain":0,"max_hp_loss":0,"event_name":"Liars Game","floor":3,"gold_loss":0},{"damage_healed":0,"gold_gain":0,"player_choice":"Grow","damage_taken":0,"max_hp_gain":0,"max_hp_loss":0,"event_name":"Living Wall","floor":14,"gold_loss":0,"cards_upgraded":["Loop"]},{"damage_healed":0,"gold_gain":0,"player_choice":"Smashed Altar","damage_taken":0,"max_hp_gain":0,"max_hp_loss":0,"event_name":"Forgotten Altar","floor":21,"gold_loss":0,"cards_obtained":["Decay"]}],"is_beta":false,"boss_relics":[{"not_picked":["SacredBark","Inserter"],"picked":"Coffee Dripper"}],"items_purged_floors":[2,19],"is_endless":false,"potions_floor_spawned":[4,8,16,18],"killed_by":"Gremlin Leader","ascension_level":20}}