{"host":"agbyy69nq62afhwx","time":1608328434,"event":{"mods":["BaseMod","Colored Map","Highlight Path","Keyboard Shortcuts","Minty Spire (QoL Compilation)","Quick Restart","StSLib","SuperFastMode","everything is the same but u backflip on backflip"],"gold_per_floor":[115,115,131,143,68,68,95,111,111,127,9,19,19,50,50,148,148,158,168,187,12,29,29,42,58,58,75,87,37,50,50,50,149,149,159,171,226,226,226,226,256,256,281,281,295,322,47,47,47,47],"floor_reached":51,"playtime":1822,"items_purged":["Strike_B","Strike_B","Strike_B"],"score":781,"play_id":"1b384c35-b810-429d-a0af-02d152fa99d8","local_time":"20201219065354","is_ascension_mode":true,"campfire_choices":[{"data":"Defragment","floor":6.0,"key":"SMITH"},{"data":"Sunder","floor":13.0,"key":"SMITH"},{"data":"Double Energy","floor":15.0,"key":"SMITH"},{"data":"Defragment","floor":23.0,"key":"SMITH"},{"floor":32.0,"key":"REST"},{"data":"Seek","floor":40.0,"key":"SMITH"},{"data":"Defragment","floor":44.0,"key":"SMITH"},{"floor":49.0,"key":"REST"}],"circlet_count":0,"master_deck":["Defend_B","Defend_B","Defend_B","Defend_B","Zap","Dualcast","Coolheaded","Defragment+1","Reboot","Double Energy+1","Sunder+1","Skim","Conserve Battery","Flash of Steel","Recycle","Seek+1","Storm+1","Defragment+1","Double Energy+1","Self Repair","Capacitor","Necronomicurse","Amplify","Defragment+1","White Noise+1","Flash of Steel"],"relics":["Cracked Core","Art of War","Bag of Marbles","Singing Bowl","Sozu","Mercury Hourglass","Necronomicon","Thread and Needle","CaptainsWheel","Bag of Preparation","Du-Vu Doll","DataDisk"],"acts_visited":["Exordium","TheCity","TheBeyond"],"potions_floor_usage":[50,50],"damage_taken":[{"damage":9.0,"enemies":"2 Louse","floor":1.0,"turns":2.0},{"damage":0.0,"enemies":"Small Slimes","floor":3.0,"turns":3.0},{"damage":0.0,"enemies":"Cultist","floor":4.0,"turns":4.0},{"damage":12.0,"enemies":"3 Sentries","floor":7.0,"turns":8.0},{"damage":9.0,"enemies":"Exordium Thugs","floor":8.0,"turns":5.0},{"damage":0.0,"enemies":"3 Louse","floor":10.0,"turns":2.0},{"damage":12.0,"enemies":"Large Slime","floor":12.0,"turns":3.0},{"damage":0.0,"enemies":"Lagavulin","floor":14.0,"turns":7.0},{"damage":15.0,"enemies":"Slime Boss","floor":16.0,"turns":10.0},{"damage":0.0,"enemies":"Chosen","floor":18.0,"turns":3.0},{"damage":19.0,"enemies":"Spheric Guardian","floor":19.0,"turns":4.0},{"damage":11.0,"enemies":"Chosen and Byrds","floor":20.0,"turns":4.0},{"damage":14.0,"enemies":"Snake Plant","floor":22.0,"turns":4.0},{"damage":3.0,"enemies":"Centurion and Healer","floor":24.0,"turns":6.0},{"damage":5.0,"enemies":"Chosen and Byrds","floor":25.0,"turns":3.0},{"damage":0.0,"enemies":"Cultist and Chosen","floor":27.0,"turns":5.0},{"damage":0.0,"enemies":"Snecko","floor":28.0,"turns":3.0},{"damage":3.0,"enemies":"Centurion and Healer","floor":30.0,"turns":4.0},{"damage":32.0,"enemies":"Automaton","floor":33.0,"turns":9.0},{"damage":5.0,"enemies":"Orb Walker","floor":35.0,"turns":2.0},{"damage":21.0,"enemies":"3 Darklings","floor":36.0,"turns":3.0},{"damage":10.0,"enemies":"2 Orb Walkers","floor":37.0,"turns":2.0},{"damage":35.0,"enemies":"Reptomancer","floor":41.0,"turns":6.0},{"damage":2.0,"enemies":"Spire Growth","floor":45.0,"turns":3.0},{"damage":25.0,"enemies":"Giant Head","floor":46.0,"turns":7.0},{"damage":83,"enemies":"Awakened One","floor":50,"turns":8}],"seed_played":"494579313095946264","potions_obtained":[{"floor":3.0,"key":"SpeedPotion"},{"floor":4.0,"key":"Explosive Potion"},{"floor":7.0,"key":"DuplicationPotion"},{"floor":12.0,"key":"Swift Potion"}],"is_trial":false,"path_per_floor":["M","?","M","M","$","R","E","M","T","M","$","M","R","E","R","B",null,"M","M","M","$","M","R","M","M","T","M","M","?","M","?","R","B",null,"M","M","?","?","?","R","E","?","T","R","M","E","$","?","R","B",null],"character_chosen":"DEFECT","items_purchased":["Conserve Battery","Flash of Steel","Defragment","DataDisk"],"campfire_rested":2,"item_purchase_floors":[11,11,21,47],"current_hp_per_floor":[73,66,66,66,66,66,54,45,45,45,45,33,33,33,33,18,82,84,65,56,56,44,44,41,38,38,38,45,45,51,35,62,37,92,89,77,69,69,69,69,41,81,81,81,83,65,65,59,85,2],"gold":47,"neow_bonus":"TEN_PERCENT_HP_BONUS","is_daily":false,"chose_seed":false,"campfire_upgraded":6,"win_rate":0.0,"timestamp":1608328434,"path_taken":["M","?","M","M","$","R","E","M","T","M","$","M","R","E","R","BOSS","M","M","M","$","M","R","M","M","T","M","M","?","?","?","R","BOSS","M","M","?","?","?","R","E","?","T","R","M","E","$","?","R","BOSS"],"items_purchased_type":["Card","Card","Card","Relic"],"build_version":"2020-12-13","purchased_purges":3,"victory":true,"max_hp_per_floor":[82,82,82,82,82,82,82,82,82,82,82,82,82,82,82,82,82,84,84,86,86,88,88,88,90,90,90,90,90,92,92,92,92,92,94,96,98,93,93,93,93,81,81,81,83,83,83,87,87,87],"card_choices":[{"not_picked":["Stack","Double Energy"],"picked":"Coolheaded","floor":1.0},{"not_picked":["Streamline","Conserve Battery"],"picked":"Defragment","floor":3.0},{"not_picked":["Aggregate","Ball Lightning"],"picked":"Reboot","floor":4.0},{"not_picked":["Consume","Lockon"],"picked":"Double Energy","floor":7.0},{"not_picked":["Compile Driver","Consume"],"picked":"Sunder","floor":8.0},{"not_picked":["Barrage","Scrape"],"picked":"Skim","floor":10.0},{"not_picked":["Consume","Conserve Battery","Streamline"],"picked":"SKIP","floor":12.0},{"not_picked":["Heatsinks","Darkness"],"picked":"Recycle","floor":14.0},{"not_picked":["Thunder Strike","Machine Learning"],"picked":"Seek","floor":16.0},{"not_picked":["Cold Snap","Leap","Loop"],"picked":"Singing Bowl","floor":18.0},{"not_picked":["Compile Driver","Aggregate"],"picked":"Storm+1","floor":19.0},{"not_picked":["Rebound","Coolheaded","Cold Snap"],"picked":"Singing Bowl","floor":20.0},{"not_picked":["Chaos","Fission","Rip and Tear+1"],"picked":"Singing Bowl","floor":22.0},{"not_picked":["Doom and Gloom","Beam Cell"],"picked":"Double Energy+1","floor":24.0},{"not_picked":["Beam Cell","FTL","Conserve Battery"],"picked":"Singing Bowl","floor":25.0},{"not_picked":["FTL","Cold Snap"],"picked":"Self Repair","floor":27.0},{"not_picked":["Sweeping Beam","Double Energy"],"picked":"Capacitor","floor":28.0},{"not_picked":["Auto Shields","Beam Cell+1","Cold Snap"],"picked":"Singing Bowl","floor":30.0},{"not_picked":["Core Surge","Machine Learning"],"picked":"Amplify","floor":33.0},{"not_picked":["Chill","Darkness","Recycle"],"picked":"Singing Bowl","floor":35.0},{"not_picked":["Streamline","Compile Driver","Double Energy"],"picked":"Singing Bowl","floor":36.0},{"not_picked":["Undo","Leap","Tempest"],"picked":"Singing Bowl","floor":37.0},{"not_picked":["Genetic Algorithm+1","Glacier+1"],"picked":"Defragment","floor":41.0},{"not_picked":["Barrage","Beam Cell+1","Conserve Battery+1"],"picked":"Singing Bowl","floor":45.0},{"not_picked":["Recycle+1","Chaos+1"],"picked":"White Noise+1","floor":46.0},{"not_picked":["Mind Blast","Purity","Impatience"],"picked":"Singing Bowl","floor":48.0},{"not_picked":["Swift Strike","Trip","Transmutation"],"picked":"Singing Bowl","floor":48.0},{"not_picked":["Apotheosis","Madness"],"picked":"Flash of Steel","floor":48.0}],"player_experience":319374,"relics_obtained":[{"floor":7.0,"key":"Art of War"},{"floor":9.0,"key":"Bag of Marbles"},{"floor":14.0,"key":"Singing Bowl"},{"floor":26.0,"key":"Mercury Hourglass"},{"floor":31.0,"key":"Necronomicon"},{"floor":37.0,"key":"Thread and Needle"},{"floor":41.0,"key":"CaptainsWheel"},{"floor":43.0,"key":"Bag of Preparation"},{"floor":46.0,"key":"Du-Vu Doll"}],"event_choices":[{"cards_removed":["Strike_B"],"damage_healed":0.0,"max_hp_gain":0.0,"max_hp_loss":0.0,"gold_gain":0.0,"event_name":"Golden Wing","player_choice":"Card Removal","floor":2.0,"gold_loss":0.0,"damage_taken":7.0},{"damage_healed":0.0,"max_hp_gain":0.0,"max_hp_loss":0.0,"gold_gain":0.0,"event_name":"The Joust","player_choice":"Bet on Owner","floor":29.0,"gold_loss":50.0,"damage_taken":0.0},{"damage_healed":0.0,"max_hp_gain":0.0,"max_hp_loss":0.0,"gold_gain":0.0,"event_name":"Cursed Tome","player_choice":"Obtained Book","floor":31.0,"gold_loss":0.0,"damage_taken":16.0},{"damage_healed":0.0,"max_hp_gain":0.0,"max_hp_loss":0.0,"gold_gain":0.0,"event_name":"Mysterious Sphere","player_choice":"Fight","floor":37.0,"gold_loss":0.0,"damage_taken":0.0},{"damage_healed":0.0,"max_hp_gain":0.0,"max_hp_loss":5.0,"gold_gain":0.0,"event_name":"Winding Halls","player_choice":"Max HP","floor":38.0,"gold_loss":0.0,"damage_taken":0.0},{"damage_healed":0.0,"max_hp_gain":0.0,"max_hp_loss":0.0,"gold_gain":0.0,"event_name":"Tomb of Lord Red Mask","player_choice":"Ignored","floor":39.0,"gold_loss":0.0,"damage_taken":0.0},{"damage_healed":81.0,"max_hp_gain":0.0,"max_hp_loss":12.0,"gold_gain":0.0,"event_name":"The Moai Head","player_choice":"Heal","floor":42.0,"gold_loss":0.0,"damage_taken":0.0},{"damage_healed":0.0,"max_hp_gain":0.0,"max_hp_loss":0.0,"gold_gain":0.0,"event_name":"SensoryStone","player_choice":"Memory 3","floor":48.0,"gold_loss":0.0,"damage_taken":10.0}],"is_beta":false,"boss_relics":[{"not_picked":["Fusion Hammer","Velvet Choker"],"picked":"Sozu"},{"not_picked":["Runic Dome","Philosopher\u0027s Stone","Calling Bell"]}],"items_purged_floors":[5,21,47],"is_endless":false,"potions_floor_spawned":[3,4,7,10,12,18,25,27,30,37,45,46],"ascension_level":1}}