{"host":"3jpwrwmmgyabjceh","time":1608299110,"event":{"mods":["AchievementEnabler","BaseMod","Colored Map","Colored Powertips","Highlight Path","Minty Spire (QoL Compilation)","StSLib"],"gold_per_floor":[111,127,202,1,1,1,14,14,14,28,28,68,83,101,101,230,230,244,18,41,41,89,89,127,127,154,179,202,245,258,258,258],"floor_reached":31,"playtime":1400,"items_purged":["Strike_B","Strike_B"],"score":319,"play_id":"a532622d-eeec-45d5-b106-b4c31be9bf6d","local_time":"20201218164510","is_ascension_mode":true,"campfire_choices":[{"data":"Steam","floor":6,"key":"SMITH"},{"data":"Buffer","floor":15,"key":"SMITH"},{"data":"Self Repair","floor":23,"key":"SMITH"},{"data":"Defragment","floor":25,"key":"SMITH"}],"circlet_count":0,"master_deck":["Strike_B","Strike_B","Defend_B","Defend_B","Defend_B","Defend_B","Zap+1","Dualcast","Steam+1","Gash","Go for the Eyes","Steam","Defragment+1","Injury","Buffer+1","Undo","Scrape","Self Repair+1","Leap","Defragment","Reprogram+1","Beam Cell","Steam+1","Beam Cell"],"relics":["FrozenCore","Bronze Scales","Golden Idol","Incense Burner","Blood Vial","Enchiridion","Singing Bowl","Regal Pillow","Art of War"],"acts_visited":["Exordium","TheCity"],"potions_floor_usage":[12,14,20,24,29,29,31],"damage_taken":[{"damage":1,"enemies":"2 Louse","floor":1,"turns":3},{"damage":2,"enemies":"Jaw Worm","floor":2,"turns":3},{"damage":0,"enemies":"Small Slimes","floor":7,"turns":3},{"damage":2,"enemies":"Exordium Thugs","floor":10,"turns":3},{"damage":7,"enemies":"Lagavulin","floor":12,"turns":6},{"damage":2,"enemies":"2 Fungi Beasts","floor":13,"turns":4},{"damage":0,"enemies":"Lots of Slimes","floor":14,"turns":3},{"damage":19,"enemies":"Hexaghost","floor":16,"turns":10},{"damage":1,"enemies":"Chosen","floor":18,"turns":6},{"damage":0,"enemies":"3 Byrds","floor":20,"turns":4},{"damage":14,"enemies":"Book of Stabbing","floor":24,"turns":6},{"damage":0,"enemies":"Centurion and Healer","floor":27,"turns":10},{"damage":14,"enemies":"Cultist and Chosen","floor":28,"turns":6},{"damage":65,"enemies":"Slavers","floor":29,"turns":9},{"damage":0,"enemies":"Chosen and Byrds","floor":30,"turns":9},{"damage":33,"enemies":"3 Cultists","floor":31,"turns":7}],"seed_played":"5497855845674291377","potions_obtained":[{"floor":1,"key":"BlessingOfTheForge"},{"floor":7,"key":"GamblersBrew"},{"floor":12,"key":"EssenceOfSteel"},{"floor":13,"key":"Weak Potion"},{"floor":18,"key":"EssenceOfSteel"},{"floor":28,"key":"PowerPotion"},{"floor":29,"key":"Strength Potion"},{"floor":30,"key":"Energy Potion"}],"is_trial":false,"path_per_floor":["M","M","?","$","?","R","M","?","T","M","?","E","M","M","R","B",null,"M","$","M","?","T","R","E","R","T","M","M","E","M","M"],"character_chosen":"DEFECT","items_purchased":["Gash","Go for the Eyes","Steam","Self Repair","Leap"],"campfire_rested":0,"item_purchase_floors":[4,4,4,19,19],"current_hp_per_floor":[74,72,61,61,58,58,58,58,58,56,61,54,54,56,56,39,80,79,79,80,64,64,64,62,62,62,74,72,19,31,0,0],"gold":258,"neow_bonus":"UPGRADE_CARD","is_daily":false,"chose_seed":false,"campfire_upgraded":4,"win_rate":0.0,"timestamp":1608299110,"path_taken":["M","M","?","$","?","R","M","?","T","M","?","E","?","M","R","BOSS","M","$","M","?","?","R","E","R","T","M","?","E","M","?"],"items_purchased_type":["Card","Card","Card","Card","Card"],"build_version":"2020-12-13","purchased_purges":2,"victory":false,"max_hp_per_floor":[75,75,75,75,75,75,75,75,75,75,80,80,80,80,80,80,80,80,80,80,80,80,80,80,80,80,80,80,80,80,80,80],"card_choices":[{"not_picked":["Steam Power","Stack","Rebound"],"picked":"SKIP","floor":1},{"not_picked":["Rip and Tear","Compile Driver"],"picked":"Steam","floor":2},{"not_picked":["Hologram","Go for the Eyes"],"picked":"Defragment","floor":7},{"not_picked":["Hello World","Recycle"],"picked":"Buffer","floor":10},{"not_picked":["Rip and Tear","Chaos"],"picked":"Undo","floor":12},{"not_picked":["Fusion","Storm","Heatsinks"],"picked":"SKIP","floor":13},{"not_picked":["Static Discharge","Loop"],"picked":"Scrape","floor":14},{"not_picked":["Turbo","Compile Driver","Ball Lightning"],"picked":"SKIP","floor":18},{"not_picked":["Loop","Tempest","Chaos+1"],"picked":"SKIP","floor":20},{"not_picked":["Double Energy","All For One"],"picked":"Defragment","floor":24},{"not_picked":["Go for the Eyes","Redo+1"],"picked":"Reprogram+1","floor":27},{"not_picked":["Scrape+1","Chaos"],"picked":"Beam Cell","floor":28},{"not_picked":["Compile Driver+1","Machine Learning"],"picked":"Steam+1","floor":29},{"not_picked":["Blizzard","Chill+1"],"picked":"Beam Cell","floor":30}],"player_experience":218467,"relics_obtained":[{"floor":9,"key":"Incense Burner"},{"floor":12,"key":"Blood Vial"},{"floor":21,"key":"Enchiridion"},{"floor":24,"key":"Singing Bowl"},{"floor":26,"key":"Regal Pillow"},{"floor":29,"key":"Art of War"}],"event_choices":[{"damage_healed":0,"gold_gain":75,"player_choice":"Gather Gold","damage_taken":11,"max_hp_gain":0,"max_hp_loss":0,"event_name":"World of Goop","floor":3,"gold_loss":0},{"damage_healed":0,"gold_gain":0,"player_choice":"Success","damage_taken":3,"relics_obtained":["Bronze Scales"],"max_hp_gain":0,"max_hp_loss":0,"event_name":"Scrap Ooze","floor":5,"gold_loss":0},{"damage_healed":0,"gold_gain":0,"player_choice":"Take Wound","damage_taken":0,"relics_obtained":["Golden Idol"],"max_hp_gain":0,"max_hp_loss":0,"event_name":"Golden Idol","floor":8,"gold_loss":0,"cards_obtained":["Injury"]},{"damage_healed":0,"gold_gain":0,"player_choice":"Donut","damage_taken":0,"max_hp_gain":5,"max_hp_loss":0,"event_name":"Big Fish","floor":11,"gold_loss":0},{"damage_healed":0,"gold_gain":0,"player_choice":"Obtained Book","damage_taken":16,"max_hp_gain":0,"max_hp_loss":0,"event_name":"Cursed Tome","floor":21,"gold_loss":0}],"is_beta":false,"boss_relics":[{"not_picked":["Coffee Dripper","Busted Crown"],"picked":"FrozenCore"}],"items_purged_floors":[4,19],"is_endless":false,"potions_floor_spawned":[1,7,12,13,18,28,29,30],"killed_by":"3 Cultists","ascension_level":3}}