{"host":"jak4ncvfzor9mys0","time":1608316339,"event":{"mods":["2.2 Compatiblity","AchievementEnabler","BaseMod","Better Altar","Better Match","Better Note","Better Sensory Stone","Better Skull","Better Third Choice","BetterRewards","Block Reminder","Colored Map","Colored Powertips","Energized Spire","Gold Saver","Hubris","Infinite Spire","Key Reminder","Minty Spire (QoL Compilation)","Rare Cards Sparkle","Red Circlet Mod","Relic Sorter","Relic Stats","Replay The Spire","Retaliation","StSLib","SuperFastMode","The Blue Laboratory"],"gold_per_floor":[622,622,622,622,289,289,327,348,375,375,395,365,365,410,410,523,523,507,527,527,550,553,553],"floor_reached":22,"playtime":718,"items_purged":["Strike_B","Strike_B"],"score":282,"play_id":"1f09ccf8-bcf6-4ad1-856a-7d3f0672e8d6","local_time":"20201218103219","is_ascension_mode":false,"campfire_choices":[{"data":"Zap","floor":6,"key":"SMITH"},{"data":"Redo","floor":10,"key":"SMITH"},{"floor":13,"key":"REST"},{"data":"Dualcast","floor":15,"key":"SMITH"}],"circlet_count":0,"master_deck":["Strike_B","Strike_B","Defend_B","Defend_B","Defend_B","Zap+1","Dualcast+1","Redo+1","BasicCrystalCard+1","Loop","Go for the Eyes+1","ReplayTheSpireMod:Calculation Training","Defragment","Echo Form","Leap","Streamline+1"],"relics":["FrozenCore","Replay:Bandana","Smiling Mask","Membership Card","hubris:SlimyHat","infinitespire:Lucky Rock","Odd Mushroom"],"acts_visited":["Exordium","TheCity"],"potions_floor_usage":[5,18,21],"damage_taken":[{"damage":3,"enemies":"Jaw Worm","floor":1,"turns":4},{"damage":24,"enemies":"Lagavulin","floor":7,"turns":6},{"damage":0,"enemies":"Small Slimes","floor":8,"turns":3},{"damage":1,"enemies":"Cultist","floor":11,"turns":4},{"damage":5,"enemies":"The Mushroom Lair","floor":14,"turns":4},{"damage":19,"enemies":"The Guardian","floor":16,"turns":11},{"damage":13,"enemies":"2 Thieves","floor":18,"turns":5},{"damage":4,"enemies":"Spheric Guardian","floor":19,"turns":5},{"damage":10,"enemies":"Snecko","floor":21,"turns":5},{"damage":66,"enemies":"Cultist and Chosen","floor":22,"turns":10}],"seed_played":"641769938173870206","potions_obtained":[{"floor":7,"key":"LiquidBronze"},{"floor":11,"key":"blueLaboratory:BottleOfVodka"},{"floor":18,"key":"DDmod:CleansePotion"},{"floor":20,"key":"Explosive Potion"}],"is_trial":false,"path_per_floor":["M","?","?","?","$","R","E","M","T","R","M","?","R","?","R","B",null,"M","M","?","M","M"],"character_chosen":"DEFECT","items_purchased":["Redo","BasicCrystalCard+1","Loop","Membership Card","Replay:Bandana","Fruit Juice"],"campfire_rested":1,"item_purchase_floors":[0,0,0,5,5,5],"current_hp_per_floor":[72,72,77,58,63,63,39,39,39,39,38,38,63,58,58,39,85,72,68,68,58,0,0],"gold":553,"neow_bonus":"","is_daily":false,"chose_seed":false,"campfire_upgraded":3,"win_rate":0.0,"timestamp":1608316339,"path_taken":["M","?","?","?","$","R","E","M","T","R","?","?","R","?","R","BOSS","M","M","?","M","M"],"items_purchased_type":["Card","Card","Card","Relic","Relic","Potion"],"build_version":"2020-12-13","purchased_purges":2,"victory":false,"max_hp_per_floor":[75,75,80,80,85,85,85,85,85,85,85,85,85,85,85,85,85,85,85,85,85,85,85],"relic_stats":{"counters":[26,135],"Smiling Mask":0,"obtain_stats":[{"Tiny House":17,"energizedSpire:UnstableMolecules":34,"Blue Doll":26,"hubris:SlimyHat":7,"infinitespire:Lucky Rock":9,"hubris:Towel":4,"Odd Mushroom":14,"Question Card":24,"Smiling Mask":4,"FrozenCore":17,"Replay:Bandana":5,"Necronomicon":29,"Bottled Lightning":9,"Membership Card":5,"Replay:Antivirus Software":7,"Cracked Core":0,"Mirror":27},{"Tiny House":7,"energizedSpire:UnstableMolecules":15,"Blue Doll":10,"hubris:SlimyHat":18,"infinitespire:Lucky Rock":19,"hubris:Towel":2,"Odd Mushroom":21,"Question Card":10,"Smiling Mask":17,"FrozenCore":22,"Replay:Bandana":17,"Necronomicon":12,"Bottled Lightning":3,"Membership Card":17,"Replay:Antivirus Software":3,"Cracked Core":0,"Mirror":11},{"Tiny House":29,"energizedSpire:UnstableMolecules":78,"Blue Doll":45,"hubris:SlimyHat":90,"infinitespire:Lucky Rock":92,"hubris:Towel":7,"Odd Mushroom":100,"Question Card":45,"Smiling Mask":84,"FrozenCore":111,"Replay:Bandana":84,"Necronomicon":56,"Bottled Lightning":11,"Membership Card":84,"Replay:Antivirus Software":11,"Cracked Core":0,"Mirror":50}],"FrozenCore":[13]},"card_choices":[{"not_picked":["Barrage","Panic Button","Steam"],"picked":"SKIP","floor":1},{"not_picked":["Sweeping Beam","Force Field"],"picked":"ReplayTheSpireMod:Calculation Training","floor":7},{"not_picked":["Gash","Undo"],"picked":"Defragment","floor":8},{"not_picked":["Sweeping Beam","Go for the Eyes","Rip and Tear"],"picked":"SKIP","floor":11},{"not_picked":["hubris:SpecializedCircuitry","Rainbow"],"picked":"Echo Form","floor":16},{"not_picked":["Rebound","Stack"],"picked":"Leap","floor":18},{"not_picked":["Lockon","Gash"],"picked":"Streamline+1","floor":19},{"not_picked":["Redo","Loop","BasicCrystalCard"],"picked":"SKIP","floor":21}],"player_experience":2639296,"relics_obtained":[{"floor":7,"key":"hubris:SlimyHat"},{"floor":9,"key":"infinitespire:Lucky Rock"},{"floor":14,"key":"Odd Mushroom"}],"event_choices":[{"damage_healed":0,"gold_gain":0,"player_choice":"Donut","damage_taken":0,"max_hp_gain":5,"max_hp_loss":0,"event_name":"Big Fish","floor":3,"gold_loss":0},{"damage_healed":0,"gold_gain":0,"player_choice":"RE ","damage_taken":21,"relics_obtained":["Smiling Mask"],"max_hp_gain":0,"max_hp_loss":0,"event_name":"betterSkull:BetterSkull","floor":4,"gold_loss":0,"cards_upgraded":[]},{"damage_healed":0,"gold_gain":0,"player_choice":"Left","damage_taken":0,"max_hp_gain":0,"max_hp_loss":0,"event_name":"betterThird:BetterGoop","floor":12,"gold_loss":30},{"damage_healed":0,"gold_gain":0,"player_choice":"Fought Mushrooms","damage_taken":0,"max_hp_gain":0,"max_hp_loss":0,"event_name":"Mushrooms","floor":14,"gold_loss":0},{"damage_healed":0,"gold_gain":0,"player_choice":"Got Potions","damage_taken":0,"max_hp_gain":0,"max_hp_loss":0,"event_name":"Lab","floor":20,"gold_loss":0}],"is_beta":false,"boss_relics":[{"not_picked":["Abe\u0027s Treasure","Kintsugi"],"picked":"FrozenCore"}],"items_purged_floors":[0,5],"is_endless":false,"potions_floor_spawned":[7,11,18],"killed_by":"Cultist and Chosen","ascension_level":0}}