{"host":"ou23awlgcm0pi7o1","time":1608330890,"event":{"mods":["BaseMod","Colored Map","Downfall","Minty Spire (QoL Compilation)","StSLib","Unceasing Turn Reminder"],"gold_per_floor":[99,133,133,148,173,98,124,124,139,165,180,180,180,194,210,210,210],"floor_reached":16,"playtime":760,"items_purged":[],"score":132,"play_id":"e86c41c2-a57c-476c-b01c-dc52df04991a","local_time":"20201218223450","is_ascension_mode":true,"campfire_choices":[{"floor":1,"key":"RECALL"},{"floor":6,"key":"REST"},{"data":"champ:LastStand","floor":8,"key":"SMITH"}],"circlet_count":0,"master_deck":["champ:Strike","champ:Strike","champ:Strike","champ:Strike+1","champ:Defend","champ:Defend","champ:Defend","champ:Defend","champ:Taunt","champ:LastStand+1","champ:Shatter","champ:IronFortress","champ:FanOfKnives+1","champ:AdrenalArmor","champ:FightOn","champ:AdrenalArmor+1","Regret","champ:EnragedBash","champ:Lariat"],"relics":["champ:ChampionCrown","MealTicket","Guardian:PocketSentry","downfall:HeartBlessingRed","Bag of Preparation","Singing Bowl"],"acts_visited":["Exordium"],"potions_floor_usage":[16,16],"damage_taken":[{"damage":69,"enemies":"Lagavulin","floor":2,"turns":9},{"damage":9,"enemies":"2 Louse","floor":4,"turns":3},{"damage":23,"enemies":"3 Sentries","floor":5,"turns":6},{"damage":3,"enemies":"Cultist","floor":9,"turns":3},{"damage":21,"enemies":"Lagavulin","floor":10,"turns":5},{"damage":2,"enemies":"Jaw Worm","floor":11,"turns":3},{"damage":25,"enemies":"Large Slime","floor":14,"turns":5},{"damage":7,"enemies":"Blue Slaver","floor":15,"turns":4},{"damage":15,"enemies":"downfall:Watcher","floor":16,"turns":4}],"seed_played":"762875822629009915","potions_obtained":[{"floor":2,"key":"Weak Potion"},{"floor":5,"key":"Fire Potion"},{"floor":10,"key":"Fire Potion"}],"is_trial":false,"path_per_floor":["R","E","?","M","E","R","T","R","M","E","M","?","?","M","M","B"],"character_chosen":"THE_CHAMP","items_purchased":[],"campfire_rested":1,"item_purchase_floors":[],"current_hp_per_floor":[90,36,36,27,7,34,34,34,34,23,23,23,23,11,10,0,0],"gold":210,"neow_bonus":"ONE_RANDOM_RARE_CARD","is_daily":false,"chose_seed":false,"campfire_upgraded":1,"win_rate":0.0,"timestamp":1608330890,"path_taken":["R","E","?","M","E","R","T","R","M","E","?","?","?","M","M","BOSS"],"items_purchased_type":[],"build_version":"2020-12-13","purchased_purges":0,"victory":false,"max_hp_per_floor":[90,90,90,90,90,90,90,90,90,90,90,90,90,90,90,90,90],"card_choices":[{"not_picked":["champ:ShieldWall","champ:PerfectedStrike"],"picked":"champ:Shatter","floor":2},{"not_picked":["champ:PerfectedStrike","champ:RageSigil"],"picked":"champ:FanOfKnives","floor":4},{"not_picked":["champ:Circumvent","champ:Haymaker","champ:ShieldSigil"],"picked":"SKIP","floor":5},{"not_picked":["champ:ShieldWall","champ:ShieldThrow"],"picked":"champ:AdrenalArmor","floor":9},{"not_picked":["champ:PerfectedStrike","champ:SwordSigil"],"picked":"champ:FightOn","floor":10},{"not_picked":["champ:FanOfKnives","champ:ShieldSigil"],"picked":"champ:AdrenalArmor","floor":11},{"not_picked":["champ:StanceDance","champ:Riposte"],"picked":"champ:EnragedBash","floor":14},{"not_picked":["champ:Backstep","champ:StanceDance"],"picked":"champ:Lariat","floor":15}],"player_experience":320673,"relics_obtained":[{"floor":2,"key":"MealTicket"},{"floor":5,"key":"Guardian:PocketSentry"},{"floor":7,"key":"Bag of Preparation"},{"floor":10,"key":"Singing Bowl"}],"event_choices":[{"damage_healed":0,"gold_gain":0,"cards_transformed":["champ:Execute"],"player_choice":"Transformed","damage_taken":0,"max_hp_gain":0,"max_hp_loss":0,"event_name":"Transmorgrifier","floor":3,"gold_loss":0,"cards_obtained":["champ:IronFortress"]},{"damage_healed":0,"gold_gain":0,"player_choice":"Fled","damage_taken":0,"max_hp_gain":0,"max_hp_loss":0,"event_name":"Scrap Ooze","floor":13,"gold_loss":0}],"is_beta":false,"boss_relics":[],"items_purged_floors":[],"is_endless":false,"potions_floor_spawned":[2,5,10,14],"killed_by":"downfall:Watcher","ascension_level":2}}