{"host":"6azrrw3tf7wb0f4b","time":1608262868,"event":{"mods":["BaseMod","DeckTracker","Minty Spire (QoL Compilation)","SuperFastMode"],"gold_per_floor":[117,128,145,161,175,175,175,175,175,191,217,217,292,305,305,409,409,429,429,429,444,191,191,191],"floor_reached":23,"playtime":616,"items_purged":["Strike_P"],"score":365,"play_id":"51a9d7e4-c082-4df9-82ed-baabb656f013","local_time":"20201218124108","is_ascension_mode":true,"campfire_choices":[{"data":"DevaForm","floor":6.0,"key":"SMITH"},{"data":"LessonLearned","floor":8.0,"key":"SMITH"},{"floor":12.0,"key":"REST"},{"floor":15.0,"key":"REST"}],"circlet_count":0,"master_deck":["AscendersBane","Strike_P","Strike_P+1","Defend_P+1","Defend_P","Defend_P","Defend_P","Eruption+1","Vigilance","FearNoEvil","CrushJoints+1","Omniscience","Protect","DevaForm+1","LessonLearned+1","FlurryOfBlows+1","Worship","Wallop","DeusExMachina","MentalFortress"],"relics":["PureWater","Thread and Needle","FossilizedHelix","Fusion Hammer","Nilry\u0027s Codex","ClockworkSouvenir"],"acts_visited":["Exordium","TheCity"],"potions_floor_usage":[23],"damage_taken":[{"damage":1.0,"enemies":"Cultist","floor":1.0,"turns":4.0},{"damage":7.0,"enemies":"Jaw Worm","floor":2.0,"turns":4.0},{"damage":0.0,"enemies":"2 Louse","floor":3.0,"turns":2.0},{"damage":6.0,"enemies":"Looter","floor":4.0,"turns":3.0},{"damage":0.0,"enemies":"Exordium Thugs","floor":5.0,"turns":2.0},{"damage":21.0,"enemies":"Lots of Slimes","floor":10.0,"turns":7.0},{"damage":26.0,"enemies":"3 Sentries","floor":11.0,"turns":11.0},{"damage":0.0,"enemies":"2 Fungi Beasts","floor":14.0,"turns":3.0},{"damage":0.0,"enemies":"Slime Boss","floor":16.0,"turns":5.0},{"damage":0.0,"enemies":"Spheric Guardian","floor":18.0,"turns":3.0},{"damage":11.0,"enemies":"Shell Parasite","floor":21.0,"turns":5.0},{"damage":57,"enemies":"Slavers","floor":23,"turns":5}],"seed_played":"5269739557578336786","potions_obtained":[{"floor":3.0,"key":"ColorlessPotion"},{"floor":11.0,"key":"DuplicationPotion"},{"floor":14.0,"key":"DistilledChaos"},{"floor":16.0,"key":"Regen Potion"},{"floor":21.0,"key":"EssenceOfSteel"}],"is_trial":false,"path_per_floor":["M","M","M","M","M","R","?","R","T","M","E","R","?","M","R","B",null,"M","?","?","M","$","E"],"character_chosen":"WATCHER","items_purchased":["MentalFortress","ClockworkSouvenir"],"campfire_rested":2,"item_purchase_floors":[22,22],"current_hp_per_floor":[64,57,57,51,51,51,51,51,51,30,4,25,14,14,35,35,63,63,47,47,50,50,0,0],"gold":191,"neow_bonus":"UPGRADE_CARD","is_daily":false,"chose_seed":false,"campfire_upgraded":2,"win_rate":0.0,"timestamp":1608262868,"path_taken":["M","M","M","M","M","R","?","R","T","M","E","R","?","M","R","BOSS","M","?","?","?","?","E"],"items_purchased_type":["Card","Relic"],"build_version":"2020-12-13","purchased_purges":1,"victory":false,"max_hp_per_floor":[72,72,72,72,72,72,72,72,72,72,72,72,72,72,72,72,72,72,72,72,72,72,72,72],"card_choices":[{"not_picked":["CrushJoints","Halt"],"picked":"FearNoEvil","floor":1.0},{"not_picked":["Consecrate","DeceiveReality"],"picked":"CrushJoints","floor":2.0},{"not_picked":["EmptyFist","JustLucky"],"picked":"Omniscience","floor":3.0},{"not_picked":["ThirdEye","BowlingBash"],"picked":"Protect","floor":4.0},{"not_picked":["Perseverance","EmptyBody"],"picked":"DevaForm","floor":5.0},{"not_picked":["CarveReality","Prostrate"],"picked":"FlurryOfBlows","floor":10.0},{"not_picked":["ThirdEye","FollowUp"],"picked":"Worship","floor":11.0},{"not_picked":["Protect","Crescendo"],"picked":"Wallop","floor":14.0},{"not_picked":["SpiritShield","MasterReality"],"picked":"DeusExMachina","floor":16.0},{"not_picked":["CrushJoints+1","WindmillStrike","JustLucky"],"picked":"SKIP","floor":18.0},{"not_picked":["SashWhip+1","Sanctity","FearNoEvil"],"picked":"SKIP","floor":21.0}],"player_experience":602549,"relics_obtained":[{"floor":9.0,"key":"Thread and Needle"},{"floor":11.0,"key":"FossilizedHelix"},{"floor":19.0,"key":"Nilry\u0027s Codex"}],"event_choices":[{"damage_healed":0.0,"max_hp_gain":0.0,"max_hp_loss":0.0,"gold_gain":0.0,"cards_transformed":["Strike_P"],"event_name":"Living Wall","player_choice":"Change","floor":7.0,"gold_loss":0.0,"damage_taken":0.0,"cards_obtained":["LessonLearned"]},{"damage_healed":0.0,"max_hp_gain":0.0,"max_hp_loss":0.0,"gold_gain":75.0,"event_name":"World of Goop","player_choice":"Gather Gold","floor":13.0,"gold_loss":0.0,"damage_taken":11.0},{"damage_healed":0.0,"max_hp_gain":0.0,"max_hp_loss":0.0,"gold_gain":0.0,"event_name":"Cursed Tome","player_choice":"Obtained Book","floor":19.0,"gold_loss":0.0,"damage_taken":16.0},{"damage_healed":0.0,"max_hp_gain":0.0,"max_hp_loss":0.0,"gold_gain":0.0,"event_name":"Match and Keep!","player_choice":"0 cards matched","floor":20.0,"gold_loss":0.0,"damage_taken":0.0,"cards_obtained":[]}],"is_beta":false,"boss_relics":[{"not_picked":["Philosopher\u0027s Stone","Runic Dome"],"picked":"Fusion Hammer"}],"items_purged_floors":[22],"is_endless":false,"potions_floor_spawned":[3,11,14,16,21],"killed_by":"Slavers","ascension_level":10}}