{"host":"gk9qdtkqd8dwfeg2","time":1608286811,"event":{"mods":["Aspiration","BaseMod","Marisa（F雨　魔理沙）","Minty Spire (QoL Compilation)","Quick Restart","Replay The Spire","Shop Mod","StSLib","TestMod","The Cursed","Waifu the Spire","Yuyuko","【东方二次创作】八云紫mod"],"gold_per_floor":[116,116,116,157,172,215,236,65,65,80,80,80],"floor_reached":11,"playtime":207,"items_purged":[],"score":196,"play_id":"b7ddb3b7-555f-4ab2-bcf6-e0610e59a64f","local_time":"20201218182011","is_ascension_mode":true,"campfire_choices":[],"circlet_count":0,"master_deck":["AscendersBane","Strike_R","Strike_R","Strike_R","Strike_R","Defend_R","Defend_R","Defend_R","Defend_R","Bash","Intimidate","Power Through","Body Slam","Feel No Pain"],"relics":["Burning Blood","testmod-TestBox","testmod-Temperance","NeowsBlessing","Golden Idol","Turnip","MerchantsRug","ReplayTheSpireMod:Ninjato"],"acts_visited":["Exordium"],"potions_floor_usage":[11],"damage_taken":[{"damage":0.0,"enemies":"Jaw Worm","floor":1.0,"turns":1.0},{"damage":0.0,"enemies":"2 Louse","floor":5.0,"turns":1.0},{"damage":0.0,"enemies":"3 Sentries","floor":6.0,"turns":2.0},{"damage":2.0,"enemies":"Cultist","floor":7.0,"turns":5.0},{"damage":7.0,"enemies":"Blue Slaver","floor":10.0,"turns":5.0},{"damage":35,"enemies":"Lagavulin","floor":11,"turns":9}],"seed_played":"7742946409298652990","potions_obtained":[{"floor":4.0,"key":"SkillPotion"},{"floor":4.0,"key":"DuplicationPotion"}],"is_trial":false,"path_per_floor":["M","?","?","?","M","E","M","$","T","M","E"],"character_chosen":"IRONCLAD","items_purchased":["MerchantsRug"],"campfire_rested":0,"item_purchase_floors":[8],"current_hp_per_floor":[74,74,74,74,75,75,75,75,75,74,39,39],"gold":80,"neow_bonus":"THREE_ENEMY_KILL","is_daily":false,"chose_seed":false,"campfire_upgraded":0,"win_rate":0.0,"timestamp":1608286811,"path_taken":["M","?","?","?","M","E","?","$","T","M","E"],"items_purchased_type":["Relic"],"build_version":"2020-12-13","purchased_purges":0,"victory":false,"max_hp_per_floor":[75,75,75,75,75,75,75,75,75,75,75,75],"card_choices":[{"not_picked":["Flex","Clothesline","Run Through"],"picked":"SKIP","floor":1.0},{"not_picked":["Rupture","Headbutt"],"picked":"Power Through","floor":4.0},{"not_picked":["Thunderclap","Shrug It Off"],"picked":"Body Slam","floor":5.0},{"not_picked":["Wild Strike","Clothesline","ReplayTheSpireMod:Strike From Hell"],"picked":"SKIP","floor":6.0},{"not_picked":["Anger","ReplayTheSpireMod:LeadingStrike","Body Slam"],"picked":"SKIP","floor":7.0},{"not_picked":["Perfected Strike","Warcry"],"picked":"Feel No Pain","floor":10.0}],"player_experience":1078145,"relics_obtained":[{"floor":6.0,"key":"Turnip"},{"floor":9.0,"key":"ReplayTheSpireMod:Ninjato"}],"event_choices":[{"damage_healed":0.0,"max_hp_gain":0.0,"max_hp_loss":0.0,"gold_gain":0.0,"event_name":"Golden Idol","player_choice":"Take Wound","floor":2.0,"gold_loss":0.0,"damage_taken":0.0,"relics_obtained":["Golden Idol"],"cards_obtained":["Injury"]},{"damage_healed":0.0,"max_hp_gain":0.0,"max_hp_loss":0.0,"gold_gain":0.0,"cards_transformed":["Strike_R"],"event_name":"Living Wall","player_choice":"Change","floor":3.0,"gold_loss":0.0,"damage_taken":0.0,"cards_obtained":["Intimidate"]}],"is_beta":false,"boss_relics":[],"items_purged_floors":[],"is_endless":false,"potions_floor_spawned":[10],"killed_by":"Lagavulin","ascension_level":20}}