{"host":"r6jigiblrojhp6xe","time":1608262327,"event":{"mods":["AchievementEnabler","BaseMod","DeckTracker","Minty Spire (QoL Compilation)","Quick Restart","Rare Cards Sparkle","Relic Stats","StSLib","SuperFastMode","everything is the same but u backflip on backflip"],"gold_per_floor":[119,139,157,157,176,207,207,220,243,243,243,262,281,292,292,379,379,407,219,241,261,261,261,286,286,286],"floor_reached":25,"playtime":744,"items_purged":[],"score":418,"play_id":"31753b69-7f49-4063-9dca-d9c7f1c58e30","local_time":"20201218123207","is_ascension_mode":true,"campfire_choices":[{"floor":7,"key":"REST"},{"floor":11,"key":"REST"},{"data":"Streamline","floor":15,"key":"SMITH"},{"data":"Biased Cognition","floor":23,"key":"SMITH"}],"circlet_count":0,"master_deck":["AscendersBane","Strike_B+1","Strike_B+1","Defend_B+1","Defend_B+1","Defend_B+1","Zap","Dualcast","Compile Driver+1","Streamline+1","Hologram+1","BootSequence","Stack","Fission+1","Sweeping Beam","Electrodynamics","Aggregate+1","Go for the Eyes","Glacier","Biased Cognition+1","Tempest","Compile Driver","Go for the Eyes+1","Seek"],"relics":["FrozenCore","WingedGreaves","CeramicFish","War Paint"],"acts_visited":["Exordium","TheCity"],"potions_floor_usage":[16,16,24],"damage_taken":[{"damage":7.0,"enemies":"Jaw Worm","floor":1.0,"turns":3.0},{"damage":0.0,"enemies":"2 Louse","floor":2.0,"turns":1.0},{"damage":3.0,"enemies":"Small Slimes","floor":3.0,"turns":3.0},{"damage":4.0,"enemies":"Red Slaver","floor":5.0,"turns":3.0},{"damage":23,"enemies":"3 Sentries","floor":6,"turns":7},{"damage":0,"enemies":"Lots of Slimes","floor":8,"turns":2},{"damage":0,"enemies":"3 Louse","floor":12,"turns":2},{"damage":0,"enemies":"2 Fungi Beasts","floor":13,"turns":2},{"damage":2,"enemies":"Gremlin Gang","floor":14,"turns":2},{"damage":29,"enemies":"Hexaghost","floor":16,"turns":14},{"damage":4,"enemies":"3 Byrds","floor":18,"turns":5},{"damage":7,"enemies":"Spheric Guardian","floor":20,"turns":4},{"damage":25,"enemies":"Snake Plant","floor":21,"turns":5},{"damage":4,"enemies":"Centurion and Healer","floor":24,"turns":9},{"damage":20,"enemies":"Shelled Parasite and Fungi","floor":25,"turns":3}],"seed_played":"8626619950722063306","potions_obtained":[{"floor":5.0,"key":"Strength Potion"},{"floor":6,"key":"FearPotion"},{"floor":8,"key":"Fruit Juice"},{"floor":13,"key":"Block Potion"},{"floor":20,"key":"Block Potion"},{"floor":21,"key":"SpeedPotion"}],"is_trial":false,"path_per_floor":["M","M","M","?","M","E","R","M","T","?","R","M","M","M","R","B",null,"M","$","M","M","?","R","M","M"],"character_chosen":"DEFECT","items_purchased":["Compile Driver","War Paint"],"campfire_rested":2,"item_purchase_floors":[19,19],"current_hp_per_floor":[39,39,36,36,32,9,30,30,30,9,30,30,30,28,28,4,58,54,54,47,22,22,22,18,0,0],"gold":286,"neow_bonus":"TRANSFORM_TWO_CARDS","is_daily":false,"chose_seed":false,"campfire_upgraded":2,"win_rate":0.0,"timestamp":1608262327,"path_taken":["M","M","M","?","M","E","R","M","T","?","R","M","M","M","R","BOSS","M","$","M","M","?","R","M","M"],"items_purchased_type":["Card","Relic"],"build_version":"2020-12-13","purchased_purges":0,"victory":false,"max_hp_per_floor":[71,71,71,71,71,71,71,71,71,71,71,71,71,71,71,76,76,76,76,76,76,76,76,76,76,76],"relic_stats":{"counters":[15,65],"CeramicFish":63,"War Paint":["Hologram","Aggregate"],"obtain_stats":[{"CeramicFish":9,"WingedGreaves":6,"War Paint":19,"Cracked Core":0,"FrozenCore":17},{"CeramicFish":6,"WingedGreaves":5,"War Paint":11,"Cracked Core":0,"FrozenCore":10},{"CeramicFish":19,"WingedGreaves":17,"War Paint":44,"Cracked Core":0,"FrozenCore":39}],"FrozenCore":[10]},"card_choices":[{"not_picked":["Go for the Eyes","Ball Lightning"],"picked":"Hologram","floor":1.0},{"not_picked":["Sweeping Beam","Tempest"],"picked":"BootSequence","floor":2.0},{"not_picked":["Darkness","Streamline"],"picked":"Stack","floor":3.0},{"not_picked":["Blizzard","Static Discharge"],"picked":"Sweeping Beam","floor":5.0},{"not_picked":["Beam Cell","Ball Lightning"],"picked":"Electrodynamics","floor":6},{"not_picked":["Sweeping Beam","Ball Lightning"],"picked":"Aggregate","floor":8},{"not_picked":["Lockon","Gash"],"picked":"Go for the Eyes","floor":12},{"not_picked":["Double Energy","Steam"],"picked":"Glacier","floor":13},{"not_picked":["Go for the Eyes","Doom and Gloom","Auto Shields"],"picked":"SKIP","floor":14},{"not_picked":["Buffer","Amplify"],"picked":"Biased Cognition","floor":16},{"not_picked":["Static Discharge+1","Sweeping Beam"],"picked":"Tempest","floor":18},{"not_picked":["Streamline","Ball Lightning"],"picked":"Go for the Eyes+1","floor":20},{"not_picked":["Redo","Sweeping Beam","Doom and Gloom"],"picked":"SKIP","floor":21},{"not_picked":["Sweeping Beam","Redo"],"picked":"Seek","floor":24}],"player_experience":499197,"relics_obtained":[{"floor":6,"key":"WingedGreaves"},{"floor":9,"key":"CeramicFish"}],"event_choices":[{"damage_healed":0.0,"max_hp_gain":0.0,"max_hp_loss":0.0,"gold_gain":0.0,"cards_transformed":["Strike_B"],"event_name":"Living Wall","player_choice":"Change","floor":4.0,"gold_loss":0.0,"damage_taken":0.0,"cards_obtained":["Fission"]},{"damage_healed":0,"gold_gain":0,"player_choice":"Entered Light","damage_taken":21,"max_hp_gain":0,"max_hp_loss":0,"event_name":"Shining Light","floor":10,"gold_loss":0,"cards_upgraded":["Compile Driver","Fission"]},{"damage_healed":0,"gold_gain":0,"player_choice":"Simplicity","damage_taken":0,"max_hp_gain":0,"max_hp_loss":0,"event_name":"Back to Basics","floor":22,"gold_loss":0,"cards_upgraded":["Strike_B","Strike_B","Defend_B","Defend_B","Defend_B"]}],"is_beta":false,"boss_relics":[{"not_picked":["Snecko Eye","Busted Crown"],"picked":"FrozenCore"}],"items_purged_floors":[],"is_endless":false,"potions_floor_spawned":[5,6,8,12,13,20,21],"killed_by":"Shelled Parasite and Fungi","ascension_level":20}}