{"host":"1s2i2u841ofwoqaa","time":1608333908,"event":{"mods":["AchievementEnabler","Aspiration","BaseMod","Better Third Choice","Colored Powertips","Downfall","Hubris","Minty Spire (QoL Compilation)","StSLib","SuperFastMode","The Animator"],"gold_per_floor":[111,123,141,161,178,178,205,205,231,260,260,410,410,64,64,141,141,158,158,172,186,198,198,198,198],"floor_reached":24,"playtime":831,"items_purged":["Doubt"],"score":385,"play_id":"9c93a394-61dc-4b46-966b-8868629bcbc2","local_time":"20201219122508","is_ascension_mode":true,"campfire_choices":[{"data":"Armaments","floor":6,"key":"SMITH"},{"floor":8,"key":"REST"},{"data":"Apotheosis","floor":15,"key":"SMITH"},{"floor":23,"key":"REST"}],"circlet_count":0,"master_deck":["AscendersBane","Strike_R","Strike_R","Strike_R","Defend_R","Defend_R","Defend_R","Defend_R","Bash","Wild Strike","Searing Blow","Armaments+1","Whirlwind","Spot Weakness","Armaments+1","Havoc","Feel No Pain","Twin Strike","Apotheosis+1","Inflame","hubris:StunningStrike","Intimidate","Intimidate","Cleave"],"relics":["Burning Blood","Paper Frog","Pen Nib","Strawberry","Snecko Eye"],"acts_visited":["Exordium","TheCity"],"potions_floor_usage":[4,7,10,20,24],"damage_taken":[{"damage":6,"enemies":"2 Louse","floor":1,"turns":4},{"damage":10,"enemies":"Small Slimes","floor":2,"turns":4},{"damage":7,"enemies":"Jaw Worm","floor":3,"turns":4},{"damage":9,"enemies":"Large Slime","floor":4,"turns":4},{"damage":13,"enemies":"Red Slaver","floor":5,"turns":3},{"damage":20,"enemies":"Lagavulin","floor":7,"turns":7},{"damage":36,"enemies":"Gremlin Nob","floor":10,"turns":5},{"damage":34,"enemies":"The Guardian","floor":16,"turns":9},{"damage":8,"enemies":"Spheric Guardian","floor":18,"turns":4},{"damage":33,"enemies":"Shell Parasite","floor":20,"turns":4},{"damage":1,"enemies":"Snecko","floor":21,"turns":4},{"damage":24,"enemies":"Snake Plant","floor":22,"turns":4},{"damage":36,"enemies":"Slavers","floor":24,"turns":4}],"seed_played":"-1846108626554070085","potions_obtained":[{"floor":1,"key":"DuplicationPotion"},{"floor":2,"key":"Fire Potion"},{"floor":7,"key":"Regen Potion"},{"floor":18,"key":"ColorlessPotion"},{"floor":22,"key":"SkillPotion"}],"is_trial":false,"path_per_floor":["M","M","M","M","M","R","E","R","T","E","?","?","?","$","R","B",null,"M","?","M","M","M","R","E"],"character_chosen":"IRONCLAD","items_purchased":["Apotheosis","Inflame"],"campfire_rested":2,"item_purchase_floors":[14,14],"current_hp_per_floor":[50,46,45,42,35,35,21,43,43,34,61,61,61,61,61,33,70,68,68,41,46,28,52,16,16],"gold":198,"neow_bonus":"TRANSFORM_TWO_CARDS","is_daily":false,"chose_seed":false,"campfire_upgraded":2,"win_rate":0.0,"timestamp":1608333908,"path_taken":["M","M","M","M","M","R","E","R","T","E","?","?","?","$","R","BOSS","M","?","M","?","M","R","E"],"items_purchased_type":["Card","Card"],"build_version":"2020-12-13","purchased_purges":1,"victory":false,"max_hp_per_floor":[75,75,75,75,75,75,75,75,75,82,82,82,82,82,82,82,82,82,82,82,82,82,82,82,82],"card_choices":[{"not_picked":["Hemokinesis","Bloodletting"],"picked":"Armaments","floor":1},{"not_picked":["Sword Boomerang","Hemokinesis"],"picked":"Whirlwind","floor":2},{"not_picked":["Rage","Pummel"],"picked":"Spot Weakness","floor":3},{"not_picked":["Carnage","Burning Pact"],"picked":"Armaments","floor":4},{"not_picked":["Heavy Blade","Warcry"],"picked":"Havoc","floor":5},{"not_picked":["Spot Weakness","Perfected Strike"],"picked":"Feel No Pain","floor":7},{"not_picked":["Sword Boomerang","Body Slam"],"picked":"Twin Strike","floor":10},{"not_picked":["Exhume","Berserk"],"picked":"hubris:StunningStrike","floor":16},{"not_picked":["Flex","Rupture","hubris:SharpeningStone+1"],"picked":"SKIP","floor":18},{"not_picked":["Perfected Strike","Ghostly Armor"],"picked":"Intimidate","floor":20},{"not_picked":["hubris:CleavingFinish","Reckless Charge"],"picked":"Intimidate","floor":21},{"not_picked":["Ghostly Armor","Spot Weakness"],"picked":"Cleave","floor":22}],"player_experience":451234,"relics_obtained":[{"floor":7,"key":"Paper Frog"},{"floor":9,"key":"Pen Nib"},{"floor":10,"key":"Strawberry"}],"event_choices":[{"damage_healed":27,"gold_gain":0,"player_choice":"Banana","damage_taken":0,"max_hp_gain":0,"max_hp_loss":0,"event_name":"Big Fish","floor":11,"gold_loss":0},{"damage_healed":0,"gold_gain":150,"player_choice":"AGREE","damage_taken":260,"max_hp_gain":0,"max_hp_loss":0,"event_name":"betterThird:BetterSerpent","floor":12,"gold_loss":0},{"damage_healed":0,"gold_gain":0,"player_choice":"Ignored","damage_taken":0,"max_hp_gain":0,"max_hp_loss":0,"event_name":"N\u0027loth","floor":19,"gold_loss":0}],"is_beta":false,"boss_relics":[{"not_picked":["Pandora\u0027s Box","hubris:Stopwatch"],"picked":"Snecko Eye"}],"items_purged_floors":[14],"is_endless":false,"potions_floor_spawned":[1,2,3,7,18,22],"killed_by":"Slavers","ascension_level":17}}