{"host":"cijhj3091wf4aho3","time":1608258651,"event":{"mods":["BaseMod","Colored Map","Colored Powertips","Downfall","Friendly Minions","GifTheSpireLib","Highlight Path","Minty Spire (QoL Compilation)","Permanent Neow","Random Character Button","Relic Sorter","Relic Stats","StSLib","everything is the same but u backflip on backflip","slay the spire mod where everything is the same but ironclad has a cowboy hat"],"gold_per_floor":[99,110,125,50,67,100,171,187,112,143,243,254,15,27,45,147,147,147,174,174,189,99,299,299,313,313,338,338,356,356,373,390,495,495,495,79,229,229,248,259,285,312,312,345,280,368,385,385,401,401],"floor_reached":51,"playtime":2745,"items_purged":["champ:Defend","champ:CrookedStrike","champ:Defend","champ:Strike"],"score":1122,"play_id":"a3413982-8c1f-45f7-b764-07ffaa988b88","local_time":"20201217183051","is_ascension_mode":true,"campfire_choices":[{"floor":1.0,"key":"RECALL"},{"data":"champ:Taunt","floor":4.0,"key":"SMITH"},{"data":"champ:Circumvent","floor":9.0,"key":"SMITH"},{"data":"champ:FalseCounter","floor":18.0,"key":"SMITH"},{"data":"champ:DefensiveStyle","floor":20.0,"key":"SMITH"},{"data":"champ:TornadoPunch","floor":23.0,"key":"SMITH"},{"data":"champ:Circumvent","floor":26.0,"key":"SMITH"},{"data":"champ:SkillfulDodge","floor":35,"key":"SMITH"},{"data":"champ:ShieldWall","floor":38,"key":"SMITH"}],"circlet_count":0,"master_deck":["champ:Defend","champ:Defend","champ:Execute+1","champ:Taunt+1","champ:Circumvent+1","champ:DefensiveShout","champ:BringItOn","champ:Circumvent","champ:ShieldSlam+1","champ:TornadoPunch+1","champ:ShieldWall+1","champ:FalseCounter+1","champ:Circumvent+1","champ:DefensiveStyle+1","champ:ShieldSigil","champ:SkillfulDodge+1","champ:EnchantCrown","champ:SteelEdge","champ:StanceDance+1","champ:TornadoPunch+1","champ:ShieldThrow","champ:EnchantShield"],"relics":["champ:ChampionCrown","downfall:HeartBlessingRed","Matryoshka","downfall:HeartBlessingGreen","Question Card","downfall:GremlinWheel","Oddly Smooth Stone","Velvet Choker","Unceasing Top","Toy Ornithopter","Anchor","Calipers","Busted Crown","Chemical X","Whetstone","Gremlin Horn","Smiling Mask","Eternal Feather","Bag of Preparation"],"acts_visited":["Exordium","TheCity","TheBeyond"],"potions_floor_usage":[27],"damage_taken":[{"damage":5.0,"enemies":"Cultist","floor":2.0,"turns":4.0},{"damage":9.0,"enemies":"Jaw Worm","floor":3.0,"turns":5.0},{"damage":0.0,"enemies":"2 Louse","floor":5.0,"turns":2.0},{"damage":28.0,"enemies":"3 Sentries","floor":6.0,"turns":13.0},{"damage":16.0,"enemies":"Exordium Thugs","floor":8.0,"turns":5.0},{"damage":5.0,"enemies":"Gremlin Nob","floor":10.0,"turns":4.0},{"damage":10.0,"enemies":"Gremlin Nob","floor":11.0,"turns":4.0},{"damage":0.0,"enemies":"3 Louse","floor":12.0,"turns":3.0},{"damage":10.0,"enemies":"downfall:FleeingMerchant","floor":13.0,"turns":4.0},{"damage":0.0,"enemies":"Blue Slaver","floor":14.0,"turns":3.0},{"damage":3.0,"enemies":"Red Slaver","floor":15.0,"turns":4.0},{"damage":23.0,"enemies":"downfall:Defect","floor":16.0,"turns":9.0},{"damage":24.0,"enemies":"Gremlin Leader","floor":19.0,"turns":11.0},{"damage":2.0,"enemies":"Spheric Guardian","floor":21.0,"turns":4.0},{"damage":6.0,"enemies":"downfall:FleeingMerchant","floor":22.0,"turns":4.0},{"damage":29.0,"enemies":"Centurion and Healer","floor":25.0,"turns":6.0},{"damage":5,"enemies":"Slavers","floor":27,"turns":4},{"damage":0,"enemies":"Snecko","floor":29,"turns":3},{"damage":0,"enemies":"Snake Plant","floor":31,"turns":3},{"damage":0,"enemies":"3 Cultists","floor":32,"turns":4},{"damage":5,"enemies":"downfall:Ironclad","floor":33,"turns":9},{"damage":5,"enemies":"downfall:FleeingMerchant","floor":36,"turns":4},{"damage":0,"enemies":"Orb Walker","floor":39,"turns":3},{"damage":0,"enemies":"3 Shapes","floor":40,"turns":4},{"damage":5,"enemies":"Reptomancer","floor":42,"turns":8},{"damage":0,"enemies":"Nemesis","floor":44,"turns":7},{"damage":5,"enemies":"downfall:FleeingMerchant","floor":45,"turns":4},{"damage":5,"enemies":"downfall:FleeingMerchant","floor":46,"turns":4},{"damage":0,"enemies":"Transient","floor":47,"turns":5},{"damage":0,"enemies":"Writhing Mass","floor":49,"turns":4},{"damage":0,"enemies":"downfall:Watcher","floor":50,"turns":6}],"seed_played":"-5487068360637919311","potions_obtained":[{"floor":2.0,"key":"Dexterity Potion"},{"floor":3.0,"key":"SneckoOil"},{"floor":11.0,"key":"sneckomod:MuddlingPotion"},{"floor":12.0,"key":"AttackPotion"},{"floor":15.0,"key":"Energy Potion"},{"floor":21.0,"key":"Dexterity Potion"},{"floor":28,"key":"CultistPotion"},{"floor":33,"key":"Block Potion"}],"is_trial":false,"path_per_floor":["R","M","M","R","M","E","T","M","R","E","?","M","$","M","M","B",null,"R","E","R","M","$","R","T","M","R","E","?","M","?","M","M","B",null,"R","?","?","R","M","M","T","E","?","E","$","$","M","?","M","B",null],"character_chosen":"THE_CHAMP","items_purchased":["Oddly Smooth Stone","champ:ShieldWall","Chemical X","Whetstone","Bag of Preparation","champ:ShieldThrow"],"campfire_rested":0,"item_purchase_floors":[13,13,36,36,46,46],"current_hp_per_floor":[90,90,89,89,89,76,76,67,67,69,71,73,75,77,76,60,90,90,81,81,81,82,82,82,66,66,87,87,90,90,90,90,90,90,90,90,90,90,90,90,90,90,90,90,90,90,90,90,90,90],"gold":401,"neow_bonus":"TRANSFORM_CARD","is_daily":false,"chose_seed":false,"campfire_upgraded":8,"win_rate":0.0,"timestamp":1608258651,"path_taken":["R","M","?","R","M","E","T","M","R","E","?","?","$","?","M","BOSS","R","E","R","M","$","R","T","M","R","E","?","M","?","?","M","BOSS","R","?","?","R","M","?","T","E","?","E","$","$","M","?","M","BOSS"],"items_purchased_type":["Relic","Card","Relic","Relic","Relic","Card"],"build_version":"2020-12-13","purchased_purges":4,"victory":true,"max_hp_per_floor":[90,90,90,90,90,90,90,90,90,90,90,90,90,90,90,90,90,90,90,90,90,90,90,90,90,90,90,90,90,90,90,90,90,90,90,90,90,90,90,90,90,90,90,90,90,90,90,90,90,90],"relic_stats":{"Busted Crown":18,"Gremlin Horn":[5,5],"counters":[31,157],"Eternal Feather":0,"Bag of Preparation":[6],"Chemical X":[10],"Whetstone":["champ:ShieldSlam","champ:Execute"],"Question Card":23,"Smiling Mask":175,"obtain_stats":[{"Calipers":27,"downfall:HeartBlessingRed":4,"Gremlin Horn":41,"Oddly Smooth Stone":13,"Velvet Choker":17,"champ:ChampionCrown":0,"downfall:HeartBlessingGreen":9,"Eternal Feather":44,"Bag of Preparation":46,"Whetstone":36,"Question Card":10,"Smiling Mask":42,"Blood Vial":6,"Anchor":24,"Matryoshka":7,"downfall:GremlinWheel":11,"Busted Crown":34,"Chemical X":36,"Unceasing Top":19,"Toy Ornithopter":24},{"Calipers":17,"downfall:HeartBlessingRed":2,"Gremlin Horn":24,"Oddly Smooth Stone":9,"Velvet Choker":12,"champ:ChampionCrown":0,"downfall:HeartBlessingGreen":5,"Eternal Feather":26,"Bag of Preparation":28,"Whetstone":22,"Question Card":6,"Smiling Mask":25,"Blood Vial":4,"Anchor":15,"Matryoshka":4,"downfall:GremlinWheel":7,"Busted Crown":21,"Chemical X":22,"Unceasing Top":13,"Toy Ornithopter":15},{"Calipers":89,"downfall:HeartBlessingRed":9,"Gremlin Horn":119,"Oddly Smooth Stone":44,"Velvet Choker":60,"champ:ChampionCrown":0,"downfall:HeartBlessingGreen":29,"Eternal Feather":134,"Bag of Preparation":142,"Whetstone":112,"Question Card":33,"Smiling Mask":127,"Blood Vial":24,"Anchor":79,"Matryoshka":24,"downfall:GremlinWheel":37,"Busted Crown":108,"Chemical X":112,"Unceasing Top":71,"Toy Ornithopter":79}],"Unceasing Top":[35],"Toy Ornithopter":5},"card_choices":[{"not_picked":["champ:RageSigil","champ:GladiatorsShout"],"picked":"champ:Circumvent","floor":2.0},{"not_picked":["champ:GladiatorsShout","champ:FaceSlap"],"picked":"champ:DefensiveShout","floor":3.0},{"not_picked":["champ:RapidStrikes","champ:FlashCut"],"picked":"champ:BringItOn","floor":5.0},{"not_picked":["champ:BladeFlurry","champ:PerfectForm","champ:HeartStrike"],"picked":"SKIP","floor":6.0},{"not_picked":["champ:CalledShot","champ:BerserkerStyle"],"picked":"champ:Circumvent","floor":8.0},{"not_picked":["champ:DeathBlow","champ:BringItOn"],"picked":"champ:ShieldSlam","floor":10.0},{"not_picked":["champ:BladeFlurry","champ:IronFortress","champ:BerserkersShout"],"picked":"champ:TornadoPunch","floor":12.0},{"not_picked":["champ:Aggression","champ:CrownThrow","champ:SwordSigil","champ:RapidStrikes"],"picked":"SKIP","floor":13.0},{"not_picked":["champ:DefensiveShout","champ:PerfectedStrike","champ:HeartStrike"],"picked":"champ:FalseCounter","floor":14.0},{"not_picked":["champ:Circumvent","champ:PerfectForm","champ:RageSigil","champ:BringItOn"],"picked":"SKIP","floor":15.0},{"not_picked":["champ:PerfectForm","champ:RageSigil","champ:BringItOn"],"picked":"champ:Circumvent","floor":15.0},{"not_picked":["champ:MurderStrike","champ:EnchantSword","champ:EnchantCrown"],"picked":"champ:VampiricStrike","floor":16.0},{"not_picked":["champ:CrookedStrike","champ:StanceDance","champ:FanOfKnives"],"picked":"champ:DefensiveStyle","floor":19.0},{"not_picked":["champ:BerserkersShout","champ:BladeFlurry","champ:AdrenalArmor+1","champ:CalledShot"],"picked":"SKIP","floor":21.0},{"not_picked":["champ:FaceSlap","champ:BladeFlurry","champ:FlashCut","champ:DefensiveStyle"],"picked":"SKIP","floor":22.0},{"not_picked":["champ:RecklessLeap+1","champ:Haymaker","champ:AdrenalArmor"],"picked":"champ:ShieldSigil","floor":25.0},{"not_picked":["champ:SteelEdge","champ:ShieldWall","champ:Haymaker"],"picked":"champ:SkillfulDodge","floor":27},{"not_picked":["champ:RisingSlash","champ:Haymaker+1","champ:GladiatorsShout","champ:IronFortress"],"picked":"SKIP","floor":29},{"not_picked":["champ:FlashCut","champ:FocusedBerserking","champ:Backstep+1","champ:HeavySlash"],"picked":"SKIP","floor":31},{"not_picked":["champ:BringItOn","champ:RageSigil","champ:FlashCut+1","champ:BladeFlurry"],"picked":"SKIP","floor":32},{"not_picked":["champ:FlashCut+1"],"picked":"champ:StanceDance+1","floor":36},{"not_picked":["champ:Shatter+1","champ:ArenaPreparation"],"picked":"SKIP","floor":39},{"not_picked":["champ:Backstep","champ:BringItOn"],"picked":"SKIP","floor":40},{"not_picked":["champ:HeartStrike","champ:ArenaPreparation"],"picked":"SKIP","floor":42},{"not_picked":["champ:AdrenalArmor","champ:CalledShot"],"picked":"SKIP","floor":44},{"not_picked":["champ:Shatter+1"],"picked":"champ:TornadoPunch+1","floor":45},{"not_picked":["champ:PerfectedStrike","champ:RisingSlash+1"],"picked":"SKIP","floor":46},{"not_picked":["champ:PreciseThrust","champ:CrookedStrike+1"],"picked":"SKIP","floor":47},{"not_picked":["champ:Control"],"picked":"champ:EnchantShield","floor":49}],"player_experience":443613,"relics_obtained":[{"floor":6.0,"key":"Blood Vial"},{"floor":7.0,"key":"Matryoshka"},{"floor":10.0,"key":"Question Card"},{"floor":11.0,"key":"downfall:GremlinWheel"},{"floor":19.0,"key":"Unceasing Top"},{"floor":24.0,"key":"Toy Ornithopter"},{"floor":24.0,"key":"Anchor"},{"floor":27,"key":"Calipers"},{"floor":41,"key":"Gremlin Horn"},{"floor":42,"key":"Smiling Mask"},{"floor":44,"key":"Eternal Feather"}],"event_choices":[{"damage_healed":0.0,"max_hp_gain":0.0,"max_hp_loss":0.0,"gold_gain":200.0,"event_name":"Wheel of Change","player_choice":"Gold","floor":23.0,"gold_loss":0.0,"damage_taken":0.0},{"damage_healed":0,"gold_gain":0,"cards_transformed":["champ:Strike","champ:Strike"],"player_choice":"Became Test Subject","damage_taken":0,"max_hp_gain":0,"max_hp_loss":0,"event_name":"Drug Dealer","floor":30,"gold_loss":0,"cards_obtained":["champ:EnchantCrown","champ:SteelEdge"]},{"cards_removed":["champ:VampiricStrike"],"damage_healed":0,"gold_gain":0,"player_choice":"Removed Attack","damage_taken":0,"max_hp_gain":0,"max_hp_loss":0,"event_name":"Falling","floor":48,"gold_loss":0}],"is_beta":false,"boss_relics":[{"not_picked":["Empty Cage","champ:ChampionCrownUpgraded"],"picked":"Velvet Choker"},{"not_picked":["Tiny House","Pandora\u0027s Box"],"picked":"Busted Crown"}],"items_purged_floors":[22,36,45,46],"is_endless":false,"potions_floor_spawned":[2,3,11,12,15,21,29,33,40,42,47,49],"ascension_level":3}}