{"host":"2e3z4r48quhw80cc","time":1608259709,"event":{"mods":["BaseMod","Minty Spire (QoL Compilation)","Quick Restart","StSLib","SuperFastMode"],"gold_per_floor":[18,18,46,58,83,95,135,222,234,246,283,295,319,350,362,472,484,511,537,474,486,11,11,11],"floor_reached":23,"playtime":550,"items_purged":[],"score":325,"play_id":"cfc3d559-cf62-45c8-8b5c-916c2add7c38","local_time":"20201218114829","is_ascension_mode":true,"campfire_choices":[{"data":"Zap","floor":6.0,"key":"SMITH"},{"data":"Redo","floor":10.0,"key":"SMITH"},{"data":"White Noise","floor":15.0,"key":"SMITH"}],"circlet_count":0,"master_deck":["Strike_B","Strike_B","Strike_B","Strike_B","Defend_B","Defend_B","Defend_B","Zap+1","Dualcast","Doom and Gloom","White Noise","Redo+1","White Noise","Thunder Strike","Force Field","Electrodynamics","White Noise+1","Static Discharge","Creative AI","Recycle","Conserve Battery","Capacitor"],"relics":["Cracked Core","FossilizedHelix","MawBank","Happy Flower","Strawberry","Potion Belt","Blue Candle","Inserter","Nilry\u0027s Codex","Medical Kit","InkBottle"],"acts_visited":["Exordium","TheCity"],"potions_floor_usage":[],"damage_taken":[{"damage":0.0,"enemies":"Cultist","floor":1.0,"turns":3.0},{"damage":0.0,"enemies":"Small Slimes","floor":3.0,"turns":3.0},{"damage":2.0,"enemies":"Jaw Worm","floor":5.0,"turns":4.0},{"damage":15.0,"enemies":"Lagavulin","floor":7.0,"turns":6.0},{"damage":0.0,"enemies":"Gremlin Nob","floor":11.0,"turns":3.0},{"damage":0.0,"enemies":"3 Louse","floor":13.0,"turns":1.0},{"damage":0.0,"enemies":"Gremlin Gang","floor":14.0,"turns":2.0},{"damage":18,"enemies":"Hexaghost","floor":16,"turns":7},{"damage":19,"enemies":"Spheric Guardian","floor":18,"turns":5},{"damage":30,"enemies":"Chosen","floor":19,"turns":5},{"damage":0,"enemies":"Slavers","floor":23,"turns":1}],"seed_played":"-8139549820507292495","potions_obtained":[{"floor":3.0,"key":"SpeedPotion"},{"floor":5.0,"key":"Swift Potion"},{"floor":13.0,"key":"Energy Potion"},{"floor":18,"key":"FearPotion"}],"is_trial":false,"path_per_floor":["M","T","M","?","M","R","E","?","T","R","E","?","M","M","R","B",null,"M","M","?","?","$","E"],"character_chosen":"DEFECT","items_purchased":["Medical Kit","Capacitor","InkBottle"],"campfire_rested":0,"item_purchase_floors":[22,22,22],"current_hp_per_floor":[68,68,68,65,63,63,55,44,44,44,44,44,44,44,44,26,68,49,19,19,3,3,3,3],"gold":11,"neow_bonus":"ONE_RARE_RELIC","is_daily":false,"chose_seed":false,"campfire_upgraded":3,"win_rate":0.0,"timestamp":1608259709,"path_taken":["M","?","?","?","M","R","E","?","T","R","E","?","M","M","R","BOSS","M","?","?","?","$","E"],"items_purchased_type":["Relic","Card","Relic"],"build_version":"2020-12-13","purchased_purges":0,"victory":false,"max_hp_per_floor":[75,75,75,75,75,75,82,82,82,82,82,82,82,82,82,82,82,82,82,82,82,82,82,82],"card_choices":[{"not_picked":["Stack","Streamline"],"picked":"Doom and Gloom","floor":1.0},{"not_picked":["Barrage","Compile Driver"],"picked":"White Noise","floor":3.0},{"not_picked":["Rebound","Gash"],"picked":"Redo","floor":5.0},{"not_picked":["Chill","Barrage"],"picked":"White Noise","floor":7.0},{"not_picked":["Barrage","Consume"],"picked":"Thunder Strike","floor":11.0},{"not_picked":["Cold Snap","Beam Cell"],"picked":"White Noise","floor":13.0},{"not_picked":["Redo","Rebound"],"picked":"Static Discharge","floor":14.0},{"not_picked":["All For One","Thunder Strike"],"picked":"Creative AI","floor":16},{"not_picked":["Static Discharge","Tempest"],"picked":"Recycle","floor":18},{"not_picked":["Hologram","Rebound"],"picked":"Conserve Battery","floor":19}],"player_experience":72755,"relics_obtained":[{"floor":2.0,"key":"MawBank"},{"floor":7.0,"key":"Strawberry"},{"floor":9.0,"key":"Potion Belt"},{"floor":11.0,"key":"Blue Candle"},{"floor":21,"key":"Nilry\u0027s Codex"}],"event_choices":[{"damage_healed":0.0,"max_hp_gain":0.0,"max_hp_loss":0.0,"gold_gain":0.0,"event_name":"Scrap Ooze","player_choice":"Success","floor":4.0,"gold_loss":0.0,"damage_taken":3.0,"relics_obtained":["Happy Flower"]},{"damage_healed":0.0,"max_hp_gain":0.0,"max_hp_loss":0.0,"gold_gain":75.0,"event_name":"World of Goop","player_choice":"Gather Gold","floor":8.0,"gold_loss":0.0,"damage_taken":11.0},{"damage_healed":0.0,"max_hp_gain":0.0,"max_hp_loss":0.0,"gold_gain":0.0,"event_name":"Match and Keep!","player_choice":"2 cards matched","floor":12.0,"gold_loss":0.0,"damage_taken":0.0,"cards_obtained":["Force Field","Electrodynamics"]},{"cards_removed":["Defend_B"],"damage_healed":0,"gold_gain":0,"player_choice":"Gave Gold","damage_taken":0,"max_hp_gain":0,"max_hp_loss":0,"event_name":"Beggar","floor":20,"gold_loss":75},{"damage_healed":0,"gold_gain":0,"player_choice":"Obtained Book","damage_taken":16,"max_hp_gain":0,"max_hp_loss":0,"event_name":"Cursed Tome","floor":21,"gold_loss":0}],"is_beta":false,"boss_relics":[{"not_picked":["Busted Crown","Snecko Eye"],"picked":"Inserter"}],"items_purged_floors":[],"is_endless":false,"potions_floor_spawned":[3,5,13,18],"killed_by":"Slavers","ascension_level":9}}