{"host":"ssahdsoo349p0ms1","time":1608260284,"event":{"mods":["AchievementEnabler","BaseMod","Colored Powertips","Filter the Spire","Minty Spire (QoL Compilation)","StSLib"],"gold_per_floor":[116,128,146,71,88,123,1,19,42,42,55,84,97,109,109,204,204,220,220,120,131,6,39,63,91,181,193,216,428,440,472,484,496,496],"floor_reached":33,"playtime":1614,"items_purged":["Strike_B","Strike_B","Strike_B"],"score":462,"play_id":"c29ee6c9-d83e-4ac4-ac84-930308dfcb52","local_time":"20201217205804","is_ascension_mode":true,"campfire_choices":[{"floor":10.0,"key":"REST"},{"data":"Fission","floor":15.0,"key":"SMITH"},{"data":"Chaos","floor":27.0,"key":"SMITH"},{"floor":30,"key":"RECALL"},{"data":"Meteor Strike","floor":32,"key":"SMITH"}],"circlet_count":0,"master_deck":["AscendersBane","Strike_B","Defend_B","Defend_B","Defend_B","Defend_B","Zap","Dualcast","Ball Lightning","Genetic Algorithm","Conserve Battery","Chaos+1","Reboot","Glacier","Chill","Hologram+1","Go for the Eyes","Fission+1","Meteor Strike+1","Coolheaded"],"relics":["Velvet Choker","Question Card","PreservedInsect","MealTicket","Runic Pyramid","MawBank","Singing Bowl"],"acts_visited":["Exordium","TheCity"],"potions_floor_usage":[31],"damage_taken":[{"damage":0.0,"enemies":"Cultist","floor":1.0,"turns":4.0},{"damage":0.0,"enemies":"Small Slimes","floor":2.0,"turns":2.0},{"damage":7.0,"enemies":"Jaw Worm","floor":3.0,"turns":4.0},{"damage":14.0,"enemies":"Lots of Slimes","floor":5.0,"turns":5.0},{"damage":15.0,"enemies":"Gremlin Nob","floor":6.0,"turns":5.0},{"damage":7.0,"enemies":"Exordium Wildlife","floor":8.0,"turns":4.0},{"damage":3.0,"enemies":"Gremlin Gang","floor":11.0,"turns":5.0},{"damage":0.0,"enemies":"3 Sentries","floor":12.0,"turns":4.0},{"damage":0.0,"enemies":"Looter","floor":13.0,"turns":3.0},{"damage":0.0,"enemies":"Blue Slaver","floor":14.0,"turns":4.0},{"damage":28.0,"enemies":"The Guardian","floor":16.0,"turns":13.0},{"damage":2.0,"enemies":"Shell Parasite","floor":18.0,"turns":6.0},{"damage":15.0,"enemies":"3 Byrds","floor":21.0,"turns":6.0},{"damage":3.0,"enemies":"Book of Stabbing","floor":23.0,"turns":6.0},{"damage":19.0,"enemies":"Cultist and Chosen","floor":24.0,"turns":8.0},{"damage":5.0,"enemies":"Snake Plant","floor":25.0,"turns":6.0},{"damage":0.0,"enemies":"Shelled Parasite and Fungi","floor":28.0,"turns":8.0},{"damage":16,"enemies":"3 Cultists","floor":31,"turns":7},{"damage":44,"enemies":"Automaton","floor":33,"turns":10}],"seed_played":"2156970217827025055","potions_obtained":[{"floor":3.0,"key":"Weak Potion"},{"floor":11.0,"key":"BlessingOfTheForge"},{"floor":12.0,"key":"Fire Potion"},{"floor":28.0,"key":"EntropicBrew"},{"floor":31,"key":"SkillPotion"}],"is_trial":false,"path_per_floor":["M","M","M","$","M","E","$","M","T","R","M","E","M","M","R","B",null,"M","?","$","M","$","E","M","M","T","R","M","?","R","M","R","B"],"character_chosen":"DEFECT","items_purchased":["Glacier","SkillPotion"],"campfire_rested":1,"item_purchase_floors":[7,7],"current_hp_per_floor":[68,68,61,61,47,32,32,25,25,47,44,44,44,44,44,16,60,58,58,73,58,73,70,51,46,46,46,48,48,48,34,34,0,0],"gold":496,"neow_bonus":"BOSS_RELIC","is_daily":false,"chose_seed":false,"campfire_upgraded":3,"win_rate":0.0,"timestamp":1608260284,"path_taken":["M","M","M","?","M","E","$","M","T","R","M","E","M","M","R","BOSS","M","?","?","?","$","E","M","M","T","R","M","?","R","?","R","BOSS"],"items_purchased_type":["Card","Potion"],"build_version":"2020-12-13","purchased_purges":3,"victory":false,"max_hp_per_floor":[75,75,75,75,75,75,75,75,75,75,75,75,75,75,75,75,75,75,75,75,75,75,75,75,75,75,75,77,77,77,79,79,79,79],"card_choices":[{"not_picked":["Conserve Battery","Redo"],"picked":"Ball Lightning","floor":1.0},{"not_picked":["Leap","Go for the Eyes"],"picked":"Genetic Algorithm","floor":2.0},{"not_picked":["Compile Driver","Steam"],"picked":"Conserve Battery","floor":3.0},{"not_picked":["Scrape","Stack"],"picked":"Chaos","floor":5.0},{"not_picked":["Heatsinks","Beam Cell"],"picked":"Reboot","floor":6.0},{"not_picked":["Barrage","Scrape","Skim"],"picked":"Chill","floor":8.0},{"not_picked":["Reprogram","Rebound","Steam"],"picked":"Hologram","floor":11.0},{"not_picked":["Stack","Barrage","Steam"],"picked":"Go for the Eyes","floor":12.0},{"not_picked":["Leap","Barrage","Force Field","Blizzard"],"picked":"SKIP","floor":13.0},{"not_picked":["Turbo","Redo","Streamline"],"picked":"Fission","floor":14.0},{"not_picked":["Hyperbeam","Machine Learning","Creative AI"],"picked":"Meteor Strike","floor":16.0},{"not_picked":["Gash","Steam","Go for the Eyes"],"picked":"Coolheaded","floor":18.0},{"not_picked":["Reprogram+1","Compile Driver","Heatsinks","Aggregate"],"picked":"SKIP","floor":21.0},{"not_picked":["Go for the Eyes","Streamline","Coolheaded+1","Stack+1"],"picked":"SKIP","floor":23.0},{"not_picked":["Compile Driver","Thunder Strike","Scrape","Hologram"],"picked":"SKIP","floor":24.0},{"not_picked":["Conserve Battery","Redo","Ball Lightning","Rebound+1"],"picked":"SKIP","floor":25.0},{"not_picked":["Hologram","Compile Driver","Stack","Streamline"],"picked":"Singing Bowl","floor":28.0},{"not_picked":["Compile Driver+1","Go for the Eyes","Blizzard+1","Storm+1"],"picked":"Singing Bowl","floor":31}],"player_experience":569660,"relics_obtained":[{"floor":6.0,"key":"Question Card"},{"floor":9.0,"key":"PreservedInsect"},{"floor":12.0,"key":"MealTicket"},{"floor":23.0,"key":"MawBank"},{"floor":26.0,"key":"Singing Bowl"}],"event_choices":[{"damage_healed":0.0,"max_hp_gain":0.0,"max_hp_loss":0.0,"gold_gain":0.0,"event_name":"Accursed Blacksmith","player_choice":"Forge","floor":19.0,"gold_loss":0.0,"damage_taken":0.0,"cards_upgraded":["Hologram"]},{"damage_healed":0,"gold_gain":250,"player_choice":"Bet on Owner","damage_taken":0,"max_hp_gain":0,"max_hp_loss":0,"event_name":"The Joust","floor":29,"gold_loss":50}],"is_beta":false,"boss_relics":[{"not_picked":["Philosopher\u0027s Stone","Empty Cage"],"picked":"Runic Pyramid"}],"items_purged_floors":[4,20,22],"is_endless":false,"potions_floor_spawned":[3,11,12,14,24,28,31],"killed_by":"Automaton","ascension_level":10}}