{"host":"wcdwdpnxbe04tinu","time":1608323245,"event":{"mods":["BaseMod","Downfall","Minty Spire (QoL Compilation)","Relic Sorter","StSLib"],"gold_per_floor":[99,132,151,165,183,198,198,198,198],"floor_reached":8,"playtime":360,"items_purged":[],"score":58,"play_id":"507dd6eb-9a2f-479f-8862-ffbf2820753e","local_time":"20201218142725","is_ascension_mode":false,"campfire_choices":[{"data":"champ:Taunt","floor":1,"key":"SMITH"}],"circlet_count":0,"master_deck":["champ:Strike","champ:Strike","champ:Strike","champ:Strike","champ:Defend","champ:Defend","champ:Defend","champ:Defend","champ:Execute","champ:Taunt+1","champ:Encircle","champ:EnragedBash","champ:FocusedBerserking","champ:StanceDance"],"relics":["champ:ChampionCrown","Nunchaku","Shuriken"],"acts_visited":["Exordium"],"potions_floor_usage":[],"damage_taken":[{"damage":40,"enemies":"Gremlin Nob","floor":2,"turns":5},{"damage":13,"enemies":"Small Slimes","floor":3,"turns":3},{"damage":17,"enemies":"Cultist","floor":4,"turns":3},{"damage":13,"enemies":"Jaw Worm","floor":5,"turns":6},{"damage":15,"enemies":"Blue Slaver","floor":6,"turns":5},{"damage":46,"enemies":"Lagavulin","floor":8,"turns":7}],"seed_played":"575348972805849574","potions_obtained":[{"floor":2,"key":"BlessingOfTheForge"},{"floor":4,"key":"DistilledChaos"},{"floor":6,"key":"SpeedPotion"}],"is_trial":false,"path_per_floor":["R","E","M","M","M","M","T","E"],"character_chosen":"THE_CHAMP","items_purchased":[],"campfire_rested":0,"item_purchase_floors":[],"current_hp_per_floor":[90,60,51,45,45,39,39,0,0],"gold":198,"neow_bonus":"RANDOM_COMMON_RELIC","is_daily":false,"chose_seed":false,"campfire_upgraded":1,"win_rate":0.0,"timestamp":1608323245,"path_taken":["R","E","M","M","M","M","T","E"],"items_purchased_type":[],"build_version":"2020-12-13","purchased_purges":0,"victory":false,"max_hp_per_floor":[90,90,90,90,90,90,90,90,90],"card_choices":[{"not_picked":["champ:DefensiveShout","champ:Haymaker"],"picked":"champ:Encircle","floor":2},{"not_picked":["champ:AdrenalArmor","champ:CrookedStrike"],"picked":"champ:EnragedBash","floor":3},{"not_picked":["champ:DefensiveShout","champ:TornadoPunch"],"picked":"champ:FocusedBerserking","floor":4},{"not_picked":["champ:TornadoPunch","champ:BladeFlurry","champ:CrookedStrike"],"picked":"SKIP","floor":5},{"not_picked":["champ:CrookedStrike","champ:FalseCounter"],"picked":"champ:StanceDance","floor":6}],"player_experience":512340,"relics_obtained":[{"floor":2,"key":"Shuriken"}],"event_choices":[],"is_beta":false,"boss_relics":[],"items_purged_floors":[],"is_endless":false,"potions_floor_spawned":[2,4,6],"killed_by":"Lagavulin","ascension_level":0}}