{"host":"8e68pzgs4bln6t6e","time":1608297629,"event":{"mods":["AchievementEnabler","Act Like it!","BaseMod","Better Note","BetterRewards","Colored Powertips","Googly Eyes","Hallownest","Hubris","Infinite Spire","Jorbs\u0027s Wanderer Trilogy","Marisa????????","Minty Spire (QoL Compilation)","Quick Restart","Rare Cards Sparkle","Replay The Spire","Shop Mod","StSLib","The Animator","The Bug Knight","The Cursed","The Disciple","The Hierophant","The Servant 0.9.4"],"gold_per_floor":[110,29,29,40,57,92,142,142,142,317,52,52,83,94,94,192,192,202,38,38,57,57,57,88,58,58,90,109,128,139,165,165,265,265,282,282,232,284,384,416,432,463,490,503,503,503,503,519,519,519,519],"floor_reached":50,"playtime":5659,"items_purged":["Doubt","Writhe"],"score":748,"play_id":"a1b3326f-bafc-4404-bb13-f9c6c346ee99","local_time":"20201218142029","is_ascension_mode":true,"campfire_choices":[{"floor":8,"key":"REST"},{"floor":12,"key":"REST"},{"floor":15,"key":"REST"},{"data":"ReplayTheSpireMod:Black Plague","floor":23,"key":"SMITH"},{"floor":32,"key":"REST"},{"floor":45,"key":"REST"},{"floor":49,"key":"RECALL"}],"circlet_count":0,"master_deck":["Strike_B+1","Strike_B","Strike_B+1","Strike_B","Defend_B","Defend_B","Defend_B","Defend_B","Zap","Dualcast","Midas Touch+1","Reinforced Body","Auto Shields","Crystallizer","ReplayTheSpireMod:Omega Cannon","Undo","Conserve Battery","Master of Strategy+1","Redo","Electrodynamics+1","ReplayUltimateDefense+1","ReplayTheSpireMod:Black Plague+1","Meteor Strike+1","Turbo+1","Tempest","Echo Form+1","Double Energy+1","infinitespire:Oblivion","Beam Cell+1","Steam+1"],"relics":["Cracked Core","Toy Ornithopter","Golden Egg","infinitespire:WardingShard","HornCleat","Replay:Bronze Core","Tiny Chest","Lantern","Lizard Tail","Smiling Mask","SlaversCollar","ReplayTheSpireMod:Ring of Addiction","Chameleon Ring","White Beast Statue","Strawberry","Thread and Needle","Replay:Baseball","Replay:Bottled Steam","Whetstone","Mango"],"acts_visited":["Exordium","TheCity","TheBeyond"],"potions_floor_usage":[6,6,16,33,33,39,39,50,50],"damage_taken":[{"damage":0,"enemies":"Cultist","floor":1,"turns":4},{"damage":6,"enemies":"Jaw Worm","floor":4,"turns":2},{"damage":0,"enemies":"Small Slimes","floor":5,"turns":3},{"damage":3,"enemies":"Lagavulin","floor":6,"turns":8},{"damage":17,"enemies":"HollowMod:MossKnight","floor":13,"turns":9},{"damage":7,"enemies":"Red Slaver","floor":14,"turns":2},{"damage":38,"enemies":"Hexaghost","floor":16,"turns":15},{"damage":0,"enemies":"Shell Parasite","floor":18,"turns":5},{"damage":11,"enemies":"Chosen","floor":21,"turns":4},{"damage":0,"enemies":"Replay:Snechameleon","floor":24,"turns":3},{"damage":18,"enemies":"Gremlin Leader","floor":27,"turns":7},{"damage":0,"enemies":"Snecko","floor":28,"turns":4},{"damage":0,"enemies":"Centurion and Healer","floor":29,"turns":5},{"damage":3,"enemies":"Chosen and Byrds","floor":30,"turns":3},{"damage":0,"enemies":"Replay:Snechameleon","floor":31,"turns":4},{"damage":16,"enemies":"hubris:MusketHawk","floor":33,"turns":6},{"damage":0,"enemies":"3 Shapes","floor":35,"turns":6},{"damage":0,"enemies":"infinitespire:Three Voidlings","floor":39,"turns":5},{"damage":0,"enemies":"Nightmare_Alpha","floor":39,"turns":8},{"damage":0,"enemies":"HollowMod:StalkingDevout","floor":40,"turns":6},{"damage":4,"enemies":"3 Darklings","floor":41,"turns":4},{"damage":42,"enemies":"Nightmare","floor":42,"turns":9},{"damage":0,"enemies":"Writhing Mass","floor":44,"turns":7},{"damage":0,"enemies":"3 Darklings","floor":48,"turns":5},{"damage":231,"enemies":"hubris:GrandSnecko","floor":50,"turns":18}],"seed_played":"-8619959674297397762","potions_obtained":[{"floor":1,"key":"FearPotion"},{"floor":5,"key":"Swift Potion"},{"floor":14,"key":"Weak Potion"},{"floor":24,"key":"SmokeBomb"},{"floor":25,"key":"DistilledChaos"},{"floor":25,"key":"Elixir"},{"floor":27,"key":"infinitespire:BlackPotion"},{"floor":33,"key":"SkillPotion"},{"floor":36,"key":"Flashbang"},{"floor":39,"key":"SkillPotion"},{"floor":40,"key":"Dexterity Potion"},{"floor":41,"key":"Adrenaline Potion"}],"is_trial":false,"path_per_floor":["M","$","?","M","M","E","?","R","T","?","$","R","E","M","R","B",null,"M","$","?","M","AVR","R","E","?","T","E","M","M","M","E","R","B",null,"M","?","$","T","?","E","M","NM","T","M","R","?","AVR","M","R","B"],"character_chosen":"DEFECT","items_purchased":["Auto Shields","Master of Strategy","ReplayUltimateDefense"],"campfire_rested":5,"item_purchase_floors":[2,11,19],"current_hp_per_floor":[54,54,54,48,48,45,27,49,49,49,49,71,54,47,69,36,75,75,75,75,64,64,64,64,64,64,46,46,46,43,43,65,59,75,75,75,75,82,82,82,78,36,36,36,60,60,74,74,74,0,0],"gold":519,"neow_bonus":"RANDOM_COLORLESS_2","is_daily":false,"chose_seed":false,"campfire_upgraded":1,"win_rate":0.0,"timestamp":1608297629,"path_taken":["M","?","?","?","?","E","?","R","T","?","?","R","E","?","R","BOSS","M","$","?","M","AVR","R","E","?","T","E","M","M","?","E","R","BOSS","M","?","$","?","?","E","M","NM","T","M","R","?","AVR","M","R","BOSS"],"items_purchased_type":["Card","Card","Card"],"build_version":"2020-12-13","purchased_purges":2,"victory":false,"max_hp_per_floor":[75,75,75,75,75,75,75,75,75,75,75,75,75,75,75,75,75,75,75,75,75,75,75,75,75,75,75,75,75,75,75,75,75,75,75,75,75,82,82,82,82,82,80,80,80,78,92,92,90,90,90],"card_choices":[{"not_picked":["ReplayTheSpireMod:Brewmster","Poisoned Strike"],"picked":"Midas Touch","floor":0},{"not_picked":["Sweeping Beam","Heatsinks"],"picked":"Reinforced Body","floor":1},{"not_picked":["Hologram","Streamline","Genetic Algorithm"],"picked":"SKIP","floor":4},{"not_picked":["Hologram","BasicCrystalCard"],"picked":"Crystallizer","floor":5},{"not_picked":["Panic Button","Go for the Eyes"],"picked":"ReplayTheSpireMod:Omega Cannon","floor":6},{"not_picked":["Consume","Leap"],"picked":"Undo","floor":7},{"not_picked":["Beam Cell","Cold Snap"],"picked":"Conserve Battery","floor":7},{"not_picked":["Hologram","BasicCrystalCard"],"picked":"Redo","floor":13},{"not_picked":["Redo","hubris:Ukulele","Steam"],"picked":"SKIP","floor":14},{"not_picked":["Fission","Mirror Shield"],"picked":"Electrodynamics","floor":16},{"not_picked":["Cold Snap","Barrage","ReplayTheSpireMod:System Scan"],"picked":"SKIP","floor":18},{"not_picked":["Compile Driver","Conserve Battery","Beam Cell"],"picked":"SKIP","floor":21},{"not_picked":["ReplaySort","FTL"],"picked":"Meteor Strike","floor":24},{"not_picked":["Barrage","Reprogram"],"picked":"Turbo+1","floor":27},{"not_picked":["Turbo","Barrage","Sweeping Beam"],"picked":"SKIP","floor":28},{"not_picked":["Compile Driver","ReplayTheSpireMod:System Scan+1","Coolheaded"],"picked":"SKIP","floor":29},{"not_picked":["Leap","Coolheaded","Barrage"],"picked":"SKIP","floor":30},{"not_picked":["Hologram","ReplaySort"],"picked":"Tempest","floor":31},{"not_picked":["ReplayTheSpireMod:Omega Cannon","Hyperbeam"],"picked":"Echo Form","floor":33},{"not_picked":["Time Bomb","Sweeping Beam"],"picked":"Double Energy+1","floor":35},{"not_picked":["infinitespire:Menacing","ReplayTheSpireMod:Haul"],"picked":"infinitespire:Oblivion","floor":39},{"not_picked":["Ball Lightning","hubris:DoWhile"],"picked":"Beam Cell+1","floor":39},{"not_picked":["Leap+1","Melter","Darkness+1"],"picked":"SKIP","floor":40},{"not_picked":["Streamline","Compile Driver"],"picked":"Steam+1","floor":41},{"not_picked":["Self Repair","Leap","ReplayTheSpireMod:Repulse+1"],"picked":"SKIP","floor":42},{"not_picked":["Sweeping Beam","ReplayTheSpireMod:Reroute Power","Steam+1"],"picked":"SKIP","floor":44},{"not_picked":["Recycle+1","Ball Lightning","Leap"],"picked":"SKIP","floor":48}],"player_experience":194156,"relics_obtained":[{"floor":6,"key":"Toy Ornithopter"},{"floor":7,"key":"Golden Egg"},{"floor":9,"key":"infinitespire:WardingShard"},{"floor":13,"key":"HornCleat"},{"floor":24,"key":"Lantern"},{"floor":27,"key":"Lizard Tail"},{"floor":31,"key":"Smiling Mask"},{"floor":36,"key":"ReplayTheSpireMod:Ring of Addiction"},{"floor":36,"key":"Chameleon Ring"},{"floor":36,"key":"White Beast Statue"},{"floor":38,"key":"Strawberry"},{"floor":39,"key":"Thread and Needle"},{"floor":40,"key":"Replay:Baseball"},{"floor":42,"key":"Replay:Bottled Steam"},{"floor":43,"key":"Whetstone"}],"event_choices":[{"damage_healed":0,"gold_gain":0,"player_choice":"Forge","damage_taken":0,"max_hp_gain":0,"max_hp_loss":0,"event_name":"Accursed Blacksmith","floor":3,"gold_loss":0,"cards_upgraded":["Midas Touch"]},{"damage_healed":0,"gold_gain":175,"player_choice":"AGREE","damage_taken":0,"max_hp_gain":0,"max_hp_loss":0,"event_name":"Liars Game","floor":10,"gold_loss":0,"cards_obtained":["Doubt"]},{"damage_healed":0,"gold_gain":0,"player_choice":"Opened","damage_taken":0,"relics_obtained":["Tiny Chest"],"max_hp_gain":0,"max_hp_loss":0,"event_name":"The Mausoleum","floor":20,"gold_loss":0,"cards_obtained":["Writhe"]},{"damage_healed":0,"gold_gain":0,"player_choice":"Bought 2 Potions","damage_taken":0,"max_hp_gain":0,"max_hp_loss":0,"event_name":"The Woman in Blue","floor":25,"gold_loss":0}],"is_beta":false,"boss_relics":[{"not_picked":["Coffee Dripper","FrozenCore"],"picked":"Replay:Bronze Core"},{"not_picked":["Philosopher\u0027s Stone","Ring of Chaos"],"picked":"SlaversCollar"}],"items_purged_floors":[11,37],"is_endless":true,"potions_floor_spawned":[1,5,14,24,27,29,33,39,39,40,41,44,48],"killed_by":"hubris:GrandSnecko","ascension_level":1}}