{"host":"aukiz5jlacd3g5yc","time":1608262549,"event":{"mods":["2.2 Compatiblity","BaseMod","Bestiary","Colored Map","Colored Powertips","Downfall","GifTheSpireLib","Highlight Path","Hubris","Infinite Spire","Marisa????????","Minty Spire (QoL Compilation)","Permanent Neow","Quick Restart","Random Character Button","Rare Cards Sparkle","Relic Sorter","Relic Stats","Replay The Spire","StSLib","Unknown Chances","everything is the same but u backflip on backflip","slay the spire mod where everything is the same but ironclad has a cowboy hat"],"gold_per_floor":[99,99,127,127,27,27],"floor_reached":5,"playtime":349,"items_purged":[],"score":37,"play_id":"7a98991c-236a-4208-92a3-c76f71601460","local_time":"20201217213549","is_ascension_mode":true,"campfire_choices":[{"data":"champ:Devastate","floor":1,"key":"SMITH"},{"data":"champ:Taunt","floor":4,"key":"SMITH"}],"circlet_count":0,"master_deck":["champ:Strike","champ:Strike","champ:Strike","champ:Strike","champ:Defend","champ:Defend","champ:Defend","champ:Defend","champ:Execute","champ:Taunt+1","champ:Devastate+1","ReplayTheSpireMod:IOU","Leap"],"relics":["champ:ChampionCrown","PrismaticShard","ReplayTheSpireMod:Shallot"],"acts_visited":["Exordium"],"potions_floor_usage":[],"damage_taken":[{"damage":55,"enemies":"3 Sentries","floor":3,"turns":10},{"damage":57,"enemies":"Lagavulin","floor":5,"turns":8}],"seed_played":"-2784651284853889398","potions_obtained":[],"is_trial":false,"path_per_floor":["R","?","E","R","E"],"character_chosen":"THE_CHAMP","items_purchased":[],"campfire_rested":0,"item_purchase_floors":[],"current_hp_per_floor":[90,90,45,45,0,0],"gold":27,"neow_bonus":"THREE_RARE_CARDS","is_daily":false,"chose_seed":false,"campfire_upgraded":2,"win_rate":0.0,"timestamp":1608262549,"path_taken":["R","?","E","R","E"],"items_purchased_type":[],"build_version":"2020-12-13","purchased_purges":0,"victory":false,"max_hp_per_floor":[90,90,90,90,90,90],"relic_stats":{"counters":[2,18],"obtain_stats":[{"ReplayTheSpireMod:Shallot":3,"champ:ChampionCrown":0,"PrismaticShard":2},{"ReplayTheSpireMod:Shallot":1,"champ:ChampionCrown":0,"PrismaticShard":0},{"ReplayTheSpireMod:Shallot":10,"champ:ChampionCrown":0,"PrismaticShard":0}]},"card_choices":[{"not_picked":["champ:IgnorePain","champ:HoldFirm"],"picked":"champ:Devastate","floor":0},{"not_picked":["Heavy Blade","BattleHymn"],"picked":"Leap","floor":3}],"player_experience":369242,"relics_obtained":[{"floor":3,"key":"ReplayTheSpireMod:Shallot"}],"event_choices":[],"is_beta":false,"boss_relics":[],"items_purged_floors":[],"is_endless":false,"potions_floor_spawned":[],"killed_by":"Lagavulin","ascension_level":1}}