{"host":"8u7tvcybuv0u72fd","time":1608277510,"event":{"mods":["BaseMod","BetterRewards","Colored Map","Colored Powertips","Minty Spire (QoL Compilation)","Quick Restart","Shop Mod"],"gold_per_floor":[118,134,84,96,96,96,123,123,123,123,123,223,233,233,233,334,334,353,364,439,459,469,469,495,495,495,410,509,434,42,59,59,156,156,175,187,187,187,34,34,47,47,73,91,91,91],"floor_reached":45,"playtime":2275,"items_purged":["Strike_R"],"score":606,"play_id":"78f1ecdf-e205-49d1-8696-326952ce54a8","local_time":"20201218024510","is_ascension_mode":false,"campfire_choices":[{"data":"Body Slam","floor":6.0,"key":"SMITH"},{"data":"Bash","floor":8.0,"key":"SMITH"},{"data":"Shrug It Off","floor":10.0,"key":"SMITH"},{"data":"Rampage","floor":15.0,"key":"SMITH"},{"data":"Berserk","floor":23.0,"key":"SMITH"},{"floor":25.0,"key":"REST"},{"data":"Seeing Red","floor":32.0,"key":"SMITH"},{"data":"Demon Form","floor":40.0,"key":"SMITH"},{"floor":42.0,"key":"REST"}],"circlet_count":0,"master_deck":["Strike_R","Strike_R","Defend_R","Defend_R","Defend_R","Defend_R","Bash+1","Body Slam+1","Battle Trance","Shrug It Off+1","Rampage+1","Berserk+1","Headbutt","Seeing Red+1","Demon Form+1","Flex+1","Dark Shackles","Rage+1"],"relics":["Burning Blood","Oddly Smooth Stone","Ornamental Fan","TungstenRod","Black Star","Champion Belt","Self Forming Clay","Red Skull","Pear","Sling","SacredBark","PreservedInsect","Boot"],"acts_visited":["TheCity","TheBeyond"],"potions_floor_usage":[44],"damage_taken":[{"damage":1.0,"enemies":"2 Louse","floor":1.0,"turns":2.0},{"damage":3.0,"enemies":"Cultist","floor":2.0,"turns":4.0},{"damage":0.0,"enemies":"Small Slimes","floor":4.0,"turns":3.0},{"damage":37.0,"enemies":"Lagavulin","floor":7.0,"turns":11.0},{"damage":0.0,"enemies":"Blue Slaver","floor":13.0,"turns":3.0},{"damage":11.0,"enemies":"Slime Boss","floor":16.0,"turns":8.0},{"damage":11.0,"enemies":"2 Thieves","floor":18.0,"turns":4.0},{"damage":4.0,"enemies":"Shell Parasite","floor":19.0,"turns":4.0},{"damage":11.0,"enemies":"Sentry and Sphere","floor":21.0,"turns":6.0},{"damage":14.0,"enemies":"Snake Plant","floor":22.0,"turns":4.0},{"damage":35.0,"enemies":"Book of Stabbing","floor":24.0,"turns":5.0},{"damage":5.0,"enemies":"Centurion and Healer","floor":31.0,"turns":5.0},{"damage":33.0,"enemies":"Collector","floor":33.0,"turns":8.0},{"damage":29.0,"enemies":"3 Darklings","floor":35.0,"turns":6.0},{"damage":14.0,"enemies":"Orb Walker","floor":36.0,"turns":4.0},{"damage":40.0,"enemies":"Transient","floor":41.0,"turns":5.0},{"damage":46,"enemies":"4 Shapes","floor":44,"turns":10},{"damage":20,"enemies":"Maw","floor":45,"turns":5}],"seed_played":"7585910919238605646","potions_obtained":[{"floor":7.0,"key":"BlessingOfTheForge"},{"floor":13.0,"key":"Block Potion"},{"floor":22.0,"key":"LiquidMemories"},{"floor":31.0,"key":"PowerPotion"},{"floor":41.0,"key":"LiquidBronze"}],"is_trial":false,"path_per_floor":["M","M","?","M","?","R","E","R","T","R","$","?","M","?","R","B",null,"M","M","?","M","M","R","E","R","T","?","?","?","$","M","R","B",null,"M","M","?","?","$","R","M","R","T","M","M"],"character_chosen":"IRONCLAD","items_purchased":["Oddly Smooth Stone","Body Slam","Fire Potion","Pear","Sling","PreservedInsect"],"campfire_rested":2,"item_purchase_floors":[0,0,0,30,30,39],"current_hp_per_floor":[73,76,76,80,85,85,54,54,54,54,54,54,60,60,60,55,85,80,82,75,70,62,62,33,58,58,58,58,58,68,69,69,42,95,72,64,64,64,64,64,30,58,58,18,0,0],"gold":91,"neow_bonus":"","is_daily":false,"chose_seed":false,"campfire_upgraded":7,"win_rate":0.0,"timestamp":1608277510,"path_taken":["M","M","?","M","?","R","E","R","T","R","$","?","?","?","R","BOSS","M","M","?","M","?","R","E","R","T","?","?","?","$","M","R","BOSS","M","M","?","?","$","R","M","R","T","?","M"],"items_purchased_type":["Relic","Card","Potion","Relic","Relic","Relic"],"build_version":"2020-12-13","purchased_purges":1,"victory":false,"max_hp_per_floor":[80,80,80,80,85,85,85,85,85,85,85,85,85,85,85,85,85,85,85,85,85,85,85,85,85,85,85,85,85,95,95,95,95,95,95,95,95,95,95,95,95,95,95,95,95,95],"card_choices":[{"not_picked":["Armaments","Sword Boomerang"],"picked":"Battle Trance","floor":1.0},{"not_picked":["Uppercut","Battle Trance"],"picked":"Shrug It Off","floor":2.0},{"not_picked":["Pommel Strike","Disarm","Perfected Strike"],"picked":"SKIP","floor":4.0},{"not_picked":["Anger","Havoc","Spot Weakness"],"picked":"SKIP","floor":7.0},{"not_picked":["Sword Boomerang","Havoc"],"picked":"Rampage","floor":13.0},{"not_picked":["Corruption","Feed"],"picked":"Berserk","floor":16.0},{"not_picked":["Battle Trance","Thunderclap","Cleave"],"picked":"SKIP","floor":18.0},{"not_picked":["Perfected Strike","Heavy Blade+1"],"picked":"Headbutt","floor":19.0},{"not_picked":["Wild Strike","Iron Wave","Clash+1"],"picked":"SKIP","floor":21.0},{"not_picked":["Flame Barrier","Perfected Strike","Thunderclap"],"picked":"SKIP","floor":22.0},{"not_picked":["Heavy Blade+1","Body Slam","Battle Trance"],"picked":"SKIP","floor":24.0},{"not_picked":["Anger","Sword Boomerang+1"],"picked":"Seeing Red","floor":31.0},{"not_picked":["Impervious","Corruption"],"picked":"Demon Form","floor":33.0},{"not_picked":["Warcry","Blood for Blood+1"],"picked":"Flex+1","floor":35.0},{"not_picked":["Headbutt+1","Feel No Pain","Clash+1"],"picked":"SKIP","floor":36.0},{"not_picked":["Purity","PanicButton"],"picked":"Dark Shackles","floor":38.0},{"not_picked":["Pommel Strike","Perfected Strike","Anger+1"],"picked":"SKIP","floor":41.0},{"not_picked":["Second Wind","Dark Embrace+1"],"picked":"Rage+1","floor":44}],"player_experience":1173870,"relics_obtained":[{"floor":7.0,"key":"Ornamental Fan"},{"floor":9.0,"key":"TungstenRod"},{"floor":24.0,"key":"Champion Belt"},{"floor":24.0,"key":"Self Forming Clay"},{"floor":43.0,"key":"Boot"}],"event_choices":[{"cards_removed":["Strike_R"],"damage_healed":0.0,"max_hp_gain":0.0,"max_hp_loss":0.0,"gold_gain":0.0,"event_name":"The Cleric","player_choice":"Card Removal","floor":3.0,"gold_loss":50.0,"damage_taken":0.0},{"damage_healed":0.0,"max_hp_gain":5.0,"max_hp_loss":0.0,"gold_gain":0.0,"event_name":"Big Fish","player_choice":"Donut","floor":5.0,"gold_loss":0.0,"damage_taken":0.0},{"damage_healed":0.0,"max_hp_gain":0.0,"max_hp_loss":0.0,"gold_gain":100.0,"event_name":"Golden Shrine","player_choice":"Pray","floor":12.0,"gold_loss":0.0,"damage_taken":0.0},{"damage_healed":0.0,"max_hp_gain":0.0,"max_hp_loss":0.0,"gold_gain":0.0,"event_name":"Liars Game","player_choice":"Ignored","floor":14.0,"gold_loss":0.0,"damage_taken":0.0},{"damage_healed":0.0,"max_hp_gain":0.0,"max_hp_loss":0.0,"gold_gain":75.0,"event_name":"FaceTrader","player_choice":"Touch","floor":20.0,"gold_loss":0.0,"damage_taken":8.0},{"damage_healed":0.0,"max_hp_gain":0.0,"max_hp_loss":0.0,"gold_gain":0.0,"event_name":"Addict","player_choice":"Obtained Relic","floor":27.0,"gold_loss":85.0,"damage_taken":0.0,"relics_obtained":["Red Skull"]},{"damage_healed":0.0,"max_hp_gain":0.0,"max_hp_loss":0.0,"gold_gain":99.0,"event_name":"Nest","player_choice":"Stole From Cult","floor":28.0,"gold_loss":0.0,"damage_taken":0.0},{"cards_removed":["Strike_R"],"damage_healed":0.0,"max_hp_gain":0.0,"max_hp_loss":0.0,"gold_gain":0.0,"event_name":"Beggar","player_choice":"Gave Gold","floor":29.0,"gold_loss":75.0,"damage_taken":0.0},{"damage_healed":0.0,"max_hp_gain":0.0,"max_hp_loss":0.0,"gold_gain":0.0,"event_name":"Tomb of Lord Red Mask","player_choice":"Ignored","floor":37.0,"gold_loss":0.0,"damage_taken":0.0},{"damage_healed":0.0,"max_hp_gain":0.0,"max_hp_loss":0.0,"gold_gain":0.0,"event_name":"SensoryStone","player_choice":"Memory 1","floor":38.0,"gold_loss":0.0,"damage_taken":0.0}],"is_beta":false,"boss_relics":[{"not_picked":["Sozu","Runic Cube"],"picked":"Black Star"},{"not_picked":["Tiny House","Empty Cage"],"picked":"SacredBark"}],"items_purged_floors":[0],"is_endless":false,"potions_floor_spawned":[7,13,22,31,41],"killed_by":"Maw","ascension_level":0}}