{"host":"kav75jn2167pb2t0","time":1608317746,"event":{"mods":["AchievementEnabler","BaseMod","Colored Map","Colored Powertips","FTL Soundtrack","Minty Spire (QoL Compilation)","Quick Restart","StSLib","SuperFastMode"],"gold_per_floor":[117,117,42,58,58,86,86,121,121,154,154,166,12,23,23,100,100,119,34,34,34],"floor_reached":20,"playtime":799,"items_purged":["Defend_G"],"score":480,"play_id":"bc835883-12c2-4573-83e6-7008e548dd96","local_time":"20201218135546","is_ascension_mode":true,"campfire_choices":[{"data":"Burst","floor":7.0,"key":"SMITH"},{"data":"Blade Dance","floor":11.0,"key":"SMITH"},{"floor":15.0,"key":"REST"}],"circlet_count":0,"master_deck":["AscendersBane","Survivor","Neutralize","Blade Dance+1","Blade Dance+1","Burst+1","A Thousand Cuts","After Image","A Thousand Cuts","Escape Plan","Storm of Steel","Poisoned Stab","Finisher","Acrobatics","Sucker Punch","Escape Plan","Deflect"],"relics":["Ring of the Snake","NeowsBlessing","Tingsha","CaptainsWheel","Matryoshka","Oddly Smooth Stone","Pandora\u0027s Box","Dead Branch"],"acts_visited":["Exordium","TheCity"],"potions_floor_usage":[20],"damage_taken":[{"damage":0.0,"enemies":"Jaw Worm","floor":1.0,"turns":1.0},{"damage":0.0,"enemies":"2 Louse","floor":4.0,"turns":1.0},{"damage":0.0,"enemies":"3 Sentries","floor":6.0,"turns":1.0},{"damage":2.0,"enemies":"Gremlin Nob","floor":8.0,"turns":3.0},{"damage":34.0,"enemies":"3 Sentries","floor":10.0,"turns":10.0},{"damage":6.0,"enemies":"Small Slimes","floor":12.0,"turns":3.0},{"damage":8.0,"enemies":"Exordium Thugs","floor":14.0,"turns":4.0},{"damage":24,"enemies":"The Guardian","floor":16,"turns":14},{"damage":7,"enemies":"2 Thieves","floor":18,"turns":2},{"damage":0,"enemies":"Shell Parasite","floor":20,"turns":2}],"seed_played":"7055010804471680546","potions_obtained":[{"floor":6.0,"key":"DistilledChaos"},{"floor":12.0,"key":"Ancient Potion"},{"floor":16,"key":"DuplicationPotion"}],"is_trial":false,"path_per_floor":["M","?","?","M","?","E","R","E","T","E","R","M","$","M","R","B",null,"M","?","M"],"character_chosen":"THE_SILENT","items_purchased":["A Thousand Cuts"],"campfire_rested":1,"item_purchase_floors":[13],"current_hp_per_floor":[59,59,59,59,59,59,59,57,57,23,23,17,17,9,28,4,51,44,44,44,44],"gold":34,"neow_bonus":"THREE_ENEMY_KILL","is_daily":false,"chose_seed":false,"campfire_upgraded":2,"win_rate":0.0,"timestamp":1608317746,"path_taken":["M","?","?","M","?","E","R","E","T","E","R","M","$","M","R","BOSS","M","?","M"],"items_purchased_type":["Card"],"build_version":"2020-12-13","purchased_purges":1,"victory":false,"max_hp_per_floor":[66,66,66,66,66,66,66,66,66,66,66,66,66,66,66,66,66,66,66,66,66],"card_choices":[{"not_picked":["Dagger Spray","Crippling Poison"],"picked":"Blade Dance","floor":1.0},{"not_picked":["Sucker Punch","Predator"],"picked":"Blade Dance","floor":4.0},{"not_picked":["Distraction","Glass Knife"],"picked":"Burst","floor":6.0},{"not_picked":["Dash","Caltrops","Flying Knee"],"picked":"SKIP","floor":8.0},{"not_picked":["Backflip","Prepared","Dagger Throw"],"picked":"SKIP","floor":10.0},{"not_picked":["Backflip","Acrobatics","Outmaneuver"],"picked":"SKIP","floor":12.0},{"not_picked":["Backstab","Leg Sweep","Reflex"],"picked":"SKIP","floor":14.0},{"not_picked":["Adrenaline","Die Die Die"],"picked":"After Image","floor":16},{"not_picked":["Outmaneuver","Crippling Poison"],"picked":"Deflect","floor":18}],"player_experience":557656,"relics_obtained":[{"floor":6.0,"key":"Tingsha"},{"floor":8.0,"key":"CaptainsWheel"},{"floor":9.0,"key":"Matryoshka"},{"floor":10.0,"key":"Oddly Smooth Stone"}],"event_choices":[{"damage_healed":0.0,"max_hp_gain":0.0,"max_hp_loss":0.0,"gold_gain":0.0,"event_name":"Liars Game","player_choice":"Ignored","floor":2.0,"gold_loss":0.0,"damage_taken":0.0},{"cards_removed":["Strike_G"],"damage_healed":0.0,"max_hp_gain":0.0,"max_hp_loss":0.0,"gold_gain":0.0,"event_name":"The Cleric","player_choice":"Card Removal","floor":3.0,"gold_loss":75.0,"damage_taken":0.0},{"damage_healed":0.0,"max_hp_gain":0.0,"max_hp_loss":0.0,"gold_gain":0.0,"event_name":"Upgrade Shrine","player_choice":"Upgraded","floor":5.0,"gold_loss":0.0,"damage_taken":0.0,"cards_upgraded":["Blade Dance"]},{"damage_healed":0,"gold_gain":0,"player_choice":"Obtained Relic","damage_taken":0,"relics_obtained":["Dead Branch"],"max_hp_gain":0,"max_hp_loss":0,"event_name":"Addict","floor":19,"gold_loss":85}],"is_beta":false,"boss_relics":[{"not_picked":["Snecko Eye","Runic Pyramid"],"picked":"Pandora\u0027s Box"}],"items_purged_floors":[13],"is_endless":false,"potions_floor_spawned":[6,12,16],"killed_by":"Shell Parasite","ascension_level":20}}