{"host":"pbf6u3tyx46snqc7","time":1608267462,"event":{"mods":["AchievementEnabler","BaseMod","Colored Map","Marisa£¨Ùöéë¡¡Øª×âÞÞ£©","Minty Spire (QoL Compilation)","Rare Cards Sparkle","SuperFastMode"],"gold_per_floor":[114,134,134,5,5,5,48,48,74,95,7,82,14,35,35,186,186,204,222,222,96,177,177,20,20,100,100,199,258,323,50,50,70,70],"floor_reached":33,"playtime":1918,"items_purged":["Strike_MRS","Defend_MRS","Defend_MRS"],"score":293,"play_id":"ce9a8f44-18e9-4913-a546-ad3aa7de0b1c","local_time":"20201218135742","is_ascension_mode":false,"campfire_choices":[{"data":"MysteriousBeam","floor":6.0,"key":"SMITH"},{"data":"MilkyWay","floor":8.0,"key":"SMITH"},{"data":"WitchOfGreed","floor":15.0,"key":"SMITH"},{"floor":23,"key":"REST"},{"floor":25,"key":"REST"},{"floor":27,"key":"RECALL"},{"data":"Robbery","floor":32,"key":"SMITH"}],"circlet_count":0,"master_deck":["Strike_MRS","Strike_MRS","Strike_MRS","Defend_MRS","Defend_MRS","MasterSpark","GrandCross","MilkyWay+1","MysteriousBeam+1","UnstableBomb","ManaConvection","PulseMagic","WitchOfGreed+1","RefractionSpark","DC","MaximisePower","EnergyFlow+1","Robbery+1","WitchOfGreed","WitchLeyline+1","LuminesStrike+1","IllusionStar"],"relics":["MiniHakkero","NeowsBlessing","Golden Idol","Darkstone Periapt","Omamori","RampagingMagicTools","Potion Belt","Eternal Feather","Anchor"],"acts_visited":["Exordium","TheCity"],"potions_floor_usage":[18,22,33,33,33,33],"damage_taken":[{"damage":0.0,"enemies":"Small Slimes","floor":1.0,"turns":1.0},{"damage":0.0,"enemies":"2 Louse","floor":2.0,"turns":1.0},{"damage":0.0,"enemies":"Lagavulin","floor":7.0,"turns":1.0},{"damage":0.0,"enemies":"Jaw Worm","floor":10.0,"turns":2.0},{"damage":5.0,"enemies":"Looter","floor":14.0,"turns":2.0},{"damage":11.0,"enemies":"Slime Boss","floor":16.0,"turns":6.0},{"damage":10,"enemies":"3 Byrds","floor":18,"turns":2},{"damage":0,"enemies":"Spheric Guardian","floor":19,"turns":2},{"damage":60,"enemies":"Shelled Parasite and Fungi","floor":22,"turns":5},{"damage":5,"enemies":"Cultist and Chosen","floor":29,"turns":3},{"damage":12,"enemies":"Centurion and Healer","floor":30,"turns":3},{"damage":60,"enemies":"Champ","floor":33,"turns":7}],"seed_played":"7769519111979278087","potions_obtained":[{"floor":2.0,"key":"Explosive Potion"},{"floor":16.0,"key":"SkillPotion"},{"floor":18,"key":"Dexterity Potion"},{"floor":19,"key":"Weak Potion"},{"floor":22,"key":"EssenceOfSteel"},{"floor":22,"key":"PowerPotion"},{"floor":29,"key":"Strength Potion"},{"floor":29,"key":"EssenceOfSteel"},{"floor":30,"key":"BottledSpark"}],"is_trial":false,"path_per_floor":["M","M","?","$","?","R","E","R","T","M","$","?","$","M","R","B",null,"M","M","?","$","M","R","$","R","T","R","?","M","M","$","R","B"],"character_chosen":"MARISA","items_purchased":["MysteriousBeam","PulseMagic","WitchOfGreed","RefractionSpark","WitchOfGreed","Potion Belt","Anchor"],"campfire_rested":2,"item_purchase_floors":[4,11,11,13,21,24,31],"current_hp_per_floor":[75,75,80,80,74,74,74,74,74,74,74,63,63,58,58,47,74,64,64,64,64,4,26,26,48,48,60,60,55,43,43,55,0,0],"gold":70,"neow_bonus":"THREE_ENEMY_KILL","is_daily":false,"chose_seed":false,"campfire_upgraded":4,"win_rate":0.0,"timestamp":1608267462,"path_taken":["M","M","?","$","?","R","E","R","T","M","?","?","$","M","R","BOSS","M","M","?","$","M","R","$","R","T","R","?","M","M","$","R","BOSS"],"items_purchased_type":["Card","Card","Card","Card","Card","Relic","Relic"],"build_version":"2020-12-13","purchased_purges":3,"victory":false,"max_hp_per_floor":[75,75,80,80,74,74,74,74,74,74,74,74,74,74,74,74,74,74,74,74,74,74,74,74,74,74,74,74,74,74,74,74,74,74],"card_choices":[{"not_picked":["WitchLeyline","DarkSpark"],"picked":"GrandCross","floor":1.0},{"not_picked":["IllusionStar","ShootingEcho"],"picked":"MilkyWay","floor":2.0},{"not_picked":["6A","Occultation"],"picked":"UnstableBomb","floor":7.0},{"not_picked":["IllusionStar","WitchLeyline"],"picked":"ManaConvection","floor":10.0},{"not_picked":["OortCloud","GrandCross"],"picked":"DC","floor":14.0},{"not_picked":["StarDustReverie","FinalSpark"],"picked":"MaximisePower","floor":16.0},{"not_picked":["DarkMatter","RefractionSpark+1"],"picked":"EnergyFlow+1","floor":18},{"not_picked":["UnstableBomb","PropBag"],"picked":"Robbery","floor":19},{"not_picked":["GrandCross","MilkyWay"],"picked":"WitchLeyline+1","floor":22},{"not_picked":["IllusionStar","ShootingEcho"],"picked":"LuminesStrike+1","floor":29},{"not_picked":["EnergyRecoil","Acceleration"],"picked":"IllusionStar","floor":30}],"player_experience":269025,"relics_obtained":[{"floor":7.0,"key":"Darkstone Periapt"},{"floor":9.0,"key":"Omamori"},{"floor":26,"key":"Eternal Feather"}],"event_choices":[{"damage_healed":0.0,"max_hp_gain":5.0,"max_hp_loss":0.0,"gold_gain":0.0,"event_name":"Big Fish","player_choice":"Donut","floor":3.0,"gold_loss":0.0,"damage_taken":0.0},{"damage_healed":0.0,"max_hp_gain":0.0,"max_hp_loss":6.0,"gold_gain":0.0,"event_name":"Golden Idol","player_choice":"Lose Max HP","floor":5.0,"gold_loss":0.0,"damage_taken":0.0,"relics_obtained":["Golden Idol"]},{"damage_healed":0.0,"max_hp_gain":0.0,"max_hp_loss":0.0,"gold_gain":75.0,"event_name":"World of Goop","player_choice":"Gather Gold","floor":12.0,"gold_loss":0.0,"damage_taken":11.0},{"cards_removed":["UpSweep"],"damage_healed":0,"gold_gain":0,"player_choice":"Elegance","damage_taken":0,"max_hp_gain":0,"max_hp_loss":0,"event_name":"Back to Basics","floor":20,"gold_loss":0},{"damage_healed":0,"gold_gain":99,"player_choice":"Stole From Cult","damage_taken":0,"max_hp_gain":0,"max_hp_loss":0,"event_name":"Nest","floor":28,"gold_loss":0}],"is_beta":false,"boss_relics":[{"not_picked":["Sozu","Black Star"],"picked":"RampagingMagicTools"}],"items_purged_floors":[4,21,31],"is_endless":false,"potions_floor_spawned":[2,18,19,29],"killed_by":"Champ","ascension_level":0}}