{"host":"8fjsnt81u6xsmhji","time":1608324067,"event":{"mods":["BaseMod","Colored Powertips","Downfall","Glutton Mod","Minty Spire (QoL Compilation)","Quick Restart","Somnambulant","StSLib","The Bug Knight","The Construct","The Forsaken","The Hierophant","The Mystic"],"gold_per_floor":[99,118,118,132,132,150,150,161,196,196,209,50,150,166,180,180,180],"floor_reached":16,"playtime":966,"items_purged":[],"score":104,"play_id":"119c79a5-e01b-497a-aa72-52998d2a617b","local_time":"20201218144107","is_ascension_mode":false,"campfire_choices":[{"data":"HollowMod:FocusHealStart","floor":1.0,"key":"SMITH"},{"floor":10.0,"key":"RECALL"}],"circlet_count":0,"master_deck":["HollowMod:NailStrikeStart","HollowMod:NailStrikeStart","HollowMod:NailStrikeStart","HollowMod:NailStrikeStart","HollowMod:QuickDashStart","HollowMod:QuickDashStart","HollowMod:QuickDashStart","HollowMod:QuickDashStart","HollowMod:FocusHealStart+1","HollowMod:PogoStrike","HollowMod:NewGlowingWomb","HollowMod:TaintedHusks","HollowMod:CycloneSlash","HollowMod:SlysStrikes","HollowMod:InfectedCysts","HollowMod:MothsMistake","HollowMod:InfectionAssault","HollowMod:NewInfectedGuardian","HollowMod:MantisMark"],"relics":["HollowMod:VesselMask","MealTicket","theForsaken:PlagueMask","WingedGreaves","Ornamental Fan","Chemical X"],"acts_visited":["Exordium"],"potions_floor_usage":[16],"damage_taken":[{"damage":2.0,"enemies":"2 Louse","floor":2.0,"turns":2.0},{"damage":5.0,"enemies":"Small Slimes","floor":4.0,"turns":3.0},{"damage":10.0,"enemies":"Jaw Worm","floor":6.0,"turns":5.0},{"damage":12.0,"enemies":"Large Slime","floor":8.0,"turns":7.0},{"damage":14.0,"enemies":"Gremlin Nob","floor":9.0,"turns":5.0},{"damage":37.0,"enemies":"Exordium Thugs","floor":11.0,"turns":4.0},{"damage":0.0,"enemies":"downfall:FleeingMerchant","floor":12.0,"turns":4.0},{"damage":23.0,"enemies":"Blue Slaver","floor":14.0,"turns":4.0},{"damage":15,"enemies":"Large Slime","floor":15,"turns":6},{"damage":33,"enemies":"downfall:Ironclad","floor":16,"turns":5}],"seed_played":"-6895581705001496378","potions_obtained":[{"floor":2.0,"key":"Guardian:BlockOnCardUsePotion"},{"floor":9.0,"key":"FearPotion"},{"floor":14.0,"key":"SpeedPotion"}],"is_trial":false,"path_per_floor":["R","M","?","M","?","M","T","M","E","R","M","$","?","M","M","B"],"character_chosen":"THE_BUGKNIGHT","items_purchased":["Chemical X"],"campfire_rested":0,"item_purchase_floors":[12],"current_hp_per_floor":[75,73,73,68,68,68,68,68,60,60,29,54,54,41,26,0,0],"gold":180,"neow_bonus":"RANDOM_COMMON_RELIC","is_daily":false,"chose_seed":false,"campfire_upgraded":1,"win_rate":0.0,"timestamp":1608324067,"path_taken":["R","M","?","M","?","M","T","M","E","R","M","?","?","?","M","BOSS"],"items_purchased_type":["Relic"],"build_version":"2020-12-13","purchased_purges":0,"victory":false,"max_hp_per_floor":[75,75,75,75,75,75,75,75,75,75,75,75,75,75,75,75,75],"card_choices":[{"not_picked":["HollowMod:RecoilStrike","HollowMod:SoulSplash"],"picked":"HollowMod:NewGlowingWomb","floor":2.0},{"not_picked":["HollowMod:CornifersMapStart","HollowMod:VengefulVoid"],"picked":"HollowMod:TaintedHusks","floor":4.0},{"not_picked":["HollowMod:DungDefenderAura","HollowMod:CrystalDash"],"picked":"HollowMod:CycloneSlash","floor":6.0},{"not_picked":["HollowMod:InfectedCysts","HollowMod:SoulSplash"],"picked":"HollowMod:SlysStrikes","floor":8.0},{"not_picked":["HollowMod:NewLittleFool","HollowMod:SoulStrike"],"picked":"HollowMod:InfectedCysts","floor":9.0},{"not_picked":["HollowMod:CycloneSlash","HollowMod:CrystalDash"],"picked":"HollowMod:MothsMistake","floor":11.0},{"not_picked":["HollowMod:NewLittleFool","HollowMod:DoubleDash"],"picked":"HollowMod:InfectionAssault","floor":12.0},{"not_picked":["HollowMod:DoubleDash","HollowMod:CrystalDash"],"picked":"HollowMod:NewInfectedGuardian","floor":14.0},{"not_picked":["HollowMod:LifebloodCocoon","HollowMod:SharpenedNail"],"picked":"HollowMod:MantisMark","floor":15}],"player_experience":558743,"relics_obtained":[{"floor":7.0,"key":"WingedGreaves"},{"floor":9.0,"key":"Ornamental Fan"}],"event_choices":[{"damage_healed":0.0,"max_hp_gain":0.0,"max_hp_loss":0.0,"gold_gain":0.0,"event_name":"Plague Doctor","player_choice":"Obtain Plague Curse","floor":3.0,"gold_loss":0.0,"damage_taken":0.0,"cards_obtained":["theForsaken:PlagueCurse"]},{"cards_removed":["theForsaken:PlagueCurse"],"damage_healed":0.0,"max_hp_gain":0.0,"max_hp_loss":0.0,"gold_gain":0.0,"event_name":"Living Wall","player_choice":"Forget","floor":5.0,"gold_loss":0.0,"damage_taken":0.0}],"is_beta":false,"boss_relics":[],"items_purged_floors":[],"is_endless":false,"potions_floor_spawned":[2,9,14],"killed_by":"downfall:Ironclad","ascension_level":0}}