{"host":"eydwxg59205c3vtl","time":1608305259,"event":{"mods":["2.2 Compatiblity","BaseMod","Colored Map","Colored Powertips","Hubris","Minty Spire (QoL Compilation)","StSLib","The Necromancer"],"gold_per_floor":[114,114,133,133,152,183,183,183,209,209,134,167,17,28,28,129,129,147,147,147,147,165,190,208,219,219,66,66,86,97,129,129,129,129],"floor_reached":33,"playtime":1521,"items_purged":["Strike_G","Strike_G"],"score":552,"play_id":"427a1a3d-b962-4ae5-92bf-9b6637bace9d","local_time":"20201218102739","is_ascension_mode":true,"campfire_choices":[{"data":"Outmaneuver","floor":7,"key":"SMITH"},{"data":"Sucker Punch","floor":10,"key":"SMITH"},{"floor":15,"key":"REST"},{"data":"Footwork","floor":28,"key":"SMITH"},{"data":"Calculated Gamble","floor":32,"key":"SMITH"}],"circlet_count":0,"master_deck":["AscendersBane","Strike_G","Strike_G","Defend_G","Defend_G","Defend_G","Defend_G","Defend_G","Survivor","Neutralize","Riddle With Holes","Outmaneuver+1","Riddle With Holes","Sucker Punch+1","Footwork+1","Flying Knee","Doppelganger","Calculated Gamble+1","Dagger Spray","Dodge and Roll","Backflip+1"],"relics":["Ring of the Snake","hubris:Icosahedron","MealTicket","Pen Nib","Snake Skull","TwistedFunnel","Busted Crown","hubris:BottledHeart","Nloth\u0027s Gift","Bag of Marbles","Eternal Feather","Centennial Puzzle"],"acts_visited":["Exordium","TheCity"],"potions_floor_usage":[6,12,16,18,23,31,31,31,31],"damage_taken":[{"damage":0.0,"enemies":"Small Slimes","floor":1.0,"turns":1.0},{"damage":0.0,"enemies":"Jaw Worm","floor":3.0,"turns":1.0},{"damage":0.0,"enemies":"Cultist","floor":5.0,"turns":1.0},{"damage":32,"enemies":"3 Sentries","floor":6,"turns":8},{"damage":20,"enemies":"Lagavulin","floor":12,"turns":5},{"damage":0,"enemies":"Blue Slaver","floor":14,"turns":3},{"damage":58,"enemies":"Hexaghost","floor":16,"turns":12},{"damage":2,"enemies":"Chosen","floor":18,"turns":4},{"damage":0,"enemies":"2 Thieves","floor":22,"turns":3},{"damage":0,"enemies":"Slavers","floor":23,"turns":7},{"damage":0,"enemies":"Snake Plant","floor":24,"turns":5},{"damage":0,"enemies":"Shelled Parasite and Fungi","floor":25,"turns":5},{"damage":0,"enemies":"Centurion and Healer","floor":29,"turns":6},{"damage":0,"enemies":"Chosen and Byrds","floor":30,"turns":5},{"damage":0,"enemies":"Gremlin Leader","floor":31,"turns":6},{"damage":7,"enemies":"Automaton","floor":33,"turns":6}],"seed_played":"2086256522836985557","potions_obtained":[{"floor":5.0,"key":"Explosive Potion"},{"floor":6,"key":"CunningPotion"},{"floor":12,"key":"Explosive Potion"},{"floor":14,"key":"AttackPotion"},{"floor":22,"key":"Energy Potion"},{"floor":23,"key":"EntropicBrew"},{"floor":25,"key":"DistilledChaos"}],"is_trial":false,"path_per_floor":["M","?","M","?","M","E","R","?","T","R","$","E","$","M","R","B",null,"M","?","?","?","M","E","M","M","T","$","R","M","M","E","R","B"],"character_chosen":"THE_SILENT","items_purchased":["TwistedFunnel","Dodge and Roll"],"campfire_rested":1,"item_purchase_floors":[13,27],"current_hp_per_floor":[63,63,63,63,63,31,31,31,31,31,46,26,41,41,62,4,54,52,1,1,1,1,1,1,1,1,1,1,1,1,1,1,0,0],"gold":129,"neow_bonus":"THREE_ENEMY_KILL","is_daily":false,"chose_seed":false,"campfire_upgraded":4,"win_rate":0.0,"timestamp":1608305259,"path_taken":["M","?","M","?","?","E","R","?","T","R","$","E","?","M","R","BOSS","M","?","?","?","?","E","M","M","T","$","R","M","?","E","R","BOSS"],"items_purchased_type":["Relic","Card"],"build_version":"2020-12-13","purchased_purges":2,"victory":false,"max_hp_per_floor":[70,70,70,70,70,70,70,70,70,70,70,70,70,70,70,70,70,70,1,1,1,1,1,1,1,1,1,1,1,1,1,1,1,1],"card_choices":[{"not_picked":["Poisoned Stab","Deadly Poison"],"picked":"Riddle With Holes","floor":1.0},{"not_picked":["Crippling Poison","Underhanded Strike"],"picked":"Outmaneuver","floor":3.0},{"not_picked":["Dodge and Roll","Catalyst"],"picked":"Riddle With Holes","floor":5.0},{"not_picked":["Eviscerate","Concentrate"],"picked":"Sucker Punch","floor":6},{"not_picked":["PiercingWail","Escape Plan"],"picked":"Footwork","floor":12},{"not_picked":["Slice","Tools of the Trade"],"picked":"Flying Knee","floor":14},{"not_picked":["Storm of Steel","Corpse Explosion"],"picked":"Doppelganger","floor":16},{"not_picked":[],"picked":"Calculated Gamble","floor":18},{"not_picked":["Underhanded Strike"],"picked":"SKIP","floor":22},{"not_picked":["Wraith Form v2"],"picked":"SKIP","floor":23},{"not_picked":["Eviscerate"],"picked":"SKIP","floor":24},{"not_picked":["Dagger Throw"],"picked":"SKIP","floor":25},{"not_picked":["Underhanded Strike"],"picked":"SKIP","floor":29},{"not_picked":["Accuracy"],"picked":"SKIP","floor":30},{"not_picked":[],"picked":"Backflip+1","floor":31}],"player_experience":545592,"relics_obtained":[{"floor":6,"key":"MealTicket"},{"floor":9,"key":"Pen Nib"},{"floor":12,"key":"Snake Skull"},{"floor":23,"key":"Bag of Marbles"},{"floor":26,"key":"Eternal Feather"},{"floor":31,"key":"Centennial Puzzle"}],"event_choices":[{"cards_removed":["Strike_G"],"damage_healed":0.0,"max_hp_gain":0.0,"max_hp_loss":0.0,"gold_gain":0.0,"event_name":"Living Wall","player_choice":"Forget","floor":4.0,"gold_loss":0.0,"damage_taken":0.0},{"damage_healed":0,"gold_gain":0,"player_choice":"Bought 0 Potions","damage_taken":0,"max_hp_gain":0,"max_hp_loss":0,"event_name":"The Woman in Blue","floor":8,"gold_loss":0},{"damage_healed":0,"gold_gain":0,"player_choice":"Traded Relic","damage_taken":0,"relics_obtained":["Nloth\u0027s Gift"],"max_hp_gain":0,"max_hp_loss":0,"event_name":"N\u0027loth","floor":21,"relics_lost":["NeowsBlessing"],"gold_loss":0}],"is_beta":false,"boss_relics":[{"not_picked":["hubris:TerracottaHorce","hubris:VirtuousBlindfold"],"picked":"Busted Crown"}],"items_purged_floors":[11,27],"is_endless":false,"potions_floor_spawned":[5,6,12,14,22,23,25],"killed_by":"Automaton","ascension_level":12}}