{"host":"quagnxip3u93mzqy","time":1608249782,"event":{"mods":["AchievementEnabler","BaseMod","Colored Powertips","Minty Spire (QoL Compilation)","Quick Restart","SuperFastMode"],"gold_per_floor":[109,121,138,149,74,74,106,125,173,193,207,207,207],"floor_reached":12,"playtime":656,"items_purged":["Strike_G"],"score":109,"play_id":"e3de1c94-0409-44e9-83d5-720e40c78217","local_time":"20201218000302","is_ascension_mode":true,"campfire_choices":[{"data":"Dagger Spray","floor":6,"key":"SMITH"}],"circlet_count":0,"master_deck":["Strike_G","Strike_G","Strike_G","Strike_G","Defend_G","Defend_G","Defend_G","Defend_G","Defend_G","Survivor","Neutralize+1","Dagger Spray+1","Backflip","Deadly Poison","Tools of the Trade","Deadly Poison","Prepared","Dodge and Roll"],"relics":["Ring of the Snake","Smiling Mask","Dream Catcher"],"acts_visited":["Exordium"],"potions_floor_usage":[7,11,12,12],"damage_taken":[{"damage":0,"enemies":"Small Slimes","floor":1,"turns":5},{"damage":0,"enemies":"Cultist","floor":2,"turns":3},{"damage":2,"enemies":"2 Louse","floor":3,"turns":2},{"damage":4,"enemies":"Red Slaver","floor":4,"turns":6},{"damage":30,"enemies":"Lagavulin","floor":7,"turns":9},{"damage":1,"enemies":"Blue Slaver","floor":8,"turns":5},{"damage":2,"enemies":"2 Fungi Beasts","floor":10,"turns":4},{"damage":9,"enemies":"Exordium Thugs","floor":11,"turns":5},{"damage":26,"enemies":"Gremlin Nob","floor":12,"turns":4}],"seed_played":"5442426859403090209","potions_obtained":[{"floor":2,"key":"EssenceOfSteel"},{"floor":4,"key":"LiquidBronze"},{"floor":8,"key":"LiquidMemories"},{"floor":10,"key":"Ancient Potion"}],"is_trial":false,"path_per_floor":["M","M","M","M","$","R","E","M","T","M","M","E"],"character_chosen":"THE_SILENT","items_purchased":[],"campfire_rested":0,"item_purchase_floors":[],"current_hp_per_floor":[63,63,61,57,57,57,27,26,26,24,15,0,0],"gold":207,"neow_bonus":"UPGRADE_CARD","is_daily":false,"chose_seed":false,"campfire_upgraded":1,"win_rate":0.0,"timestamp":1608249782,"path_taken":["M","M","M","M","$","R","E","M","T","M","M","E"],"items_purchased_type":[],"build_version":"2020-12-13","purchased_purges":1,"victory":false,"max_hp_per_floor":[70,70,70,70,70,70,70,70,70,70,70,70,70],"card_choices":[{"not_picked":["Acrobatics","Deadly Poison"],"picked":"Dagger Spray","floor":1},{"not_picked":["Bane","Outmaneuver"],"picked":"Backflip","floor":2},{"not_picked":["Slice","Eviscerate","Bane"],"picked":"SKIP","floor":3},{"not_picked":["Acrobatics","Well Laid Plans"],"picked":"Deadly Poison","floor":4},{"not_picked":["Backflip","Concentrate"],"picked":"Tools of the Trade","floor":7},{"not_picked":["Sucker Punch","Accuracy"],"picked":"Deadly Poison","floor":8},{"not_picked":["Blade Dance","Deadly Poison"],"picked":"Prepared","floor":10},{"not_picked":["Dagger Throw","Skewer"],"picked":"Dodge and Roll","floor":11}],"player_experience":401448,"relics_obtained":[{"floor":7,"key":"Smiling Mask"},{"floor":9,"key":"Dream Catcher"}],"event_choices":[],"is_beta":false,"boss_relics":[],"items_purged_floors":[5],"is_endless":false,"potions_floor_spawned":[2,4,8,10],"killed_by":"Gremlin Nob","ascension_level":6}}