{"host":"wwqaob8nn4pt4am5","time":1608285509,"event":{"mods":["BaseMod","Better Vampires","Colored Map","Colored Powertips","KinomotoSakuraMod(ƒæ÷Æ±æ”£)","Marisa£®ÏF”Í°°ƒß¿Ì…≥£©","Minty Spire (QoL Compilation)","MostiFishMod","Quick Restart","Remilia£®¿Ÿ√◊¿Ú—«£©","Replay The Spire","StSLib","The Cursed","The Servant 0.9.4","WarShipGirlsR/’ΩΩ¢…Ÿ≈ÆR mod","Youmu£®ªÍ∆«—˝√Œ£©","vexMod","°æ“≈ŒÔø®≈∆°øREMEMod"],"gold_per_floor":[114,126,142,142,159,192,192,192,192,192,225,238,238,250,250,250,250],"floor_reached":16,"playtime":698,"items_purged":[],"score":187,"play_id":"cc6f78ff-330c-47ed-ac32-0d27b864bc28","local_time":"20201218175829","is_ascension_mode":false,"campfire_choices":[{"data":"SlashOfMeditation","floor":7,"key":"SMITH"},{"data":"Double Tap","floor":10,"key":"SMITH"},{"data":"HiganSword","floor":13,"key":"SMITH"},{"data":"SlashOfDepartureFromHesitation","floor":15,"key":"SMITH"}],"circlet_count":0,"master_deck":["Strike_YM+1","Strike_YM+1","Strike_YM+1","Strike_YM+1","Defend_YM","Defend_YM","Defend_YM","Defend_YM","SlashOfPresentWorld","WheelOfPainOfLivingAndDead","Double Tap+1","SlashOfMeditation+1","SlashOfDepartureFromHesitation+1","EchoesOfTheInclemencyOfAllBeings","TwoHundredYojanaInOneSlash","HumanKnowledgeSword","TransmigrationSlash","HiganSword+1","PhosphoricSlash"],"relics":["HalfPhantom","REME_ComplimentaryCards","DaveBox","RhineSuit","NeowsBlessing","Question Card","Lantern","Replay:Bottled Eggs","ThornShield"],"acts_visited":["Exordium"],"potions_floor_usage":[],"damage_taken":[{"damage":0,"enemies":"2 Louse","floor":1,"turns":1},{"damage":0,"enemies":"Small Slimes","floor":2,"turns":1},{"damage":0,"enemies":"Cultist","floor":3,"turns":1},{"damage":0,"enemies":"3 Louse","floor":5,"turns":2},{"damage":9,"enemies":"Gremlin Nob","floor":6,"turns":3},{"damage":0,"enemies":"Lagavulin","floor":11,"turns":4},{"damage":0,"enemies":"Exordium Wildlife","floor":12,"turns":1},{"damage":3,"enemies":"Exordium Thugs","floor":14,"turns":3}],"seed_played":"-1782903884558528471","potions_obtained":[{"floor":2,"key":"Fire Potion"},{"floor":4,"key":"Doom Potion"},{"floor":14,"key":"Weak Potion"}],"is_trial":false,"path_per_floor":["M","M","M","?","M","E","R","?","T","R","E","M","R","M","R","B"],"character_chosen":"YOUMU","items_purchased":[],"campfire_rested":0,"item_purchase_floors":[],"current_hp_per_floor":[75,75,75,75,75,66,66,75,75,75,75,75,75,72,72,47,47],"gold":250,"neow_bonus":"THREE_ENEMY_KILL","is_daily":false,"chose_seed":false,"campfire_upgraded":4,"win_rate":0.0,"timestamp":1608285509,"path_taken":["M","M","M","?","M","E","R","?","T","R","E","M","R","M","R","BOSS"],"items_purchased_type":[],"build_version":"2020-12-13","purchased_purges":0,"victory":false,"max_hp_per_floor":[75,75,75,75,75,75,75,75,75,75,75,75,75,75,75,75,75],"card_choices":[{"not_picked":["FlashingScatteredFlowers","SpiritCuttingSword"],"picked":"SlashOfMeditation","floor":1},{"not_picked":["ThreeKonsSevenHakus","SwordExtraction","ObsessionSword"],"picked":"SlashOfDepartureFromHesitation","floor":2},{"not_picked":["ConstancyOfTheConventionalTruth","CherryBlossomFlashing","ThreeKonsSevenHakus"],"picked":"EchoesOfTheInclemencyOfAllBeings","floor":3},{"not_picked":["ConstancyOfTheConventionalTruth","LowerRealmReflectionSlash","LightFlashOfTheNetherworld"],"picked":"TwoHundredYojanaInOneSlash","floor":5},{"not_picked":["SlashOfMeditation","CrescentMoonSlash","GreatEnlightenmentAppearingAndDisappearing"],"picked":"HumanKnowledgeSword","floor":6},{"not_picked":["SwordExtraction","SpiritMediumsBind","FlashingScatteredFlowers"],"picked":"TransmigrationSlash","floor":11},{"not_picked":["TransmigrationSlash","HeavenlyHaloSlash","HeartExcerptSlash"],"picked":"HiganSword","floor":12},{"not_picked":["ThreeKonsSevenHakus","TenKingsRetributionOnThePreta","SlashOfMeditation"],"picked":"PhosphoricSlash","floor":14}],"player_experience":51991,"relics_obtained":[{"floor":1,"key":"Question Card"},{"floor":6,"key":"Lantern"},{"floor":9,"key":"Replay:Bottled Eggs"},{"floor":11,"key":"ThornShield"}],"event_choices":[{"damage_healed":9,"gold_gain":0,"player_choice":"Full Heal","damage_taken":0,"max_hp_gain":0,"max_hp_loss":0,"event_name":"Wheel of Change","floor":8,"gold_loss":0}],"is_beta":false,"boss_relics":[],"items_purged_floors":[],"is_endless":false,"potions_floor_spawned":[2,14],"killed_by":"Fading Forest","ascension_level":0}}