{"host":"e1ezmaebp4k769tb","time":1608301997,"event":{"mods":["2.2 Compatiblity","AchievementEnabler","AlwaysNeverKeys","BaseMod","Bestiary","CapriCore","Card Filter","Colored Powertips","DeckTracker","Filter the Spire","Friendly Minions","Hermit","Highlight Path","Keyboard Shortcuts","Minty Spire (QoL Compilation)","Permanent Neow","Quick Restart","Red Circlet Mod","Replay The Spire","StSLib"],"gold_per_floor":[113,129,139,153,164,164,192,192,192,212,223,223,258,269,269,369,369,379,445,360,386,398,398,413,413,462,462,481,497,510,543,543,640,640,651,651,29,43,53,53,82,96,96,108,108,128,146,192,192,192,192,192,47,72,72,72],"floor_reached":55,"playtime":2553,"items_purged":["Strike_G"],"score":760,"play_id":"0207f8bd-0733-4ef7-8d79-9f1fea1897ed","local_time":"20201218233317","is_ascension_mode":false,"campfire_choices":[{"data":"Die Die Die","floor":6,"key":"SMITH"},{"data":"ReplayTheSpireMod:Shiv Toss","floor":12,"key":"SMITH"},{"floor":15,"key":"REST"},{"data":"Neutralize","floor":23,"key":"SMITH"},{"data":"Glass Knife","floor":25,"key":"SMITH"},{"data":"Dagger Spray","floor":27,"key":"SMITH"},{"floor":32,"key":"REST"},{"data":"Accuracy","floor":40,"key":"SMITH"},{"data":"Cloak And Dagger","floor":45,"key":"SMITH"},{"floor":49,"key":"REST"},{"data":"Finisher","floor":52,"key":"SMITH"}],"circlet_count":0,"master_deck":["Defend_G","Defend_G","Defend_G","Defend_G","Defend_G","Survivor","Neutralize+1","Die Die Die+1","Blade Dance+1","ReplayTheSpireMod:Shiv Toss+1","Burst","Finisher+1","Flying Knee","Backflip","Poisoned Stab","Dodge and Roll","PiercingWail","Accuracy+1","Glass Knife+1","Blade Dance+1","Dagger Spray+1","Outmaneuver+1","PiercingWail","Blur","Storm of Steel","Cloak And Dagger+1","Blade Dance+1","Prepared+1","Acrobatics"],"relics":["Ring of the Snake","Pet Ghost","Replay:Bottled Eggs","Odd Mushroom","Quantum Egg","Sozu","Toy Ornithopter","Tingsha","Omamori","Regal Pillow","ReplayTheSpireMod:Shallot","Replay:Drink Me","Nunchaku","Sling","Molten Egg 2","Blood Vial","Snack Pack","The Specimen","Oddly Smooth Stone","Bag of Preparation"],"acts_visited":["Exordium","TheCity","TheBeyond","TheEnding"],"potions_floor_usage":[7,11,13,16,24,33],"damage_taken":[{"damage":0,"enemies":"Jaw Worm","floor":1,"turns":4},{"damage":0,"enemies":"2 Louse","floor":2,"turns":1},{"damage":0,"enemies":"Cultist","floor":3,"turns":3},{"damage":20,"enemies":"Gremlin Gang","floor":4,"turns":4},{"damage":8,"enemies":"Large Slime","floor":5,"turns":6},{"damage":9,"enemies":"3 Sentries","floor":7,"turns":7},{"damage":0,"enemies":"The Mushroom Lair","floor":10,"turns":2},{"damage":0,"enemies":"Looter","floor":11,"turns":1},{"damage":10,"enemies":"Lagavulin","floor":13,"turns":6},{"damage":0,"enemies":"Red Slaver","floor":14,"turns":3},{"damage":0,"enemies":"Slime Boss","floor":16,"turns":5},{"damage":0,"enemies":"Spheric Guardian","floor":18,"turns":3},{"damage":2,"enemies":"3 Byrds","floor":22,"turns":3},{"damage":15,"enemies":"Snake Plant","floor":24,"turns":3},{"damage":2,"enemies":"Centurion and Healer","floor":28,"turns":3},{"damage":0,"enemies":"Sentry and Sphere","floor":29,"turns":2},{"damage":0,"enemies":"Shelled Parasite and Fungi","floor":30,"turns":2},{"damage":21,"enemies":"Gremlin Leader","floor":31,"turns":4},{"damage":65,"enemies":"Collector","floor":33,"turns":12},{"damage":0,"enemies":"3 Shapes","floor":35,"turns":1},{"damage":0,"enemies":"Orb Walker","floor":38,"turns":1},{"damage":0,"enemies":"Spire Growth","floor":39,"turns":4},{"damage":0,"enemies":"Reptomancer","floor":41,"turns":3},{"damage":0,"enemies":"Maw","floor":42,"turns":5},{"damage":0,"enemies":"Sphere and 2 Shapes","floor":44,"turns":2},{"damage":20,"enemies":"Transient","floor":46,"turns":5},{"damage":18,"enemies":"Spire Growth","floor":47,"turns":4},{"damage":23,"enemies":"2 Orb Walkers","floor":48,"turns":3},{"damage":22,"enemies":"Donu and Deca","floor":50,"turns":5},{"damage":38,"enemies":"Shield and Spear","floor":54,"turns":5},{"damage":54,"enemies":"The Heart","floor":55,"turns":3}],"seed_played":"-5465329359161844003","potions_obtained":[{"floor":2,"key":"Block Potion"},{"floor":4,"key":"Milkshake"},{"floor":5,"key":"Poison Potion"},{"floor":7,"key":"Fire Potion"},{"floor":13,"key":"AttackPotion"},{"floor":16,"key":"SkillPotion"}],"is_trial":false,"path_per_floor":["M","M","M","M","M","R","E","?","T","?","M","R","E","M","R","B",null,"M","?","?","T","M","R","M","R","T","R","M","M","M","E","R","B",null,"M","?","$","M","M","R","E","M","T","M","R","M","M","?","R","B",null,"R","$","E","B"],"character_chosen":"THE_SILENT","items_purchased":["Nunchaku","Sling","Molten Egg 2","Oddly Smooth Stone"],"campfire_rested":3,"item_purchase_floors":[37,37,37,53],"current_hp_per_floor":[70,70,70,50,42,42,33,33,33,33,33,33,23,23,44,44,70,70,70,70,70,68,68,55,55,55,55,53,53,53,32,68,7,53,53,53,53,53,53,53,53,53,53,53,53,45,35,20,50,45,53,53,53,23,0,0],"gold":72,"neow_bonus":"ONE_RANDOM_RARE_CARD","is_daily":false,"chose_seed":false,"campfire_upgraded":8,"win_rate":0.0,"timestamp":1608301997,"path_taken":["M","M","M","M","M","R","E","?","T","?","M","R","E","M","R","BOSS","M","?","?","?","M","R","?","R","T","R","?","M","M","E","R","BOSS","M","?","$","M","M","R","E","?","T","M","R","M","M","?","R","BOSS","R","$","E","BOSS"],"items_purchased_type":["Relic","Relic","Relic","Relic"],"build_version":"2020-12-13","purchased_purges":1,"victory":false,"max_hp_per_floor":[70,70,70,70,70,70,70,70,70,70,70,70,70,70,70,70,70,70,70,70,70,70,70,70,70,70,70,70,70,70,70,70,70,53,53,53,53,53,53,53,53,53,53,53,53,53,53,53,53,53,53,53,53,53,53,53],"card_choices":[{"not_picked":["Flying Knee","Slice"],"picked":"Blade Dance","floor":1},{"not_picked":["Blade Dance","Finisher"],"picked":"ReplayTheSpireMod:Shiv Toss","floor":2},{"not_picked":["Finisher","Backflip"],"picked":"Burst","floor":3},{"not_picked":["Footwork","Flying Knee"],"picked":"Finisher","floor":4},{"not_picked":["Deflect","Underhanded Strike"],"picked":"Flying Knee","floor":5},{"not_picked":["PiercingWail","Concentrate"],"picked":"Backflip","floor":7},{"not_picked":["Bane","Underhanded Strike"],"picked":"Poisoned Stab","floor":10},{"not_picked":["Calculated Gamble","Poison Darts"],"picked":"Dodge and Roll","floor":11},{"not_picked":["Flechettes","Acrobatics"],"picked":"PiercingWail","floor":13},{"not_picked":["Outmaneuver","Poisoned Stab"],"picked":"Accuracy","floor":14},{"not_picked":["Replay:Bag of Tricks","ReplayTheSpireMod:From All Sides"],"picked":"Glass Knife","floor":16},{"not_picked":["PiercingWail","Deflect","Replay:Poison Smokescreen+1"],"picked":"SKIP","floor":18},{"not_picked":["ReplayTheSpireMod:Exploit Weakness","Slice"],"picked":"Blade Dance+1","floor":22},{"not_picked":["Deadly Poison+1","Crippling Poison+1"],"picked":"Dagger Spray","floor":24},{"not_picked":["Eviscerate","Quick Slash+1"],"picked":"Outmaneuver+1","floor":28},{"not_picked":["Tactician+1","Concentrate","Fluid Movement"],"picked":"SKIP","floor":29},{"not_picked":["Replay:Poison Smokescreen","Noxious Fumes"],"picked":"PiercingWail","floor":30},{"not_picked":["Bullet Time","Quick Slash"],"picked":"Blur","floor":31},{"not_picked":["Adrenaline","Unload"],"picked":"Storm of Steel","floor":33},{"not_picked":["Acrobatics","Prepared+1"],"picked":"Cloak And Dagger","floor":35},{"not_picked":["Backflip","Endless Agony+1"],"picked":"Blade Dance","floor":38},{"not_picked":["Calculated Gamble","Draining Mist","Dagger Throw+1"],"picked":"SKIP","floor":39},{"not_picked":["Bouncing Flask","Dodge and Roll+1","Flechettes+1"],"picked":"SKIP","floor":41},{"not_picked":["Quick Slash+1","Die Die Die+1","Underhanded Strike+1"],"picked":"SKIP","floor":42},{"not_picked":["Masterful Stab+1","Slice+1","Deflect+1"],"picked":"SKIP","floor":44},{"not_picked":["Bane+1","Reflex"],"picked":"Prepared+1","floor":46},{"not_picked":["Tactician+1","Toxin Wave+1","Underhanded Strike+1"],"picked":"SKIP","floor":47},{"not_picked":["Slice+1","Sucker Punch+1"],"picked":"Acrobatics","floor":48},{"not_picked":["Reflex","Quick Slash+1","Underhanded Strike+1"],"picked":"SKIP","floor":54}],"player_experience":89387,"relics_obtained":[{"floor":7,"key":"Pet Ghost"},{"floor":9,"key":"Replay:Bottled Eggs"},{"floor":10,"key":"Odd Mushroom"},{"floor":13,"key":"Quantum Egg"},{"floor":19,"key":"Toy Ornithopter"},{"floor":21,"key":"Omamori"},{"floor":26,"key":"Regal Pillow"},{"floor":31,"key":"ReplayTheSpireMod:Shallot"},{"floor":41,"key":"Blood Vial"},{"floor":43,"key":"Snack Pack"},{"floor":48,"key":"The Specimen"},{"floor":54,"key":"Bag of Preparation"}],"event_choices":[{"damage_healed":0,"gold_gain":0,"player_choice":"Fought Mushrooms","damage_taken":0,"max_hp_gain":0,"max_hp_loss":0,"event_name":"Mushrooms","floor":10,"gold_loss":0},{"damage_healed":0,"gold_gain":0,"player_choice":"Obtained Relic","damage_taken":0,"relics_obtained":["Tingsha"],"max_hp_gain":0,"max_hp_loss":0,"event_name":"Addict","floor":20,"gold_loss":85},{"damage_healed":0,"gold_gain":0,"player_choice":"Cursed","damage_taken":0,"max_hp_gain":0,"max_hp_loss":0,"event_name":"Wheel of Change","floor":36,"gold_loss":0,"cards_obtained":["Decay"]},{"damage_healed":0,"gold_gain":0,"player_choice":"Fight","damage_taken":0,"max_hp_gain":0,"max_hp_loss":0,"event_name":"Mysterious Sphere","floor":48,"gold_loss":0}],"is_beta":false,"boss_relics":[{"not_picked":["Honey Jar","Replay:Bronze Core"],"picked":"Sozu"},{"not_picked":["Abe\u0027s Treasure","Snecko Scales"],"picked":"Replay:Drink Me"}],"items_purged_floors":[37],"is_endless":false,"potions_floor_spawned":[2,4,5,7,13,16,18,31,33,38,41,42,47,54],"killed_by":"The Heart","ascension_level":0}}