{"host":"ds3v42j7tpaaz1mg","time":1608322507,"event":{"mods":["AchievementEnabler","Aspiration","BaseMod","Bestiary","Better Altar","Better Note","Better Sensory Stone","BetterRewards","Block Reminder","Colored Powertips","Conspire","Downfall","Energized Spire","Halation","Hermit","Highlight Path","Hubris","Infinite Spire","Jorbs\u0027s Wanderer Trilogy","Minty Spire (QoL Compilation)","Relic Stats","Replay The Spire","StSLib","The Elementalist","The Servant 0.9.4","vexMod"],"gold_per_floor":[112,131,131,181,161,190,201,229,229,229,229],"floor_reached":10,"playtime":224,"items_purged":[],"score":141,"play_id":"7135f59d-6cbb-44ed-8622-6c8b5fd5b06b","local_time":"20201218151507","is_ascension_mode":true,"campfire_choices":[],"circlet_count":0,"master_deck":["Strike_B","Strike_B","Strike_B","Strike_B","Defend_B","Defend_B","Defend_B","Defend_B","Zap","Dualcast","ReplayTheSpireMod:Calculation Training+1","Genetic Algorithm","BootSequence","Reinforced Body"],"relics":["Cracked Core","NeowsBlessing","ReplayFunnel","Blue Doll","Pen Nib"],"acts_visited":["Exordium"],"potions_floor_usage":[],"damage_taken":[{"damage":0.0,"enemies":"Small Slimes","floor":1.0,"turns":1.0},{"damage":0.0,"enemies":"Jaw Worm","floor":2.0,"turns":1.0},{"damage":0.0,"enemies":"Gremlin Nob","floor":6.0,"turns":1.0},{"damage":11.0,"enemies":"Cultist","floor":7.0,"turns":5.0},{"damage":24.0,"enemies":"Lagavulin","floor":8.0,"turns":6.0},{"damage":42,"enemies":"Gremlin Nob","floor":10,"turns":4}],"seed_played":"-3967612507903564410","potions_obtained":[{"floor":1.0,"key":"Dexterity Potion"},{"floor":2.0,"key":"ColorlessPotion"},{"floor":5.0,"key":"Doom Potion"},{"floor":7.0,"key":"Death Potion"}],"is_trial":false,"path_per_floor":["M","M","?","?","?","E","M","E","T","E"],"character_chosen":"DEFECT","items_purchased":[],"campfire_rested":0,"item_purchase_floors":[],"current_hp_per_floor":[68,68,68,68,68,68,57,33,33,0,0],"gold":229,"neow_bonus":"THREE_ENEMY_KILL","is_daily":false,"chose_seed":false,"campfire_upgraded":0,"win_rate":0.0,"timestamp":1608322507,"path_taken":["M","M","?","?","?","E","M","E","T","E"],"items_purchased_type":[],"build_version":"2020-12-13","purchased_purges":0,"victory":false,"max_hp_per_floor":[75,75,75,75,75,75,75,75,75,75,75],"relic_stats":{"counters":[6,18],"Pen Nib":[0],"obtain_stats":[{"ReplayFunnel":6,"NeowsBlessing":0,"Blue Doll":8,"Pen Nib":9,"Cracked Core":0},{"ReplayFunnel":3,"NeowsBlessing":0,"Blue Doll":5,"Pen Nib":5,"Cracked Core":0},{"ReplayFunnel":3,"NeowsBlessing":0,"Blue Doll":14,"Pen Nib":14,"Cracked Core":0}]},"card_choices":[{"not_picked":["Cold Snap","Aggregate"],"picked":"ReplayTheSpireMod:Calculation Training","floor":1.0},{"not_picked":["Ball Lightning","Turbo"],"picked":"Genetic Algorithm","floor":2.0},{"not_picked":["Leap","Panic Button"],"picked":"BootSequence","floor":6.0},{"not_picked":["Ball Lightning","Go for the Eyes","Rebound"],"picked":"SKIP","floor":7.0},{"not_picked":["Go for the Eyes","Ball Lightning"],"picked":"Reinforced Body","floor":8.0}],"player_experience":550859,"relics_obtained":[{"floor":6.0,"key":"ReplayFunnel"},{"floor":8.0,"key":"Blue Doll"},{"floor":9.0,"key":"Pen Nib"}],"event_choices":[{"damage_healed":0.0,"max_hp_gain":0.0,"max_hp_loss":0.0,"gold_gain":0.0,"event_name":"Living Wall","player_choice":"Grow","floor":3.0,"gold_loss":0.0,"damage_taken":0.0,"cards_upgraded":["ReplayTheSpireMod:Calculation Training"]},{"damage_healed":0.0,"max_hp_gain":0.0,"max_hp_loss":0.0,"gold_gain":0.0,"event_name":"The Woman in Blue","player_choice":"Bought 1 Potion","floor":5.0,"gold_loss":0.0,"damage_taken":0.0}],"is_beta":false,"boss_relics":[],"items_purged_floors":[],"is_endless":false,"potions_floor_spawned":[1,2,7],"killed_by":"Gremlin Nob","ascension_level":8}}