{"host":"d61vkvf8c80cu18y","time":1608275376,"event":{"mods":["2.2 Compatiblity","AchievementEnabler","AlwaysNeverKeys","Aspiration","BaseMod","Better Altar","Better Note","Better Sensory Stone","Better Skull","Better Third Choice","BetterRewards","Challenge The Spire","Conspire","Custom Start","Energized Spire","GifTheSpireLib","Hermit","Highlight Path","Hubris","Infinite Spire","Ironclad Rager","Marked Mod","Minty Spire (QoL Compilation)","Quick Restart","Rare Cards Sparkle","Relic Filter","Replay The Spire","Retaliation","Shade Mod","Shop Mod","Spicy Shops","Spikes Relics","StSLib","Stuff the Spire","The Blue Laboratory","The Cursed","The Runesmith","The Sage","The Servant 0.9.4","TheVacant","Thieving Mod","Virulent Crown","thorton"],"gold_per_floor":[117,117,36,52,52,52,67,78,78,78,109,109,120,120,120,215,215,233,243,255,255,255,255],"floor_reached":22,"playtime":1077,"items_purged":[],"score":186,"play_id":"6e01f1fe-daa5-4b55-b1f8-7087b6e2b563","local_time":"20201218010936","is_ascension_mode":false,"campfire_choices":[{"data":"Shade:TouchOfTheGrave","floor":6.0,"key":"SMITH"},{"data":"Shade:SkeletonArmy","floor":10.0,"key":"SMITH"},{"floor":12.0,"key":"REST"},{"floor":15.0,"key":"REST"}],"circlet_count":0,"master_deck":["Shade:TouchOfTheGrave+1","Shade:Defend_Shade","Shade:Defend_Shade","Shade:Defend_Shade","Shade:ExtraLimbs","Shade:Strike_Shade","Shade:Strike_Shade","Shade:Strike_Shade","Shade:Strike_Shade","Shade:SpectralStrikes","Shade:SkeletonArmy+1","Shade:ScuttlingHand"],"relics":["Shade:YorickSkull","Bottled Lightning","conspire:TopHat","Ring of Chaos"],"acts_visited":["Exordium","TheCity"],"potions_floor_usage":[22,22,22],"damage_taken":[{"damage":0.0,"enemies":"Small Slimes","floor":1.0,"turns":3.0},{"damage":2.0,"enemies":"2 Louse","floor":4.0,"turns":2.0},{"damage":2.0,"enemies":"Jaw Worm","floor":7.0,"turns":3.0},{"damage":17.0,"enemies":"Lots of Slimes","floor":8.0,"turns":5.0},{"damage":18.0,"enemies":"Gremlin Nob","floor":11.0,"turns":4.0},{"damage":3.0,"enemies":"Blue Slaver","floor":13.0,"turns":2.0},{"damage":56.0,"enemies":"The Guardian","floor":16.0,"turns":6.0},{"damage":20.0,"enemies":"Spheric Guardian","floor":18.0,"turns":4.0},{"damage":7.0,"enemies":"Chosen","floor":19.0,"turns":4.0},{"damage":36,"enemies":"Centurion and Healer","floor":20,"turns":5},{"damage":6,"enemies":"Cultist and Chosen","floor":22,"turns":2}],"seed_played":"-5702090778998234756","potions_obtained":[{"floor":1.0,"key":"blueLaboratory:HorrorPotion"},{"floor":7.0,"key":"Strength Potion"},{"floor":13.0,"key":"Venom Potion"}],"is_trial":true,"path_per_floor":["M","?","$","M","$","R","M","M","T","R","E","R","M","?","R","B",null,"M","M","M","AVR","M"],"character_chosen":"SHADE","items_purchased":["Shade:SpectralStrikes"],"campfire_rested":2,"item_purchase_floors":[3],"current_hp_per_floor":[65,65,65,63,63,63,61,44,44,44,26,45,42,42,61,5,65,45,38,2,2,0,0],"gold":255,"neow_bonus":"","is_daily":false,"chose_seed":false,"campfire_upgraded":2,"win_rate":0.0,"timestamp":1608275376,"path_taken":["M","?","$","M","$","R","M","M","T","R","E","R","M","?","R","BOSS","M","M","M","AVR","M"],"items_purchased_type":["Card"],"build_version":"2020-12-13","purchased_purges":0,"victory":false,"max_hp_per_floor":[65,65,65,65,65,65,65,65,65,65,65,65,65,65,65,65,65,65,65,65,65,65,65],"card_choices":[{"not_picked":["Shade:Frenzy","Shade:GreyBargain","Shade:CommandSoldier"],"picked":"SKIP","floor":1.0},{"not_picked":["Shade:SkeletonHug","Shade:Brains"],"picked":"Shade:SkeletonArmy","floor":4.0},{"not_picked":["Shade:ClawBack","Shade:FreshBones","Shade:CallWraith"],"picked":"SKIP","floor":7.0},{"not_picked":["Shade:Bonestorm","Shade:CoffinDance","Shade:BoneShards"],"picked":"SKIP","floor":8.0},{"not_picked":["Shade:BoneShards","Shade:FleshToFlesh","Shade:FuneraryArmor"],"picked":"SKIP","floor":11.0},{"not_picked":["Shade:FleshLikeOak","Shade:Asphyxiate"],"picked":"Shade:ScuttlingHand","floor":13.0},{"not_picked":["Shade:CloudOfShrapnel+1","Shade:Bonestorm","Shade:Premonition"],"picked":"SKIP","floor":18.0},{"not_picked":["Shade:CloudOfShrapnel","Shade:FuneraryArmor","Shade:Frenzy"],"picked":"SKIP","floor":19.0},{"not_picked":["Shade:SpectralStrikes","Shade:Premonition+1","Shade:ClawBack"],"picked":"SKIP","floor":20}],"player_experience":379531,"relics_obtained":[{"floor":9.0,"key":"Bottled Lightning"},{"floor":11.0,"key":"conspire:TopHat"}],"event_choices":[{"damage_healed":0.0,"max_hp_gain":0.0,"max_hp_loss":0.0,"gold_gain":1.0,"event_name":"betterStone:BetterStone","player_choice":"1","floor":2.0,"gold_loss":0.0,"damage_taken":0.0},{"cards_removed":["Shade:Defend_Shade"],"damage_healed":0.0,"max_hp_gain":0.0,"max_hp_loss":0.0,"gold_gain":0.0,"event_name":"Purifier","player_choice":"Purged","floor":14.0,"gold_loss":0.0,"damage_taken":0.0}],"is_beta":false,"boss_relics":[{"not_picked":["energizedSpire:HugeHouse","energizedSpire:OgreHead"],"picked":"Ring of Chaos"}],"items_purged_floors":[],"is_endless":false,"potions_floor_spawned":[1,7,13,16,19],"killed_by":"Cultist and Chosen","ascension_level":0}}