{"host":"owp3md0algd3028i","time":1608268320,"event":{"mods":["AchievementEnabler","Aspiration","BaseMod","BetterRewards","Colored Map","Colored Powertips","Conspire","Custom Start","DeckTracker","Defuse TimeMaze Blight","Downfall","Energized Spire","GifTheSpireLib","Halation","Hermit","Highlight Path","Hubris","Infinite Spire","Marisa????????","Minty Spire (QoL Compilation)","Permanent Neow","Quick Restart","Railgun Mod","Replay The Spire","Reworked Bosses","Shop Mod","Spicy Shops","StSLib","Stuff the Spire","SuperFastMode","vexMod"],"gold_per_floor":[115,115,130,405,416,444,459,459,513,513,513,513,513,524,524,652,664,689,713,725,749,780,824,836,861,897,927,1142,1158,1158,1158,1158,1263,1263,1275,1380,1280,1330,1426,1426,1426,1426,1426,1539,1539,1539,1680,1815,1815,1829],"floor_reached":51,"playtime":2423,"items_purged":[],"score":1699,"play_id":"1c9322af-8269-4c3a-962a-c5f0854b791e","local_time":"20201217231200","daily_mods":["Vintage"],"is_ascension_mode":false,"campfire_choices":[{"data":"Apotheosis","floor":8,"key":"SMITH"},{"floor":8,"key":"DIG"},{"floor":11,"key":"DIG"},{"data":"ReplayUltimateDefense","floor":13,"key":"SMITH"},{"data":"Apotheosis","floor":13,"key":"SMITH"},{"floor":13,"key":"DIG"},{"data":"Guardian:PackageSentry","floor":15,"key":"SMITH"},{"data":"Guardian:PackageSentry","floor":15,"key":"SMITH"},{"floor":15,"key":"DIG"},{"data":"Guardian:PackageSentry","floor":24,"key":"SMITH"},{"data":"Guardian:PackageSentry","floor":24,"key":"SMITH"},{"floor":24,"key":"DIG"},{"floor":32,"key":"DIG"},{"data":"infinitespire:Starlight","floor":46,"key":"SMITH"},{"data":"infinitespire:Starlight","floor":46,"key":"SMITH"},{"floor":46,"key":"DIG"},{"data":"infinitespire:NeuralNetwork","floor":49,"key":"SMITH"},{"data":"infinitespire:NeuralNetwork","floor":49,"key":"SMITH"},{"floor":49,"key":"DIG"}],"circlet_count":0,"master_deck":["hermit:DeadOrAlive+1","hermit:DeadOrAlive+1","hermit:DeadOrAlive+1","hermit:DeadOrAlive+1","hermit:DeadOrAlive+1","hermit:Scavenge+1","hermit:Scavenge+1","hermit:Scavenge+1","hermit:Scavenge+1","hermit:Gambit+1","hermit:Gambit+1","hermit:Gambit+1","hermit:Gambit+1","hermit:Gambit+1","hermit:FullyLoaded+1","hermit:FullyLoaded+1","hermit:FullyLoaded+1","hermit:FullyLoaded+1","hermit:FullyLoaded+1","hermit:FullyLoaded+1","hermit:Maintenance+1","hermit:Maintenance+1","hermit:Maintenance+1","hermit:Maintenance+1","hermit:Maintenance+1","hermit:Maintenance+1","hermit:Maintenance+1","hermit:Maintenance+1","hermit:Maintenance+1","hermit:Maintenance+1","hermit:Maintenance+1","hermit:DeadMansHand+1","hermit:DeadMansHand+1","hermit:DeadMansHand+1","hermit:DeadMansHand+1","hermit:DeadMansHand+1","hermit:Vantage+1","hermit:Vantage+1","hermit:Vantage+1","hermit:Vantage+1","hermit:Vantage+1","hermit:BodyArmor+1","hermit:BodyArmor+1","hermit:BodyArmor+1","hermit:BodyArmor+1","hermit:BodyArmor+1","hermit:GoldenBullet+1","hermit:GoldenBullet+1","hermit:GoldenBullet+1","hermit:GoldenBullet+1","hermit:Quickdraw+1","hermit:Quickdraw+1","hermit:Quickdraw+1","hermit:Quickdraw+1","hermit:Quickdraw+1","hermit:Quickdraw+1","hermit:Quickdraw+1","hermit:Quickdraw+1","hermit:Quickdraw+1","hermit:Quickdraw+1","hermit:Snapshot+1","hermit:Snapshot+1","hermit:Snapshot+1","hermit:Snapshot+1","infinitespire:Collect+1","infinitespire:Collect+1","infinitespire:Collect+1","infinitespire:Starlight+1","infinitespire:Starlight+1","infinitespire:Starlight+1","infinitespire:Starlight+1","infinitespire:FutureSight","infinitespire:FutureSight+1","infinitespire:FutureSight","infinitespire:FutureSight","infinitespire:FutureSight","infinitespire:NeuralNetwork+1","infinitespire:NeuralNetwork+1","infinitespire:NeuralNetwork","ReplayUltimateDefense+1","Apotheosis+1","Apotheosis+1","Guardian:PackageSentry+1","Guardian:PackageSentry+1","Guardian:PackageSentry+1","Guardian:PackageSentry+1","Regret","hermit:Horror+1","Regret","hermit:FromBeyond+1","hermit:Grudge+1","hermit:Shortfuse+1","hermit:Roulette","hermit:LuckOfTheDraw+1","hermit:Scavenge+1","hermit:Determination","Jack Of All Trades+1","expansioncontent:QuickStudy+1","hermit:Dissolve+1","hermit:Snipe+1","hermit:FlashPowder+1"],"relics":["hermit:Momento","ClockworkSouvenir","Lantern","Kunai","hubris:MedicalManual","Medical Kit","ReplayTheSpireMod:Ninjato","Vajra","Whetstone","Torii","Shuriken","Shovel","Potion Belt","halation:PenCase","Pen Nib","hubris:OldNail","Mummified Hand","Membership Card","HornCleat","CaptainsWheel","Bronze Scales","Black Star","StuffTheSpire:ForceGauntlet","aspiration:Nostalgia","m_SlimeRing","PreservedInsect","Regal Pillow","War Paint","Unceasing Top","TungstenRod","Boot","Blue Doll","Strange Spoon","Strawberry","StrikeDummy","Toxic Egg 2","MealTicket","hubris:Towel","StuffTheSpire:MayFlowers","Ancient Tea Set","Akabeko","Replay:Bottled Snecko","Replay:Arrowhead","halation:IllGainedPizza","StuffTheSpire:RedRose","StuffTheSpire:Gunfinga","Bottled Tornado","Juzu Bracelet","MawBank","ChewingGum","Replay:Ringing Soul","hubris:Metronome","Orichalcum","aspiration:AnachronicSnailShell","Blue Candle","Replay:Wax Seal","ReplayTheSpireMod:Shallot","aspiration:TomeofQuesting","infinitespire:Broken Mirror","Guide Book","Gremlin Horn","hubris:NiceRug","infinitespire:Lucky Rock","Happy Flower","StuffTheSpire:EmeraldSignet","InkBottle","Prayer Wheel","hubris:Backtick","StuffTheSpire:GrapeVine","sneckomod:BlankCard","infinitespire:EvilPickle","hubris:SlimyHat","hubris:CuriousFeather","hermit:RyeStalk","halation:EternalFortune","Quantum Egg","Guardian:PocketSentry","CeramicFish","Pet Ghost","BranchBurnRelic","aspiration:StickyExplosives_weak"],"acts_visited":["Exordium","TheCity","TheBeyond"],"potions_floor_usage":[],"damage_taken":[{"damage":0,"enemies":"Small Slimes","floor":1,"turns":1},{"damage":0,"enemies":"Jaw Worm","floor":3,"turns":1},{"damage":0,"enemies":"Cultist","floor":5,"turns":1},{"damage":0,"enemies":"3 Sentries","floor":6,"turns":1},{"damage":0,"enemies":"Exordium Wildlife","floor":7,"turns":1},{"damage":0,"enemies":"2 Fungi Beasts","floor":14,"turns":1},{"damage":0,"enemies":"Hexaghost","floor":16,"turns":3},{"damage":0,"enemies":"2 Thieves","floor":18,"turns":1},{"damage":0,"enemies":"Shell Parasite","floor":19,"turns":1},{"damage":0,"enemies":"Snecko","floor":21,"turns":1},{"damage":0,"enemies":"Sentry and Sphere","floor":22,"turns":1},{"damage":0,"enemies":"Gremlin Leader","floor":23,"turns":1},{"damage":0,"enemies":"Shelled Parasite and Fungi","floor":25,"turns":1},{"damage":0,"enemies":"conspire:HollyBat","floor":27,"turns":17},{"damage":0,"enemies":"hubris:Merchant","floor":28,"turns":4},{"damage":0,"enemies":"Snake Plant","floor":29,"turns":1},{"damage":0,"enemies":"Pondfish","floor":33,"turns":5},{"damage":0,"enemies":"Orb Walker","floor":35,"turns":1},{"damage":6,"enemies":"3 Shapes","floor":36,"turns":1},{"damage":0,"enemies":"Mind Bloom Boss Battle","floor":38,"turns":1},{"damage":0,"enemies":"Maw","floor":39,"turns":1},{"damage":0,"enemies":"Sphere and 2 Shapes","floor":44,"turns":1},{"damage":0,"enemies":"Nightmare","floor":47,"turns":1},{"damage":0,"enemies":"Jaw Worm Horde","floor":48,"turns":1},{"damage":16,"enemies":"infinitespire:MassOfShapes","floor":50,"turns":1}],"seed_played":"465863600486596520","potions_obtained":[{"floor":3,"key":"Dexterity Potion"},{"floor":6,"key":"LiquidMemories"},{"floor":14,"key":"Adrenaline Potion"},{"floor":18,"key":"Swift Potion"},{"floor":21,"key":"hexamod:EctoCoolerPotion"},{"floor":28,"key":"Toxic Potion"}],"is_trial":true,"path_per_floor":["M","?","M","?","M","E","M","R","T","?","R","?","R","M","R","B",null,"M","M","?","M","M","E","R","M","T","M","$","M","?","$","R","B",null,"M","M","NS","?","M","?","?","$","T","M","?","R","NM","M","R","B",null],"character_chosen":"HERMIT","items_purchased":["Guide Book","Gremlin Horn"],"campfire_rested":0,"item_purchase_floors":[28,28],"current_hp_per_floor":[82,82,82,82,82,82,82,82,82,82,82,82,82,82,82,82,82,82,82,82,82,82,85,85,85,85,85,88,88,83,88,88,91,91,91,85,85,94,94,94,97,97,97,97,97,97,100,100,100,84],"gold":1829,"neow_bonus":"","is_daily":false,"chose_seed":false,"campfire_upgraded":11,"win_rate":0.0,"timestamp":1608268320,"path_taken":["M","?","M","?","M","E","?","R","T","?","R","?","R","M","R","BOSS","M","M","?","M","M","E","R","M","T","M","$","M","?","$","R","BOSS","M","M","NS","?","M","?","?","$","T","M","?","R","NM","M","R","BOSS"],"items_purchased_type":["Relic","Relic"],"build_version":"2020-12-13","purchased_purges":0,"victory":true,"max_hp_per_floor":[82,82,82,82,82,82,82,82,82,82,82,82,82,82,82,82,82,82,82,82,82,82,85,85,85,85,85,88,88,88,88,88,91,91,91,91,91,94,94,94,97,97,97,97,97,97,100,100,100,100],"card_choices":[{"not_picked":["hermit:LoneWolf+1","hermit:TakeCover+1"],"picked":"hermit:Horror+1","floor":6},{"not_picked":["Envenom","hermit:Adapt"],"picked":"hermit:FromBeyond+1","floor":16},{"not_picked":["hermit:TakeCover+1","hermit:NoHoldsBarred+1"],"picked":"hermit:Grudge+1","floor":23},{"not_picked":[],"picked":"hermit:Shortfuse+1","floor":28},{"not_picked":[],"picked":"hermit:Roulette","floor":28},{"not_picked":[],"picked":"hermit:LuckOfTheDraw+1","floor":28},{"not_picked":[],"picked":"hermit:Scavenge+1","floor":28},{"not_picked":[],"picked":"hermit:Determination","floor":28},{"not_picked":[],"picked":"Jack Of All Trades+1","floor":28},{"not_picked":[],"picked":"expansioncontent:QuickStudy+1","floor":28},{"not_picked":["hermit:HighNoon","hermit:BlackWind"],"picked":"hermit:Dissolve+1","floor":33},{"not_picked":["hermit:Misfire+1","hermit:Manifest+1"],"picked":"hermit:Snipe+1","floor":38},{"not_picked":["hermit:RoundhouseKick","hermit:Scavenge+1"],"picked":"hermit:FlashPowder+1","floor":47}],"player_experience":45282,"relics_obtained":[{"floor":1,"key":"MealTicket"},{"floor":3,"key":"StuffTheSpire:MayFlowers"},{"floor":6,"key":"Ancient Tea Set"},{"floor":6,"key":"Akabeko"},{"floor":7,"key":"Replay:Bottled Snecko"},{"floor":8,"key":"Replay:Arrowhead"},{"floor":9,"key":"halation:IllGainedPizza"},{"floor":11,"key":"StuffTheSpire:Gunfinga"},{"floor":13,"key":"Bottled Tornado"},{"floor":14,"key":"Juzu Bracelet"},{"floor":15,"key":"MawBank"},{"floor":18,"key":"Replay:Ringing Soul"},{"floor":19,"key":"hubris:Metronome"},{"floor":21,"key":"Orichalcum"},{"floor":22,"key":"aspiration:AnachronicSnailShell"},{"floor":23,"key":"Blue Candle"},{"floor":23,"key":"Replay:Wax Seal"},{"floor":24,"key":"ReplayTheSpireMod:Shallot"},{"floor":26,"key":"aspiration:TomeofQuesting"},{"floor":27,"key":"infinitespire:Broken Mirror"},{"floor":28,"key":"infinitespire:Lucky Rock"},{"floor":28,"key":"Happy Flower"},{"floor":28,"key":"StuffTheSpire:EmeraldSignet"},{"floor":29,"key":"InkBottle"},{"floor":32,"key":"Prayer Wheel"},{"floor":35,"key":"sneckomod:BlankCard"},{"floor":36,"key":"hubris:SlimyHat"},{"floor":38,"key":"hubris:CuriousFeather"},{"floor":39,"key":"hermit:RyeStalk"},{"floor":43,"key":"Quantum Egg"},{"floor":46,"key":"Dead Branch"},{"floor":47,"key":"Guardian:PocketSentry"},{"floor":47,"key":"CeramicFish"},{"floor":48,"key":"Pet Ghost"},{"floor":49,"key":"aspiration:StickyExplosives_weak"}],"event_choices":[{"damage_healed":0,"gold_gain":275,"player_choice":"Desecrate","damage_taken":0,"max_hp_gain":0,"max_hp_loss":0,"event_name":"Golden Shrine","floor":4,"gold_loss":0,"cards_obtained":["Regret"]},{"damage_healed":0,"gold_gain":0,"player_choice":"Ignored","damage_taken":0,"max_hp_gain":0,"max_hp_loss":0,"event_name":"Vampires","floor":20,"gold_loss":0},{"damage_healed":0,"gold_gain":0,"player_choice":"Stopped","damage_taken":9,"max_hp_gain":0,"max_hp_loss":0,"event_name":"Cursed Tome","floor":30,"gold_loss":0},{"damage_healed":0,"gold_gain":0,"player_choice":"Fight","damage_taken":0,"max_hp_gain":0,"max_hp_loss":0,"event_name":"MindBloom","floor":38,"gold_loss":0},{"damage_healed":0,"gold_gain":0,"player_choice":"Upgraded","damage_taken":0,"max_hp_gain":0,"max_hp_loss":0,"event_name":"Upgrade Shrine","floor":45,"gold_loss":0,"cards_upgraded":["infinitespire:Starlight"]}],"is_beta":false,"boss_relics":[{"not_picked":["Astrolabe","Painkiller Herb"],"picked":"ChewingGum"},{"not_picked":["Replay:Ancient Bell","SacredBark"],"picked":"hubris:Backtick"}],"items_purged_floors":[],"is_endless":false,"potions_floor_spawned":[3,6,14,18,21,22,23,29,38,39,44,48],"ascension_level":0}}