{"host":"6p0attdrtjqaih7v","time":1608276164,"event":{"mods":["2.2 Compatiblity","AchievementEnabler","Bard","BaseMod","Better Skull","Better Third Choice","Colored Powertips","Hermit","Highlight Path","Jorbs\u0027s Wanderer Trilogy","Key Reminder","Minty Spire (QoL Compilation)","Permanent Neow","Quick Restart","Random Character Button","Relic Stats","Replay The Spire","StSLib","The Construct"],"gold_per_floor":[109,121,121,136,136,161,161,176,247,247,247,247,0,0,0],"floor_reached":14,"playtime":750,"items_purged":["Injury"],"score":171,"play_id":"4afe7b60-e7e5-4c7e-9967-1e426d9a880b","local_time":"20201218022244","is_ascension_mode":true,"campfire_choices":[{"data":"hermit:Vantage","floor":7,"key":"SMITH"},{"data":"hermit:Snapshot","floor":11,"key":"SMITH"}],"circlet_count":0,"master_deck":["AscendersBane","hermit:Strike_Hermit","hermit:Strike_Hermit","hermit:Defend_Hermit","hermit:Defend_Hermit","hermit:Defend_Hermit","hermit:Defend_Hermit","hermit:Snapshot+1","hermit:Covet","hermit:Virtue","hermit:Dive+1","hermit:Vantage+1","hermit:LuckOfTheDraw","hermit:Misfire","hermit:Roughhouse","Pot Of Greed","Pot Of Greed","hermit:GhostlyPresence","hermit:Headshot"],"relics":["hermit:Momento","Pear","Grinning Jar","Darkstone Periapt","Golden Idol"],"acts_visited":["Exordium"],"potions_floor_usage":[12,14,14],"damage_taken":[{"damage":1,"enemies":"Cultist","floor":1,"turns":5},{"damage":0,"enemies":"Small Slimes","floor":2,"turns":4},{"damage":2,"enemies":"Jaw Worm","floor":4,"turns":6},{"damage":13,"enemies":"3 Sentries","floor":6,"turns":10},{"damage":2,"enemies":"3 Louse","floor":8,"turns":6},{"damage":13,"enemies":"Red Slaver","floor":12,"turns":5},{"damage":26,"enemies":"Gremlin Nob","floor":14,"turns":3}],"seed_played":"1937406750165636763","potions_obtained":[{"floor":2,"key":"SmokeBomb"},{"floor":8,"key":"SpeedPotion"}],"is_trial":false,"path_per_floor":["M","M","?","M","?","E","R","M","T","?","R","M","$","E"],"character_chosen":"HERMIT","items_purchased":["hermit:GhostlyPresence","hermit:Headshot","EssenceOfSteel"],"campfire_rested":0,"item_purchase_floors":[13,13,13],"current_hp_per_floor":[45,45,45,43,48,35,35,33,33,39,39,26,26,0,0],"gold":0,"neow_bonus":"TRANSFORM_TWO_CARDS","is_daily":false,"chose_seed":false,"campfire_upgraded":2,"win_rate":0.0,"timestamp":1608276164,"path_taken":["M","M","?","M","?","E","R","M","T","?","R","M","?","E"],"items_purchased_type":["Card","Card","Potion"],"build_version":"2020-12-13","purchased_purges":1,"victory":false,"max_hp_per_floor":[71,71,71,71,81,81,81,81,81,87,87,87,87,87,87],"relic_stats":{"Darkstone Periapt":6,"counters":[7,39],"Golden Idol":5,"obtain_stats":[{"Darkstone Periapt":9,"Pear":5,"Golden Idol":10,"Grinning Jar":6,"hermit:Momento":0},{"Darkstone Periapt":5,"Pear":3,"Golden Idol":5,"Grinning Jar":4,"hermit:Momento":0},{"Darkstone Periapt":31,"Pear":15,"Golden Idol":31,"Grinning Jar":25,"hermit:Momento":0}]},"card_choices":[{"not_picked":["hermit:HighCaliber","hermit:CalledShot"],"picked":"hermit:Vantage","floor":1},{"not_picked":["hermit:Feint","hermit:LowProfile"],"picked":"hermit:LuckOfTheDraw","floor":2},{"not_picked":["hermit:Glare","hermit:Cheat"],"picked":"hermit:Misfire","floor":4},{"not_picked":["hermit:Horror","hermit:Misfire"],"picked":"hermit:Roughhouse","floor":6},{"not_picked":["hermit:Desperado","hermit:Quickdraw","hermit:Showdown"],"picked":"SKIP","floor":8}],"player_experience":871723,"relics_obtained":[{"floor":6,"key":"Grinning Jar"},{"floor":9,"key":"Darkstone Periapt"}],"event_choices":[{"damage_healed":0,"gold_gain":1,"player_choice":"Relic ","damage_taken":5,"max_hp_gain":0,"max_hp_loss":0,"event_name":"betterThird:BetterScrap","floor":5,"gold_loss":0,"cards_obtained":["Dual Wield"]},{"damage_healed":0,"gold_gain":0,"player_choice":"Take Wound","damage_taken":0,"relics_obtained":["Golden Idol"],"max_hp_gain":0,"max_hp_loss":0,"event_name":"Golden Idol","floor":10,"gold_loss":0,"cards_obtained":["Injury"]}],"is_beta":false,"boss_relics":[],"items_purged_floors":[13],"is_endless":false,"potions_floor_spawned":[2,8,12],"killed_by":"Gremlin Nob","ascension_level":18}}