{"host":"ocll6kdfqxraqtza","time":1608313979,"event":{"mods":["2.2 Compatiblity","Act Like it!","Aspiration","BaseMod","Better Third Choice","Gensokyo","Hallownest","Hermit","Hubris","Jorbs\u0027s Wanderer Trilogy","Luminous","Marisa（霧雨　魔理沙）","Minty Spire (QoL Compilation)","Reimu（博??梦）","Replay The Spire","Shade Mod","StSLib","The Alterego","The Bug Knight","The Cursed","The Hierophant","The Runesmith","TheBandit","Wandering Minibosses","vexMod"],"gold_per_floor":[112,112,112,124,124,138,138,168,193,193,213,213,213,213,213,308,308,328,243,243,243,254,254,281,281,335,368,368,380,391,132,132,229,229,246,246,261,272,285,285,318,318,318,318,343,359,106,116,116,116,116,116,36,36,36],"floor_reached":54,"playtime":2120,"items_purged":["hermit:Defend_Hermit"],"score":662,"play_id":"f1113167-59bc-46a6-ad72-eb04bc1ccbf6","local_time":"20201219015259","is_ascension_mode":true,"campfire_choices":[{"data":"hermit:Snapshot","floor":7.0,"key":"SMITH"},{"data":"hermit:Roughhouse","floor":10.0,"key":"SMITH"},{"data":"hermit:Headshot","floor":12.0,"key":"SMITH"},{"data":"hermit:ItchyTrigger","floor":15,"key":"SMITH"},{"data":"hermit:Dissolve","floor":23,"key":"SMITH"},{"data":"hermit:Dive","floor":25,"key":"SMITH"},{"data":"hermit:BigShot","floor":28,"key":"SMITH"},{"data":"ReplayTheSpireMod:Brewmster","floor":32,"key":"SMITH"},{"data":"hermit:HighNoon","floor":40,"key":"SMITH"},{"floor":44,"key":"RECALL"},{"data":"hermit:Dissolve","floor":49,"key":"SMITH"},{"data":"Trip","floor":52,"key":"SMITH"}],"circlet_count":0,"master_deck":["hermit:Strike_Hermit","hermit:Strike_Hermit+1","hermit:Strike_Hermit","hermit:Strike_Hermit","hermit:Defend_Hermit","hermit:Defend_Hermit+1","hermit:Defend_Hermit","hermit:Snapshot+1","hermit:Covet","hermit:Feint","hermit:Roughhouse+1","hermit:Headshot+1","hermit:ItchyTrigger+1","hermit:Determination","hermit:Dissolve+1","hermit:BigShot+1","hermit:Deadeye","hermit:Dive+1","hermit:FlashPowder","hermit:ItchyTrigger+1","hermit:HighCaliber+1","hermit:Dissolve+1","ReplayTheSpireMod:Brewmster+1","hermit:HighNoon+1","hermit:LowProfile+1","hermit:Reprieve","Trip+1","hermit:ItchyTrigger+1","hermit:WideOpen+1","hermit:WideOpen+1","hermit:Dive+1","hermit:LowProfile+1","hermit:SprayPray+1","hermit:Glare","hermit:ShadowCloak"],"relics":["hermit:Momento","aspiration:Nostalgia","Burning Blood","vexMod:FocusSash","ReplayTheSpireMod:TigerMarble","Orichalcum","ReplayTheSpireMod:Ring of Exchange","Ring of Fangs","hubris:CrackedHourglass","Sundial","aspiration:RitualStick","Happy Flower","MealTicket","Centennial Puzzle","aspiration:RitualDagger","Du-Vu Doll","Replay:Bottled Steam","Pear","Chameleon Ring"],"acts_visited":["Exordium","TheCity","TheBeyond","TheEnding"],"potions_floor_usage":[16,22,24,27,33,33,33,33,35,35,35,37,37,37,38,38,39,39,41,41,45,45,45,45,45,45,46,48,50,50,50,50,50,54,54],"damage_taken":[{"damage":1.0,"enemies":"Cultist","floor":1.0,"turns":3.0},{"damage":0.0,"enemies":"Small Slimes","floor":4.0,"turns":3.0},{"damage":0.0,"enemies":"2 Louse","floor":6.0,"turns":2.0},{"damage":22.0,"enemies":"3 Sentries","floor":8.0,"turns":8.0},{"damage":7.0,"enemies":"Blue Slaver","floor":11.0,"turns":2.0},{"damage":42,"enemies":"Slime Boss","floor":16,"turns":11},{"damage":2,"enemies":"Spheric Guardian","floor":18,"turns":4},{"damage":13,"enemies":"3 Cultists","floor":22,"turns":5},{"damage":9,"enemies":"Replay:Snechameleon","floor":24,"turns":6},{"damage":4,"enemies":"HollowMod:Nosk","floor":27,"turns":9},{"damage":8,"enemies":"Centurion and Healer","floor":29,"turns":6},{"damage":7,"enemies":"Sentry and Sphere","floor":30,"turns":4},{"damage":38,"enemies":"Champ","floor":33,"turns":9},{"damage":23,"enemies":"Orb Walker","floor":35,"turns":5},{"damage":36,"enemies":"3 Darklings","floor":37,"turns":5},{"damage":42,"enemies":"Writhing Mass","floor":38,"turns":5},{"damage":20,"enemies":"Jaw Worm Horde","floor":39,"turns":4},{"damage":18,"enemies":"HollowMod:StalkingDevout","floor":41,"turns":6},{"damage":45,"enemies":"Reptomancer","floor":45,"turns":6},{"damage":31,"enemies":"Spire Growth","floor":46,"turns":5},{"damage":30,"enemies":"Sphere and 2 Shapes","floor":48,"turns":5},{"damage":142,"enemies":"Replay:Hell Engine","floor":50,"turns":13},{"damage":109,"enemies":"Shield and Spear","floor":54,"turns":6}],"seed_played":"2180945142107619352","potions_obtained":[{"floor":3.0,"key":"DistilledChaos"},{"floor":3.0,"key":"ZuzhouPotion:ReiMu"},{"floor":3.0,"key":"AttackPotion"},{"floor":4.0,"key":"FearPotion"},{"floor":6.0,"key":"SneckoOil"},{"floor":11.0,"key":"Block Potion"},{"floor":18,"key":"ColorlessPotion"},{"floor":24,"key":"FearPotion"},{"floor":29,"key":"Reflective Coating"},{"floor":33,"key":"Explosive Potion"},{"floor":37,"key":"ZuzhouPotion:ReiMu"},{"floor":38,"key":"Fire Potion"},{"floor":41,"key":"Languid Potion"},{"floor":46,"key":"Regen Potion"}],"is_trial":false,"path_per_floor":["M","T","?","M","T","M","R","E","T","R","M","R","?","?","R","B",null,"M","?","?","?","M","R","E","R","T","E","R","M","M","$","R","B",null,"M","?","M","M","M","R","E","?","T","R","E","M","$","M","R","B",null,"R","$","E"],"character_chosen":"HERMIT","items_purchased":["ReplayTheSpireMod:Brewmster","Chameleon Ring","hermit:ShadowCloak"],"campfire_rested":0,"item_purchase_floors":[31,47,53],"current_hp_per_floor":[75,75,75,75,75,75,75,59,59,59,58,58,58,43,43,7,75,75,75,60,60,53,53,50,50,50,52,52,50,49,64,64,32,75,58,58,32,75,75,75,75,75,75,75,76,78,85,69,69,26,85,85,85,0,0],"gold":36,"neow_bonus":"NOSTALGIA","is_daily":false,"chose_seed":false,"campfire_upgraded":11,"win_rate":0.0,"timestamp":1608313979,"path_taken":["M","?","?","?","?","M","R","E","T","R","?","R","?","?","R","BOSS","M","?","?","?","M","R","E","R","T","E","R","M","?","$","R","BOSS","M","?","?","M","?","R","E","?","T","R","E","M","$","M","R","BOSS","R","$","E"],"items_purchased_type":["Card","Relic","Card"],"build_version":"2020-12-13","purchased_purges":1,"victory":false,"max_hp_per_floor":[75,75,75,75,75,75,75,75,75,75,75,75,75,75,75,75,75,75,75,75,75,75,75,75,75,75,75,75,75,75,75,75,75,75,75,75,75,75,75,75,75,75,75,75,85,85,85,85,85,85,85,85,85,85,85],"card_choices":[{"not_picked":["hermit:TrackingShot","hermit:HoleUp"],"picked":"hermit:Feint","floor":1.0},{"not_picked":["hermit:HighCaliber","hermit:Feint"],"picked":"hermit:Roughhouse","floor":4.0},{"not_picked":["hermit:Determination","hermit:HoleUp"],"picked":"hermit:Headshot","floor":6.0},{"not_picked":["hermit:DeadMansHand","hermit:BodyArmor"],"picked":"hermit:ItchyTrigger","floor":8.0},{"not_picked":["hermit:HighCaliber","hermit:ItchyTrigger"],"picked":"hermit:Determination","floor":11.0},{"not_picked":["hermit:Gambit","hermit:FinalCanter"],"picked":"hermit:Dissolve","floor":16},{"not_picked":["hermit:TrackingShot","hermit:Roulette"],"picked":"hermit:BigShot","floor":18},{"not_picked":["hermit:Quickdraw","hermit:SprayPray"],"picked":"hermit:Dive","floor":22},{"not_picked":["hermit:BodyArmor","hermit:Dive"],"picked":"hermit:FlashPowder","floor":24},{"not_picked":["hermit:Ricochet","hermit:Snipe"],"picked":"hermit:ItchyTrigger+1","floor":27},{"not_picked":["hermit:Misfire","hermit:Glare"],"picked":"hermit:HighCaliber+1","floor":29},{"not_picked":["hermit:EyeOfTheStorm","hermit:BodyArmor"],"picked":"hermit:Dissolve","floor":30},{"not_picked":["hermit:OverwhelmingPower","hermit:FromBeyond"],"picked":"hermit:HighNoon","floor":33},{"not_picked":["hermit:CalledShot+1","hermit:Roulette"],"picked":"hermit:LowProfile+1","floor":35},{"not_picked":["hermit:Desperado+1","hermit:Quickdraw"],"picked":"hermit:ItchyTrigger+1","floor":37},{"not_picked":["hermit:Showdown+1","hermit:ItchyTrigger"],"picked":"hermit:WideOpen+1","floor":38},{"not_picked":["hermit:Vantage","hermit:Roulette"],"picked":"hermit:WideOpen+1","floor":39},{"not_picked":["hermit:Combo","hermit:Ricochet+1"],"picked":"hermit:Dive+1","floor":41},{"not_picked":["hermit:Grudge","hermit:ItchyTrigger"],"picked":"hermit:LowProfile+1","floor":45},{"not_picked":["hermit:Ricochet","hermit:Cheat"],"picked":"hermit:SprayPray+1","floor":46},{"not_picked":["hermit:DeadMansHand","hermit:SprayPray"],"picked":"hermit:Glare","floor":48}],"player_experience":464674,"relics_obtained":[{"floor":5.0,"key":"vexMod:FocusSash"},{"floor":8.0,"key":"ReplayTheSpireMod:TigerMarble"},{"floor":9.0,"key":"Orichalcum"},{"floor":13.0,"key":"ReplayTheSpireMod:Ring of Exchange"},{"floor":13.0,"key":"Ring of Fangs"},{"floor":24,"key":"Happy Flower"},{"floor":26,"key":"MealTicket"},{"floor":27,"key":"Centennial Puzzle"},{"floor":41,"key":"Du-Vu Doll"},{"floor":43,"key":"Replay:Bottled Steam"},{"floor":45,"key":"Pear"}],"event_choices":[{"damage_healed":0.0,"max_hp_gain":0.0,"max_hp_loss":0.0,"gold_gain":0.0,"event_name":"Lab","player_choice":"Got Potions","floor":3.0,"gold_loss":0.0,"damage_taken":0.0},{"damage_healed":58,"gold_gain":0,"player_choice":"Upgrade","damage_taken":15,"max_hp_gain":0,"max_hp_loss":75,"event_name":"betterThird:BetterShining","floor":14,"gold_loss":0,"cards_upgraded":["hermit:Strike_Hermit","hermit:Defend_Hermit"]},{"damage_healed":0,"gold_gain":0,"player_choice":"Obtained Relic","damage_taken":0,"relics_obtained":["Sundial"],"max_hp_gain":0,"max_hp_loss":0,"event_name":"Addict","floor":19,"gold_loss":85},{"damage_healed":0,"gold_gain":0,"player_choice":"Read","damage_taken":0,"max_hp_gain":0,"max_hp_loss":0,"event_name":"The Library","floor":21,"gold_loss":0,"cards_obtained":["hermit:Deadeye"]},{"damage_healed":0,"gold_gain":0,"player_choice":"2 cards matched","damage_taken":0,"max_hp_gain":0,"max_hp_loss":0,"event_name":"Match and Keep!","floor":36,"gold_loss":0,"cards_obtained":["hermit:Reprieve","Trip"]},{"damage_healed":0,"gold_gain":0,"player_choice":"Ignored","damage_taken":0,"max_hp_gain":0,"max_hp_loss":0,"event_name":"Tomb of Lord Red Mask","floor":42,"gold_loss":0}],"is_beta":false,"boss_relics":[{"not_picked":["Toolbox","Runic Pyramid"],"picked":"hubris:CrackedHourglass"},{"not_picked":["TheAbacus","PrismaticShard"],"picked":"aspiration:RitualDagger"}],"items_purged_floors":[31],"is_endless":false,"potions_floor_spawned":[4,6,11,18,24,29,33,37,38,41,46],"killed_by":"Shield and Spear","ascension_level":1}}