{"host":"0m7uut7ws4kj19nt","time":1608275929,"event":{"mods":["AchievementEnabler","BaseMod","Minty Spire (QoL Compilation)","Replay The Spire","StSLib","The Animator","The Bug Knight","The Cursed","The Disciple","The Necromancer","The Servant 0.9.4"],"gold_per_floor":[114,130,130,130,208,240,256,51,75,108,128,128,142,160,160,263,263,278,96,96,125,89,89,121,228,254,265,282,282,2,12,12,116,116,131,131,146,59,70,95,113,113,113,141,152,185,201,219,219,219,219,219,69,98,98,98],"floor_reached":55,"playtime":4816,"items_purged":["TheCursedMod:CircleOfAmplification","TheCursedMod:Defend_TheCursed","TheCursedMod:Strike_TheCursed","TheCursedMod:Defend_TheCursed"],"score":839,"play_id":"9dea9e65-24ee-4e67-87a6-6b01af4f6ebd","local_time":"20201218141849","is_ascension_mode":false,"campfire_choices":[{"data":"TheCursedMod:VoidForm","floor":12.0,"key":"SMITH"},{"floor":15.0,"key":"REST"},{"floor":23.0,"key":"REST"},{"data":"TheCursedMod:CollectTribute","floor":32.0,"key":"SMITH"},{"floor":42.0,"key":"REST"},{"floor":49.0,"key":"RECALL"},{"data":"TheCursedMod:CollectTribute","floor":52.0,"key":"SMITH"}],"circlet_count":0,"master_deck":["TheCursedMod:Strike_TheCursed","TheCursedMod:Strike_TheCursed","TheCursedMod:CursedWand","TheCursedMod:CleanUpWorkshop","TheCursedMod:Dregs","TheCursedMod:TroublousMinions","TheCursedMod:WearCloak","TheCursedMod:AbyssShockwave","TheCursedMod:AbyssShockwave","TheCursedMod:VoidForm+1","TheCursedMod:RapidMovement","TheCursedMod:CollectTribute+1","TheCursedMod:Wield","TheCursedMod:HellfireBreathing","TheCursedMod:CursedArmor","TheCursedMod:SoulCrush+1","TheCursedMod:CursedAmulet","TheCursedMod:CursedAmulet","ReplayTheSpireMod:Splinters","TheCursedMod:SpitefulPray","TheCursedMod:SoulReap+1","TheCursedMod:Stretching+1","TheCursedMod:SpitefulStrike","TheCursedMod:WearCloak","TheCursedMod:CircleOfAbyss","TheCursedMod:LuckyCharm+1","TheCursedMod:CursedMace+1","Enlightenment","Parasite","TheCursedMod:RavingStaff+1","TheCursedMod:CollectTribute+1","TheCursedMod:CursedSpellbook+1","TheCursedMod:HellfireBreathing+1","TheCursedMod:SpitefulPray+1","TheCursedMod:Hemoplague+1","TheCursedMod:SoulCrush+1"],"relics":["TheCursedMod:BlackMagic101","NeowsBlessing","Regal Pillow","Question Card","HollowMod:PaleOreRelic","Bag of Preparation","Potion Belt","Replay:Drink Me","Red Mask","HornCleat","Lee\u0027s Waffle","Velvet Choker","Molten Egg 2","Replay:Baseball","Gambling Chip","Centennial Puzzle","TheCursedMod:MagicCandle"],"acts_visited":["Exordium","TheCity","TheBeyond","TheEnding"],"potions_floor_usage":[55,55,55],"damage_taken":[{"damage":0.0,"enemies":"2 Louse","floor":1.0,"turns":1.0},{"damage":0.0,"enemies":"Jaw Worm","floor":2.0,"turns":1.0},{"damage":0.0,"enemies":"Gremlin Nob","floor":6.0,"turns":1.0},{"damage":10.0,"enemies":"Small Slimes","floor":7.0,"turns":3.0},{"damage":13.0,"enemies":"3 Sentries","floor":10.0,"turns":5.0},{"damage":0.0,"enemies":"3 Louse","floor":11.0,"turns":1.0},{"damage":0.0,"enemies":"Blue Slaver","floor":13.0,"turns":2.0},{"damage":12.0,"enemies":"2 Fungi Beasts","floor":14.0,"turns":3.0},{"damage":26.0,"enemies":"Fading Forest","floor":16.0,"turns":11.0},{"damage":0.0,"enemies":"Chosen","floor":18.0,"turns":6.0},{"damage":43.0,"enemies":"Masked Bandits","floor":21.0,"turns":4.0},{"damage":12.0,"enemies":"Book of Stabbing","floor":24.0,"turns":6.0},{"damage":7.0,"enemies":"Shell Parasite","floor":27.0,"turns":4.0},{"damage":14.0,"enemies":"Centurion and Healer","floor":28.0,"turns":6.0},{"damage":6.0,"enemies":"Shelled Parasite and Fungi","floor":31.0,"turns":3.0},{"damage":25.0,"enemies":"Collector","floor":33.0,"turns":7.0},{"damage":1.0,"enemies":"Orb Walker","floor":35.0,"turns":4.0},{"damage":2.0,"enemies":"3 Shapes","floor":37.0,"turns":3.0},{"damage":5.0,"enemies":"Writhing Mass","floor":39.0,"turns":5.0},{"damage":22.0,"enemies":"Nemesis","floor":40.0,"turns":7.0},{"damage":0.0,"enemies":"4 Shapes","floor":41.0,"turns":4.0},{"damage":0.0,"enemies":"Giant Head","floor":44.0,"turns":5.0},{"damage":0.0,"enemies":"Transient","floor":45.0,"turns":5.0},{"damage":10.0,"enemies":"Nemesis","floor":46.0,"turns":5.0},{"damage":0.0,"enemies":"Maw","floor":47.0,"turns":5.0},{"damage":0.0,"enemies":"Spire Growth","floor":48.0,"turns":4.0},{"damage":41.0,"enemies":"Awakened One","floor":50.0,"turns":8.0},{"damage":49.0,"enemies":"Shield and Spear","floor":54.0,"turns":6.0},{"damage":15,"enemies":"The Heart","floor":55,"turns":2}],"seed_played":"-8104841274561190025","potions_obtained":[{"floor":1.0,"key":"Milkshake"},{"floor":2.0,"key":"SpeedPotion"},{"floor":6.0,"key":"PowerPotion"},{"floor":10.0,"key":"Swift Potion"},{"floor":24.0,"key":"FearPotion"},{"floor":27.0,"key":"BlessingOfTheForge"},{"floor":33.0,"key":"BlessingOfTheForge"},{"floor":37.0,"key":"Fire Potion"},{"floor":41.0,"key":"PowerPotion"},{"floor":46.0,"key":"PowerPotion"},{"floor":47.0,"key":"Weak Potion"},{"floor":54.0,"key":"Ancient Potion"}],"is_trial":false,"path_per_floor":["M","M","?","?","T","E","M","$","T","E","M","R","M","M","R","B",null,"M","$","?","?","$","R","E","?","T","M","M","?","$","M","R","B",null,"M","?","M","$","M","E","M","R","T","E","M","E","M","M","R","B",null,"R","$","E","B"],"character_chosen":"THE_CURSED","items_purchased":["TheCursedMod:AbyssShockwave","TheCursedMod:EmpowerCircles","TheCursedMod:HellfireBreathing","TheCursedMod:CursedAmulet","Lee\u0027s Waffle","Enlightenment"],"campfire_rested":3,"item_purchase_floors":[8,8,19,22,30,38],"current_hp_per_floor":[75,75,75,63,63,63,53,53,53,40,40,40,40,28,65,39,57,57,57,57,14,14,46,34,34,34,52,38,38,64,60,60,35,64,64,64,63,63,59,37,37,64,64,64,64,64,64,64,64,56,64,64,64,15,0,0],"gold":98,"neow_bonus":"THREE_ENEMY_KILL","is_daily":false,"chose_seed":false,"campfire_upgraded":3,"win_rate":0.0,"timestamp":1608275929,"path_taken":["M","M","?","?","?","E","M","$","T","E","M","R","M","M","R","BOSS","M","$","?","?","?","R","E","?","T","M","?","?","$","M","R","BOSS","M","?","M","$","M","E","?","R","T","E","M","E","M","M","R","BOSS","R","$","E","BOSS"],"items_purchased_type":["Card","Card","Card","Card","Relic","Card"],"build_version":"2020-12-13","purchased_purges":4,"victory":false,"max_hp_per_floor":[75,75,75,75,75,75,75,75,75,75,75,75,75,75,75,75,57,57,57,57,57,57,57,57,57,57,57,57,57,64,64,64,64,64,64,64,64,64,64,64,64,64,64,64,64,64,64,64,64,64,64,64,64,64,64,64],"card_choices":[{"not_picked":["TheCursedMod:CursedBlade","TheCursedMod:SurpriseAttack"],"picked":"TheCursedMod:CircleOfAmplification","floor":1.0},{"not_picked":["TheCursedMod:SpitefulPray","TheCursedMod:Obscuration"],"picked":"TheCursedMod:CircleOfCorruption","floor":2.0},{"not_picked":["TheCursedMod:ManaBullet","TheCursedMod:FuryStrike","TheCursedMod:DarkBarrier"],"picked":"TheCursedMod:TroublousMinions","floor":6.0},{"not_picked":["TheCursedMod:RapidMovement","TheCursedMod:SoulReap","TheCursedMod:CircleOfCorruption"],"picked":"TheCursedMod:WearCloak","floor":7.0},{"not_picked":["TheCursedMod:CursedAmulet","TheCursedMod:ManaBullet","TheCursedMod:FleshFromBone"],"picked":"TheCursedMod:AbyssShockwave","floor":10.0},{"not_picked":["TheCursedMod:Hemoplague","TheCursedMod:Wield","TheCursedMod:RavingStaff"],"picked":"TheCursedMod:VoidForm","floor":11.0},{"not_picked":["TheCursedMod:ReleasedKnowledge","TheCursedMod:TacticalStrike","TheCursedMod:FleshFromBone","TheCursedMod:CursedBoomerang"],"picked":"SKIP","floor":13.0},{"not_picked":["TheCursedMod:CircleOfCorruption","TheCursedMod:VitalStrike","TheCursedMod:OutForBlood"],"picked":"TheCursedMod:RapidMovement","floor":14.0},{"not_picked":["TheCursedMod:NeowsMight","TheCursedMod:AntiAging","TheCursedMod:VoidForm"],"picked":"TheCursedMod:CollectTribute","floor":16.0},{"not_picked":["TheCursedMod:SurpriseAttack","TheCursedMod:CursedMace","TheCursedMod:CursedBlade+1"],"picked":"TheCursedMod:Wield","floor":18.0},{"not_picked":["TheCursedMod:CursedShiv","TheCursedMod:Grudge","TheCursedMod:SoulReap"],"picked":"TheCursedMod:SoulCrush+1","floor":21.0},{"not_picked":["TheCursedMod:Mangle","TheCursedMod:RavingStaff","TheCursedMod:StunningStrike","TheCursedMod:SmokeScreen"],"picked":"SKIP","floor":24.0},{"not_picked":["TheCursedMod:FleshFromBone+1","TheCursedMod:CircleOfBlood","TheCursedMod:SaltUponWound"],"picked":"TheCursedMod:SpitefulPray","floor":25.0},{"not_picked":["TheCursedMod:CursedShiv","TheCursedMod:CircleOfFlame","TheCursedMod:Stretching"],"picked":"TheCursedMod:SoulReap+1","floor":25.0},{"not_picked":["TheCursedMod:SpitefulPlan","TheCursedMod:SurpriseAttack","TheCursedMod:Grudge"],"picked":"TheCursedMod:Stretching+1","floor":27.0},{"not_picked":["TheCursedMod:FuryStrike","TheCursedMod:CursedSpellbook","TheCursedMod:FleshFromBone"],"picked":"TheCursedMod:SpitefulStrike","floor":28.0},{"not_picked":["TheCursedMod:Stigma+1","TheCursedMod:VitalStrike+1","TheCursedMod:Grudge"],"picked":"TheCursedMod:WearCloak","floor":31.0},{"not_picked":["TheCursedMod:ShockAndAwe","TheCursedMod:CursedRelics","TheCursedMod:DarkBarrier"],"picked":"TheCursedMod:CircleOfAbyss","floor":33.0},{"not_picked":["TheCursedMod:CircleOfFlame+1","TheCursedMod:CursedSpellbook+1","TheCursedMod:CursedMace+1"],"picked":"TheCursedMod:LuckyCharm+1","floor":35.0},{"not_picked":["TheCursedMod:StingEye","TheCursedMod:Evocation","TheCursedMod:SpitefulPlan"],"picked":"TheCursedMod:CursedMace+1","floor":37.0},{"not_picked":["TheCursedMod:WearCloak+1","TheCursedMod:SurpriseAttack","TheCursedMod:SoulReap+1"],"picked":"TheCursedMod:RavingStaff+1","floor":39.0},{"not_picked":["TheCursedMod:Wield+1","TheCursedMod:SaltUponWound+1","TheCursedMod:TacticalStrike+1","TheCursedMod:Torture+1"],"picked":"SKIP","floor":40.0},{"not_picked":["TheCursedMod:VitalStrike+1","TheCursedMod:Wield+1","TheCursedMod:RapidMovement+1"],"picked":"TheCursedMod:CollectTribute","floor":41.0},{"not_picked":["TheCursedMod:CursedShiv+1","TheCursedMod:SpitefulStrike+1","TheCursedMod:CursedStaff+1"],"picked":"TheCursedMod:CursedSpellbook+1","floor":44.0},{"not_picked":["TheCursedMod:CircleOfWindfury+1","TheCursedMod:SaltUponWound+1","TheCursedMod:Stretching"],"picked":"TheCursedMod:HellfireBreathing+1","floor":45.0},{"not_picked":["TheCursedMod:SpitefulStrike+1","TheCursedMod:TacticalStrike+1","TheCursedMod:EmpowerCircles","TheCursedMod:Grudge"],"picked":"SKIP","floor":46.0},{"not_picked":["TheCursedMod:DemonicPact","TheCursedMod:CursedShiv+1","TheCursedMod:PrepareRite"],"picked":"TheCursedMod:SpitefulPray+1","floor":47.0},{"not_picked":["TheCursedMod:SmokeScreen","TheCursedMod:FleshFromBone","TheCursedMod:BlessingInDisguise"],"picked":"TheCursedMod:Hemoplague+1","floor":48.0},{"not_picked":["TheCursedMod:SpitefulPray","TheCursedMod:OutForBlood","TheCursedMod:Stigma+1"],"picked":"TheCursedMod:SoulCrush+1","floor":54.0}],"player_experience":71395,"relics_obtained":[{"floor":5.0,"key":"Question Card"},{"floor":6.0,"key":"HollowMod:PaleOreRelic"},{"floor":9.0,"key":"Bag of Preparation"},{"floor":10.0,"key":"Potion Belt"},{"floor":21.0,"key":"Red Mask"},{"floor":24.0,"key":"HornCleat"},{"floor":40.0,"key":"Molten Egg 2"},{"floor":43.0,"key":"Replay:Baseball"},{"floor":44.0,"key":"Gambling Chip"},{"floor":46.0,"key":"Centennial Puzzle"},{"floor":54.0,"key":"TheCursedMod:MagicCandle"}],"event_choices":[{"cards_removed":["TheCursedMod:Defend_TheCursed"],"damage_healed":0.0,"max_hp_gain":0.0,"max_hp_loss":0.0,"gold_gain":0.0,"event_name":"Living Wall","player_choice":"Forget","floor":3.0,"gold_loss":0.0,"damage_taken":0.0},{"damage_healed":0.0,"max_hp_gain":0.0,"max_hp_loss":0.0,"gold_gain":0.0,"event_name":"Scrap Ooze","player_choice":"Success","floor":4.0,"gold_loss":0.0,"damage_taken":12.0,"relics_obtained":["Regal Pillow"]},{"damage_healed":0.0,"max_hp_gain":0.0,"max_hp_loss":0.0,"gold_gain":0.0,"event_name":"The Library","player_choice":"Read","floor":20.0,"gold_loss":0.0,"damage_taken":0.0,"cards_obtained":["TheCursedMod:CursedArmor"]},{"damage_healed":0.0,"max_hp_gain":0.0,"max_hp_loss":0.0,"gold_gain":0.0,"event_name":"Masked Bandits","player_choice":"Fought Bandits","floor":21.0,"gold_loss":0.0,"damage_taken":0.0},{"cards_removed":["TheCursedMod:Defend_TheCursed"],"damage_healed":0.0,"max_hp_gain":0.0,"max_hp_loss":0.0,"gold_gain":0.0,"event_name":"Back to Basics","player_choice":"Elegance","floor":29.0,"gold_loss":0.0,"damage_taken":0.0},{"cards_removed":["TheCursedMod:Strike_TheCursed"],"damage_healed":0.0,"max_hp_gain":0.0,"max_hp_loss":0.0,"gold_gain":0.0,"event_name":"Bonfire Elementals","player_choice":"Offered Basic","floor":36.0,"gold_loss":0.0,"damage_taken":0.0}],"is_beta":false,"boss_relics":[{"not_picked":["Tiny House","Sozu"],"picked":"Replay:Drink Me"},{"not_picked":["Calling Bell","Painkiller Herb"],"picked":"Velvet Choker"}],"items_purged_floors":[8,19,30,53],"is_endless":false,"potions_floor_spawned":[1,2,6,10,24,27,33,37,41,46,47,48,54],"killed_by":"The Heart","ascension_level":0}}