{"host":"m3herrhkesxm9ooc","time":1608262613,"event":{"mods":["BaseMod","Hermit","Minty Spire (QoL Compilation)","StSLib","The Hierophant"],"gold_per_floor":[113,127,194,207,172,172,29,29,29,45,80,98,98,98],"floor_reached":13,"playtime":266,"items_purged":[],"score":149,"play_id":"311f0b8b-ed65-4b6b-a157-a5a0ece7523a","local_time":"20201218123653","is_ascension_mode":true,"campfire_choices":[{"data":"hermit:Snapshot","floor":6,"key":"SMITH"},{"data":"hermit:ShadowCloak","floor":8,"key":"SMITH"}],"circlet_count":0,"master_deck":["AscendersBane","hermit:Strike_Hermit","hermit:Strike_Hermit","hermit:Strike_Hermit","hermit:Strike_Hermit","hermit:Defend_Hermit","hermit:Defend_Hermit","hermit:Defend_Hermit","hermit:Defend_Hermit","hermit:Snapshot+1","hermit:Covet","hermit:ShadowCloak+1","hermit:Shortfuse","hermit:Headshot","hermit:WideOpen","hermit:Roughhouse","hermit:CursedWeapon"],"relics":["hermit:Momento","NeowsBlessing","Potion Belt","Pen Nib","InkBottle"],"acts_visited":["Exordium"],"potions_floor_usage":[10,12],"damage_taken":[{"damage":0,"enemies":"Jaw Worm","floor":1,"turns":1},{"damage":0,"enemies":"Small Slimes","floor":2,"turns":1},{"damage":0,"enemies":"Cultist","floor":4,"turns":1},{"damage":9,"enemies":"Large Slime","floor":10,"turns":4},{"damage":22,"enemies":"Gremlin Nob","floor":11,"turns":4},{"damage":8,"enemies":"Lots of Slimes","floor":12,"turns":2},{"damage":32,"enemies":"3 Sentries","floor":13,"turns":6}],"seed_played":"-1575076758528711154","potions_obtained":[{"floor":1,"key":"Explosive Potion"},{"floor":2,"key":"FearPotion"}],"is_trial":false,"path_per_floor":["M","M","?","M","?","R","$","R","T","M","E","M","E"],"character_chosen":"HERMIT","items_purchased":["Potion Belt"],"campfire_rested":0,"item_purchase_floors":[7],"current_hp_per_floor":[64,64,64,64,71,71,71,71,71,62,40,32,0,0],"gold":98,"neow_bonus":"THREE_ENEMY_KILL","is_daily":false,"chose_seed":false,"campfire_upgraded":2,"win_rate":0.0,"timestamp":1608262613,"path_taken":["M","M","?","M","?","R","?","R","T","M","E","M","E"],"items_purchased_type":["Relic"],"build_version":"2020-12-13","purchased_purges":0,"victory":false,"max_hp_per_floor":[71,71,71,71,71,71,71,71,71,71,71,71,71,71],"card_choices":[{"not_picked":["hermit:Coalescence","hermit:HoleUp"],"picked":"hermit:ShadowCloak","floor":1},{"not_picked":["hermit:LowProfile","hermit:Snipe"],"picked":"hermit:Shortfuse","floor":2},{"not_picked":["hermit:HoleUp","hermit:Vantage"],"picked":"hermit:Headshot","floor":4},{"not_picked":["hermit:DeadMansHand","hermit:Feint"],"picked":"hermit:WideOpen","floor":10},{"not_picked":["hermit:Malice","hermit:GoldenBullet"],"picked":"hermit:Roughhouse","floor":11},{"not_picked":["hermit:Desperado","hermit:EyeOfTheStorm"],"picked":"hermit:CursedWeapon","floor":12}],"player_experience":640568,"relics_obtained":[{"floor":9,"key":"Pen Nib"},{"floor":11,"key":"InkBottle"}],"event_choices":[{"damage_healed":0,"gold_gain":67,"player_choice":"Gained Gold","damage_taken":0,"max_hp_gain":0,"max_hp_loss":0,"event_name":"Golden Wing","floor":3,"gold_loss":0},{"damage_healed":17,"gold_gain":0,"player_choice":"Healed","damage_taken":0,"max_hp_gain":0,"max_hp_loss":0,"event_name":"The Cleric","floor":5,"gold_loss":35}],"is_beta":false,"boss_relics":[],"items_purged_floors":[],"is_endless":false,"potions_floor_spawned":[1,2,4],"killed_by":"3 Sentries","ascension_level":15}}