{"host":"0u21swshytqr30ym","time":1608252829,"event":{"mods":["2.2 Compatiblity","Act Like it!","BaseMod","Better Third Choice","ChefMod","Colored Map","Conspire","Elementarium","Hallownest","Hermit","Hubris","Menagerie","Minty Spire (QoL Compilation)","Rare Cards Sparkle","Robot Space Explorer","StSLib","The Bug Knight","Wandering Minibosses"],"gold_per_floor":[114,131,131,56,74,100,100,110,110,110,110],"floor_reached":10,"playtime":721,"items_purged":["Injury"],"score":68,"play_id":"4f16ee99-ec91-472b-bdad-273c9453d5bc","local_time":"20201217225349","is_ascension_mode":false,"campfire_choices":[{"data":"RobotSpaceExplorer:Electropulse","floor":7,"key":"SMITH"}],"circlet_count":0,"master_deck":["RobotSpaceExplorer:Strike","RobotSpaceExplorer:Strike","RobotSpaceExplorer:Strike","RobotSpaceExplorer:Strike","RobotSpaceExplorer:Defend","RobotSpaceExplorer:Defend","RobotSpaceExplorer:Defend","RobotSpaceExplorer:Defend","RobotSpaceExplorer:Scan","RobotSpaceExplorer:MiniLasers","RobotSpaceExplorer:LaserBurst","RobotSpaceExplorer:Electropulse+1","RobotSpaceExplorer:SwiftStep","RobotSpaceExplorer:SurgingShield","RobotSpaceExplorer:Probe"],"relics":["RobotSpaceExplorer:RoboCore","NeowsBlessing","hubris:PeanutButter","conspire:BottledYoYo","Unceasing Top"],"acts_visited":["Menagerie:Menagerie"],"potions_floor_usage":[10],"damage_taken":[{"damage":0,"enemies":"Menagerie:WhisperingWraith","floor":1,"turns":1},{"damage":0,"enemies":"Menagerie:StygianBoar","floor":2,"turns":1},{"damage":0,"enemies":"Menagerie:2_RABBITS","floor":5,"turns":1},{"damage":54,"enemies":"Menagerie:VoidReaper","floor":6,"turns":11},{"damage":0,"enemies":"Menagerie:EntropyWarlock","floor":8,"turns":6},{"damage":21,"enemies":"Menagerie:Hydra","floor":10,"turns":4}],"seed_played":"5368886441441195823","potions_obtained":[{"floor":1,"key":"SpeedPotion"},{"floor":5,"key":"Strength Potion"},{"floor":6,"key":"LiquidMemories"}],"is_trial":false,"path_per_floor":["M","M","?","$","M","E","R","M","T","E"],"character_chosen":"RobotSpaceExplorer","items_purchased":[],"campfire_rested":0,"item_purchase_floors":[],"current_hp_per_floor":[75,75,75,75,75,21,21,21,21,0,0],"gold":110,"neow_bonus":"THREE_ENEMY_KILL","is_daily":false,"chose_seed":false,"campfire_upgraded":1,"win_rate":0.0,"timestamp":1608252829,"path_taken":["M","M","?","$","M","E","R","?","T","E"],"items_purchased_type":[],"build_version":"2020-12-13","purchased_purges":1,"victory":false,"max_hp_per_floor":[75,75,75,75,75,75,75,75,75,75,75],"card_choices":[{"not_picked":["RobotSpaceExplorer:StarDust","RobotSpaceExplorer:FranticSearch"],"picked":"RobotSpaceExplorer:LaserBurst","floor":1},{"not_picked":["RobotSpaceExplorer:MetalStrike","RobotSpaceExplorer:DoubleBlock"],"picked":"RobotSpaceExplorer:Electropulse","floor":2},{"not_picked":["RobotSpaceExplorer:Counterblock","RobotSpaceExplorer:ShockKick"],"picked":"RobotSpaceExplorer:SwiftStep","floor":5},{"not_picked":["RobotSpaceExplorer:StunGrenade","RobotSpaceExplorer:Counterblock"],"picked":"RobotSpaceExplorer:SurgingShield","floor":6},{"not_picked":["RobotSpaceExplorer:ImprovisedAttack","RobotSpaceExplorer:DoubleBlock"],"picked":"RobotSpaceExplorer:Probe","floor":8}],"player_experience":338668,"relics_obtained":[{"floor":6,"key":"conspire:BottledYoYo"},{"floor":9,"key":"Unceasing Top"}],"event_choices":[{"damage_healed":0,"gold_gain":0,"player_choice":"Lion","damage_taken":0,"relics_obtained":["hubris:PeanutButter"],"max_hp_gain":0,"max_hp_loss":0,"event_name":"Menagerie:ThreeAnimals","floor":3,"gold_loss":0,"cards_obtained":["Injury"]}],"is_beta":false,"boss_relics":[],"items_purged_floors":[4],"is_endless":false,"potions_floor_spawned":[1,5,6],"killed_by":"Menagerie:Hydra","ascension_level":0}}