{"host":"9ndbo4kgsfoemf7y","time":1608284633,"event":{"mods":["AchievementEnabler","BaseMod","Colored Map","DeckTracker","Keyboard Shortcuts","Minty Spire (QoL Compilation)","Permanent Neow","Quick Restart","Relic Stats","StSLib","SuperFastMode"],"gold_per_floor":[118,128,146,21,21,21,21],"floor_reached":6,"playtime":281,"items_purged":["Writhe"],"score":67,"play_id":"5f4c47eb-06be-4cd4-b6ec-f98c6f8676aa","local_time":"20201218184353","is_ascension_mode":true,"campfire_choices":[],"circlet_count":0,"master_deck":["AscendersBane","Strike_G","Strike_G","Strike_G","Strike_G","Strike_G","Defend_G","Defend_G","Defend_G","Defend_G","Defend_G","Survivor","Neutralize","Phantasmal Killer","Reflex","Leg Sweep","Blade Dance","Blade Dance"],"relics":["Ring of the Snake","Orichalcum"],"acts_visited":["Exordium"],"potions_floor_usage":[],"damage_taken":[{"damage":5,"enemies":"Jaw Worm","floor":1,"turns":4},{"damage":5,"enemies":"Small Slimes","floor":2,"turns":5},{"damage":5,"enemies":"2 Louse","floor":3,"turns":4},{"damage":18,"enemies":"Lagavulin","floor":6,"turns":7}],"seed_played":"631803137597395244","potions_obtained":[{"floor":1,"key":"LiquidBronze"},{"floor":2,"key":"Dexterity Potion"}],"is_trial":false,"path_per_floor":["M","M","M","$","?","E"],"character_chosen":"THE_SILENT","items_purchased":["Blade Dance"],"campfire_rested":0,"item_purchase_floors":[4],"current_hp_per_floor":[54,49,44,44,18,0,0],"gold":21,"neow_bonus":"THREE_RARE_CARDS","is_daily":false,"chose_seed":false,"campfire_upgraded":0,"win_rate":0.0,"timestamp":1608284633,"path_taken":["M","M","M","$","?","E"],"items_purchased_type":["Card"],"build_version":"2020-12-13","purchased_purges":1,"victory":false,"max_hp_per_floor":[66,66,66,66,66,66,66],"relic_stats":{"counters":[4,20],"Orichalcum":[24],"obtain_stats":[{"Orichalcum":5,"Ring of the Snake":0},{"Orichalcum":3,"Ring of the Snake":0},{"Orichalcum":13,"Ring of the Snake":0}],"Ring of the Snake":[8]},"card_choices":[{"not_picked":["Doppelganger","Tools of the Trade"],"picked":"Phantasmal Killer","floor":0},{"not_picked":["Sucker Punch","Acrobatics"],"picked":"Reflex","floor":1},{"not_picked":["Flechettes","Endless Agony"],"picked":"Leg Sweep","floor":2},{"not_picked":["PiercingWail","Outmaneuver"],"picked":"Blade Dance","floor":3}],"player_experience":694820,"relics_obtained":[],"event_choices":[{"damage_healed":0,"gold_gain":0,"player_choice":"Success","damage_taken":26,"relics_obtained":["Orichalcum"],"max_hp_gain":0,"max_hp_loss":0,"event_name":"Scrap Ooze","floor":5,"gold_loss":0}],"is_beta":false,"boss_relics":[],"items_purged_floors":[4],"is_endless":false,"potions_floor_spawned":[1,2],"killed_by":"Lagavulin","ascension_level":17}}