{"host":"a1eatafr7pisesky","time":1608296432,"event":{"mods":["BaseMod","Colored Map","DeckTracker","Highlight Path","Keyboard Shortcuts","Minty Spire (QoL Compilation)","Permanent Neow","Random Character Button","StSLib","SuperFastMode","everything is the same but u backflip on backflip"],"gold_per_floor":[111,186,286,66,84,409,409,437,437,455,471,496,514,533,533,533,533],"floor_reached":16,"playtime":353,"items_purged":["Defend_R"],"score":213,"play_id":"820d2a18-e4ad-4f6e-ad31-73d15bb4f1d1","local_time":"20201218220032","is_ascension_mode":true,"campfire_choices":[{"data":"Perfected Strike","floor":7.0,"key":"SMITH"},{"floor":15.0,"key":"REST"}],"circlet_count":0,"master_deck":["Strike_R","Strike_R","Strike_R","Strike_R","Strike_R","Defend_R","Defend_R","Defend_R","Bash","Perfected Strike+1","Body Slam","True Grit","Twin Strike","Flex","Entrench","Sword Boomerang","Body Slam","Shrug It Off"],"relics":["Burning Blood","NeowsBlessing","Potion Belt","Old Coin","Bottled Flame","Prayer Wheel","StoneCalendar"],"acts_visited":["Exordium"],"potions_floor_usage":[16],"damage_taken":[{"damage":0.0,"enemies":"Jaw Worm","floor":1.0,"turns":1.0},{"damage":0.0,"enemies":"Cultist","floor":5.0,"turns":1.0},{"damage":0.0,"enemies":"Lagavulin","floor":6.0,"turns":1.0},{"damage":46.0,"enemies":"3 Sentries","floor":8.0,"turns":9.0},{"damage":0.0,"enemies":"Small Slimes","floor":10.0,"turns":3.0},{"damage":0.0,"enemies":"2 Fungi Beasts","floor":11.0,"turns":2.0},{"damage":18.0,"enemies":"Gremlin Nob","floor":12.0,"turns":3.0},{"damage":6.0,"enemies":"Looter","floor":13.0,"turns":2.0},{"damage":32.0,"enemies":"Exordium Wildlife","floor":14.0,"turns":4.0},{"damage":36,"enemies":"The Guardian","floor":16,"turns":9}],"seed_played":"-5569296471754241253","potions_obtained":[{"floor":5.0,"key":"Block Potion"},{"floor":6.0,"key":"DistilledChaos"},{"floor":11.0,"key":"BlessingOfTheForge"},{"floor":12.0,"key":"Fire Potion"}],"is_trial":false,"path_per_floor":["M","?","?","$","M","E","R","E","T","M","M","E","M","M","R","B"],"character_chosen":"IRONCLAD","items_purchased":["Potion Belt"],"campfire_rested":1,"item_purchase_floors":[4],"current_hp_per_floor":[78,67,67,67,73,79,79,39,39,45,51,39,39,13,37,1,1],"gold":533,"neow_bonus":"THREE_ENEMY_KILL","is_daily":false,"chose_seed":false,"campfire_upgraded":1,"win_rate":0.0,"timestamp":1608296432,"path_taken":["M","?","?","$","M","E","R","E","T","M","?","E","M","M","R","BOSS"],"items_purchased_type":["Relic"],"build_version":"2020-12-13","purchased_purges":1,"victory":false,"max_hp_per_floor":[80,80,80,80,80,80,80,80,80,80,80,80,80,80,80,80,80],"card_choices":[{"not_picked":["Combust","Headbutt"],"picked":"Perfected Strike","floor":1.0},{"not_picked":["Body Slam","True Grit","Heavy Blade"],"picked":"SKIP","floor":5.0},{"not_picked":["True Grit","Heavy Blade"],"picked":"Body Slam","floor":5.0},{"not_picked":["Havoc","Armaments"],"picked":"True Grit","floor":6.0},{"not_picked":["Bludgeon","Juggernaut"],"picked":"Twin Strike","floor":8.0},{"not_picked":["Heavy Blade","Whirlwind","Clash"],"picked":"SKIP","floor":10.0},{"not_picked":["Pommel Strike","True Grit","Combust"],"picked":"SKIP","floor":10.0},{"not_picked":["Clash","True Grit"],"picked":"Flex","floor":11.0},{"not_picked":["Iron Wave","Sword Boomerang"],"picked":"Entrench","floor":11.0},{"not_picked":["Intimidate","Bludgeon"],"picked":"Sword Boomerang","floor":12.0},{"not_picked":["Iron Wave","Perfected Strike"],"picked":"Body Slam","floor":13.0},{"not_picked":["Searing Blow","Pommel Strike","True Grit"],"picked":"SKIP","floor":13.0},{"not_picked":["Uppercut","Flex"],"picked":"Shrug It Off","floor":14.0},{"not_picked":["Heavy Blade","Rampage","Carnage"],"picked":"SKIP","floor":14.0}],"player_experience":219430,"relics_obtained":[{"floor":6.0,"key":"Old Coin"},{"floor":8.0,"key":"Bottled Flame"},{"floor":9.0,"key":"Prayer Wheel"},{"floor":12.0,"key":"StoneCalendar"}],"event_choices":[{"damage_healed":0.0,"max_hp_gain":0.0,"max_hp_loss":0.0,"gold_gain":75.0,"event_name":"World of Goop","player_choice":"Gather Gold","floor":2.0,"gold_loss":0.0,"damage_taken":11.0},{"damage_healed":0.0,"max_hp_gain":0.0,"max_hp_loss":0.0,"gold_gain":100.0,"event_name":"Wheel of Change","player_choice":"Gold","floor":3.0,"gold_loss":0.0,"damage_taken":0.0}],"is_beta":false,"boss_relics":[],"items_purged_floors":[4],"is_endless":false,"potions_floor_spawned":[5,6,11,12],"killed_by":"The Guardian","ascension_level":9}}