{"host":"0azimyi6n3ugndj4","time":1608298905,"event":{"mods":["BaseMod","Bestiary","Conspire","Curses Come First","Defuse TimeMaze Blight","Hyrulean Relics","Infinite Spire","Minty Spire (QoL Compilation)","Relic Sorter","Relic Stats","Replay The Spire","StSLib","SuperFastMode","Uncapped","¡¼?Úª?ø«¡½REMEMod"],"gold_per_floor":[99,132,192,6,51,51,51,154,200,200,350,389,61,123,123,373,373,428,428,467,698,725,725,823,332,385,385,385,444,490,552,564,807,819,864,278,278,278],"floor_reached":37,"playtime":661,"items_purged":[],"score":1224,"play_id":"f363df1a-9ffd-493d-85cf-8718239e5159","local_time":"20201218224145","daily_mods":["Draft","Hoarder","Chimera","Shiny","Specialized","Vintage","ControlledChaos","Allstar","Diverse","Colorless Cards","Heirloom","Time Dilation","Flight","Binary","Elite Swarm","Lethality","Midas","Binary"],"is_ascension_mode":true,"campfire_choices":[{"floor":6,"key":"REST"},{"floor":15,"key":"REST"},{"floor":23,"key":"REST"},{"floor":28,"key":"REST"},{"floor":32,"key":"REST"}],"circlet_count":0,"master_deck":["Demon Form","Wraith Form v2","Echo Form","DevaForm","AscendersBane","Survivor","Zap","Eruption","Strike_R","Strike_G+1","Strike_B","Defend_R","Defend_G+1","Defend_P","Brilliance","Devotion","Replay:AllIn","LessonLearned","Vault","Alpha","Establishment","REME_WorshipGod","Replay:LoomingThreat","DeusExMachina","Judgement","ConjureBlade","REME_EmptyShield","MasterReality","Blasphemy","Ragnarok","REME_CRH","Scrawl","Wish","Omniscience","SpiritShield","DevaForm","Hyperbeam","REME_ForAll","Machine Learning","Buffer","Mirror Shield","Seek","Echo Form","All For One","Reboot","Fission","Core Surge","Multi-Cast","Thunder Strike","Biased Cognition","REME_Shoggoth","Electrodynamics","ReplayRNGCard","ReplayTheSpireMod:Omega Cannon","Rainbow","Meteor Strike","Amplify","Creative AI","REME_ShadowForm","ReplayTheSpireMod:Necrosis","Corpse Explosion","Die Die Die","Atom Bomb","ReplayTheSpireMod:From All Sides","Adrenaline","Envenom","Doppelganger","Burst","Wraith Form v2","REME_SpectralBlade","Tools of the Trade","REME_CopyPotion","After Image","Poison Darts","A Thousand Cuts","Venomology","Replay:Bag of Tricks","Malaise","Phantasmal Killer","Night Terror","infinitespire:Neurotoxin","Unload","REME_GrazeFinale","Bullet Time","Storm of Steel","Glass Knife","Grand Finale","Double Tap","Demon Form","REME_ACTH","Fiend Fire","Eclipse","conspire:Purge","Berserk","Impervious","Juggernaut","Brutality","Demonic Infusion","conspire:HitWhereItHurts+1","Exhume+1","Offering","REME_Fury","Bludgeon","Feed","Replay:Many Hands","Limit Break","Corruption","Barricade","Hemogenesis","REME_TheLastStrike","Reaper","Immolate","Thinking Ahead","Metamorphosis","Master of Strategy","Magnetism","Chrysalis","Mayhem","REME_PuzzleBox","Secret Weapon","Midas Touch","ReplayTheSpireMod:Brewmster","REME_AllRoundStrike","Poisoned Strike","Sadistic Nature","Replay:Dark Deal","REME_Flogging","ReplayUltimateDefense","Transmutation+1","REME_BattleFury","HandOfGreed","ReplayTheSpireMod:Necrogeddon","Apotheosis","Panache","Violence","Secret Technique","The Bomb","Crow Ritual","REME_BuildACard","REME_ProfessionalPlagiarism","Terror","Terror","Terror","Terror","Terror","Terror","Terror","Terror","Terror","Terror","Terror","Terror","Terror","Terror","Terror","Defy Death","Defy Death","Defy Death","Deflect","Deflect","Deflect","Fluid Movement","Fluid Movement","Fluid Movement","Redo","Redo","Redo","Warcry","Warcry","Warcry","Anger","Anger","Anger","Distraction","Distraction","Distraction","conspire:Banana","conspire:Banana","conspire:Banana","Dodge and Roll","Dodge and Roll","Dodge and Roll","Heavy Blade","Heavy Blade","Heavy Blade","Pray","Pray","Pray","conspire:Banana","conspire:Banana","conspire:Banana","ReplayTheSpireMod:Strike From Hell","ReplayTheSpireMod:Strike From Hell","ReplayTheSpireMod:Strike From Hell","Metallicize","Metallicize","Metallicize","SandsOfTime","SandsOfTime","SandsOfTime","Riddle With Holes","Riddle With Holes","Riddle With Holes","Eruption","Eruption","Eruption","Doubt","Doubt"],"relics":["Frozen Eye","Busted Crown","REME_ComplimentaryCards","Ginger","Replay:M_SmolderingBlood","Simple Rune","infinitespire:EmpoweringShard","Replay:Lucky Slots","Lantern","zeldaRelics:CourageTriforce","Golden Idol","Molten Egg 2","Lee\u0027s Waffle","REME_HandOfSuture","PreservedInsect","zeldaRelics:HylianShield","Blue Doll","ReplayTheSpireMod:TigerMarble","zeldaRelics:WisdomPiece","Toy Ornithopter","Replay:Rubber Ducky","Cauldron","Enchiridion","White Beast Statue","HornCleat","Prayer Wheel","MawBank","Fusion Hammer","Ancient Tea Set","Guide Book","Red Skull","conspire:DecoderRing"],"acts_visited":["Exordium","TheCity","TheBeyond"],"potions_floor_usage":[21,37,37,37,37],"damage_taken":[{"damage":18,"enemies":"conspire:RoseBush","floor":2,"turns":1},{"damage":0,"enemies":"Cultist","floor":3,"turns":3},{"damage":0,"enemies":"2 Louse","floor":5,"turns":1},{"damage":0,"enemies":"3 Sentries","floor":8,"turns":2},{"damage":0,"enemies":"Large Slime","floor":12,"turns":1},{"damage":18,"enemies":"conspire:2 RoseBushes","floor":14,"turns":2},{"damage":20,"enemies":"The Guardian","floor":16,"turns":3},{"damage":56,"enemies":"Shell Parasite","floor":18,"turns":4},{"damage":0,"enemies":"Chosen","floor":20,"turns":2},{"damage":24,"enemies":"conspire:SneckoGhost","floor":24,"turns":4},{"damage":0,"enemies":"Centurion and Healer","floor":29,"turns":1},{"damage":0,"enemies":"Sentry and Sphere","floor":30,"turns":1},{"damage":6,"enemies":"Shelled Parasite and Fungi","floor":31,"turns":1},{"damage":0,"enemies":"Automaton","floor":33,"turns":6},{"damage":0,"enemies":"3 Darklings","floor":35,"turns":1},{"damage":6,"enemies":"infinitespire:Three Voidlings","floor":37,"turns":1},{"damage":98,"enemies":"Nightmare_Alpha","floor":37,"turns":4}],"seed_played":"2994995210040524804","potions_obtained":[{"floor":2,"key":"ColorlessPotion"},{"floor":3,"key":"DuplicationPotion"},{"floor":12,"key":"EntropicBrew"},{"floor":21,"key":"BloodPotion"},{"floor":21,"key":"infinitespire:BlackPotion"}],"is_trial":true,"path_per_floor":["?","M","M","$","M","R","WH","E","T","?","?","M","$","M","R","B",null,"M","?","M","?","T","R","E","$","T","?","R","M","M","M","R","B",null,"M","$","?"],"character_chosen":"IRONCLAD","items_purchased":["Replay:Lucky Slots","Lee\u0027s Waffle","REME_HandOfSuture","Toy Ornithopter","Replay:Rubber Ducky","Cauldron","Guide Book","Red Skull","conspire:DecoderRing"],"campfire_rested":5,"item_purchase_floors":[4,13,13,25,25,25,36,36,36],"current_hp_per_floor":[68,50,50,50,51,73,80,80,80,51,51,51,90,73,91,71,86,35,35,36,24,24,51,28,28,28,7,34,34,34,28,55,55,84,84,84,0,0],"gold":278,"neow_bonus":"TEN_PERCENT_HP_BONUS","is_daily":false,"chose_seed":false,"campfire_upgraded":0,"win_rate":0.0,"timestamp":1608298905,"path_taken":["?","M","?","?","M","R","WH","E","T","?","?","M","$","M","R","BOSS","M","?","?","?","?","R","E","$","T","?","R","?","M","?","R","BOSS","M","$","?"],"items_purchased_type":["Relic","Relic","Relic","Relic","Relic","Relic","Relic","Relic","Relic"],"build_version":"2020-12-13","purchased_purges":0,"victory":false,"max_hp_per_floor":[75,75,75,75,76,76,83,83,83,83,83,83,90,91,91,91,91,91,91,92,92,92,92,93,93,93,93,93,93,93,93,93,93,93,93,93,96,96],"relic_stats":{"Lee\u0027s Waffle":39,"Busted Crown":24,"counters":[17,38],"Golden Idol":120,"Prayer Wheel":0,"PreservedInsect":151,"Ginger":[1],"MawBank":60,"obtain_stats":[{"Lantern":5,"Enchiridion":27,"Blue Doll":18,"Ginger":0,"Ancient Tea Set":35,"Burning Blood":0,"Replay:Rubber Ducky":25,"Frozen Eye":0,"HornCleat":30,"Replay:M_SmolderingBlood":1,"conspire:DecoderRing":36,"Prayer Wheel":31,"Replay:Lucky Slots":4,"Fusion Hammer":34,"zeldaRelics:CouragePiece":8,"Red Skull":36,"Lee\u0027s Waffle":13,"zeldaRelics:WisdomPiece":24,"Golden Idol":10,"Guide Book":36,"PreservedInsect":14,"MawBank":31,"zeldaRelics:CourageTriforce":22,"White Beast Statue":29,"Cauldron":25,"Busted Crown":0,"Simple Rune":2,"Molten Egg 2":12,"REME_HandOfSuture":13,"infinitespire:EmpoweringShard":3,"ReplayTheSpireMod:TigerMarble":20,"Toy Ornithopter":25,"REME_ComplimentaryCards":0,"zeldaRelics:HylianShield":17},{"Lantern":3,"Enchiridion":10,"Blue Doll":8,"Ginger":0,"Ancient Tea Set":15,"Burning Blood":0,"Replay:Rubber Ducky":10,"Frozen Eye":0,"HornCleat":12,"Replay:M_SmolderingBlood":0,"conspire:DecoderRing":15,"Prayer Wheel":13,"Replay:Lucky Slots":2,"Fusion Hammer":14,"zeldaRelics:CouragePiece":4,"Red Skull":15,"Lee\u0027s Waffle":5,"zeldaRelics:WisdomPiece":10,"Golden Idol":4,"Guide Book":15,"PreservedInsect":6,"MawBank":13,"zeldaRelics:CourageTriforce":9,"White Beast Statue":11,"Cauldron":10,"Busted Crown":0,"Simple Rune":1,"Molten Egg 2":5,"REME_HandOfSuture":5,"infinitespire:EmpoweringShard":2,"ReplayTheSpireMod:TigerMarble":9,"Toy Ornithopter":10,"REME_ComplimentaryCards":0,"zeldaRelics:HylianShield":7},{"Lantern":5,"Enchiridion":23,"Blue Doll":17,"Ginger":0,"Ancient Tea Set":33,"Burning Blood":0,"Replay:Rubber Ducky":23,"Frozen Eye":0,"HornCleat":25,"Replay:M_SmolderingBlood":0,"conspire:DecoderRing":33,"Prayer Wheel":26,"Replay:Lucky Slots":4,"Fusion Hammer":32,"zeldaRelics:CouragePiece":7,"Red Skull":33,"Lee\u0027s Waffle":8,"zeldaRelics:WisdomPiece":23,"Golden Idol":7,"Guide Book":33,"PreservedInsect":10,"MawBank":26,"zeldaRelics:CourageTriforce":19,"White Beast Statue":24,"Cauldron":23,"Busted Crown":0,"Simple Rune":1,"Molten Egg 2":8,"REME_HandOfSuture":8,"infinitespire:EmpoweringShard":4,"ReplayTheSpireMod:TigerMarble":19,"Toy Ornithopter":23,"REME_ComplimentaryCards":0,"zeldaRelics:HylianShield":13}],"Toy Ornithopter":15},"card_choices":[{"not_picked":["Prepared","Defragment"],"picked":"Defy Death","floor":0},{"not_picked":["Rupture","Ball Lightning"],"picked":"Deflect","floor":0},{"not_picked":["ReplayTheSpireMod:Strike From Hell","Sword Boomerang"],"picked":"Fluid Movement","floor":0},{"not_picked":["Steam","Acrobatics"],"picked":"Redo","floor":0},{"not_picked":["PathToVictory","Run Through"],"picked":"Warcry","floor":0},{"not_picked":["Backflip","Rebound"],"picked":"Anger","floor":0},{"not_picked":["Backflip","WheelKick"],"picked":"Distraction","floor":0},{"not_picked":["Swift Strike","ReplayReversal"],"picked":"conspire:Banana","floor":0},{"not_picked":["Clash","Searing Blow"],"picked":"Dodge and Roll","floor":0},{"not_picked":["Bane","EmptyBody"],"picked":"Heavy Blade","floor":0},{"not_picked":["Life Link","ReplayTheSpireMod:Calculation Training"],"picked":"Pray","floor":0},{"not_picked":["Backflip","Setup"],"picked":"conspire:Banana","floor":0},{"not_picked":["Deflect","Stack"],"picked":"ReplayTheSpireMod:Strike From Hell","floor":0},{"not_picked":["Replay:Bootleg Shield Generator","Slice"],"picked":"Metallicize","floor":0},{"not_picked":["Run Through","SashWhip"],"picked":"SandsOfTime","floor":0}],"player_experience":1461748,"relics_obtained":[{"floor":2,"key":"Simple Rune"},{"floor":3,"key":"infinitespire:EmpoweringShard"},{"floor":5,"key":"Lantern"},{"floor":8,"key":"zeldaRelics:CouragePiece"},{"floor":9,"key":"zeldaRelics:CouragePiece"},{"floor":12,"key":"Molten Egg 2"},{"floor":14,"key":"PreservedInsect"},{"floor":18,"key":"Blue Doll"},{"floor":20,"key":"ReplayTheSpireMod:TigerMarble"},{"floor":22,"key":"zeldaRelics:CouragePiece"},{"floor":24,"key":"zeldaRelics:WisdomPiece"},{"floor":26,"key":"zeldaRelics:WisdomPiece"},{"floor":27,"key":"Enchiridion"},{"floor":29,"key":"White Beast Statue"},{"floor":30,"key":"HornCleat"},{"floor":31,"key":"MawBank"},{"floor":35,"key":"Ancient Tea Set"}],"event_choices":[{"damage_healed":0,"gold_gain":0,"player_choice":"Take Damage","damage_taken":29,"relics_obtained":["Golden Idol"],"max_hp_gain":0,"max_hp_loss":0,"event_name":"Golden Idol","floor":10,"gold_loss":0},{"damage_healed":0,"gold_gain":150,"player_choice":"AGREE","damage_taken":0,"max_hp_gain":0,"max_hp_loss":0,"event_name":"Liars Game","floor":11,"gold_loss":0,"cards_obtained":["Doubt"]},{"cards_removed":["Doubt"],"damage_healed":0,"gold_gain":0,"player_choice":"Card Removal","damage_taken":0,"max_hp_gain":0,"max_hp_loss":0,"event_name":"Wheel of Change","floor":19,"gold_loss":0},{"damage_healed":0,"gold_gain":0,"player_choice":"Obtained Book","damage_taken":21,"max_hp_gain":0,"max_hp_loss":0,"event_name":"Cursed Tome","floor":27,"gold_loss":0}],"is_beta":false,"boss_relics":[{"not_picked":["Sozu","Mark of Pain"],"picked":"zeldaRelics:HylianShield"},{"not_picked":["Tiny House","Replay:Wanted Poster"],"picked":"Fusion Hammer"}],"items_purged_floors":[],"is_endless":false,"potions_floor_spawned":[2,3,12,16,18,20,30,31,33,35,37],"killed_by":"Nightmare_Alpha","ascension_level":20}}