{"host":"r53pw7z744tg3fxg","time":1608312153,"event":{"mods":["AchievementEnabler","BaseMod","Colored Map","Colored Powertips","Highlight Path","Minty Spire (QoL Compilation)","Quick Restart","Transform Curses"],"gold_per_floor":[116,131,149,162,179,179,214,214,214,6,37,37,37,48,48,149,149,164,164,175,185,196,196,221,221,248,261,294,294,294,310,310,310,310],"floor_reached":33,"playtime":1832,"items_purged":[],"score":377,"play_id":"26144d41-243e-47b2-98f2-9a5c73e66699","local_time":"20201218102233","is_ascension_mode":true,"campfire_choices":[{"floor":6.0,"key":"REST"},{"data":"FearNoEvil","floor":8.0,"key":"SMITH"},{"data":"PathToVictory","floor":12.0,"key":"SMITH"},{"data":"ClearTheMind","floor":15.0,"key":"SMITH"},{"floor":23,"key":"REST"},{"floor":25,"key":"REST"},{"floor":30,"key":"REST"},{"floor":32,"key":"REST"}],"circlet_count":0,"master_deck":["Strike_P","Strike_P","Strike_P","Strike_P","Defend_P","Defend_P","Defend_P","Defend_P","Eruption+1","Vigilance","EmptyFist","BowlingBash","Evaluate","FearNoEvil+1","FlurryOfBlows","Wireheading","ClearTheMind+1","PathToVictory+1","Tantrum","SpiritShield","CurseOfTheBell","Consecrate","ForeignInfluence+1","Protect+1","TalkToTheHand","EmptyBody+1","Prostrate+1","Sanctity+1"],"relics":["PureWater","Art of War","Lantern","Anchor","Orichalcum","FaceOfCleric","Calling Bell","Bronze Scales","Toxic Egg 2","Incense Burner","Red Mask","Smiling Mask","HornCleat","Bag of Preparation"],"acts_visited":["Exordium","TheCity"],"potions_floor_usage":[24],"damage_taken":[{"damage":0.0,"enemies":"Cultist","floor":1.0,"turns":2.0},{"damage":0.0,"enemies":"Jaw Worm","floor":2.0,"turns":1.0},{"damage":0.0,"enemies":"Small Slimes","floor":3.0,"turns":2.0},{"damage":3.0,"enemies":"Blue Slaver","floor":4.0,"turns":3.0},{"damage":7.0,"enemies":"Exordium Thugs","floor":5.0,"turns":3.0},{"damage":2.0,"enemies":"3 Sentries","floor":7.0,"turns":5.0},{"damage":16.0,"enemies":"Gremlin Nob","floor":11.0,"turns":3.0},{"damage":0.0,"enemies":"2 Fungi Beasts","floor":14.0,"turns":2.0},{"damage":35.0,"enemies":"The Guardian","floor":16.0,"turns":12.0},{"damage":0.0,"enemies":"2 Thieves","floor":18.0,"turns":2.0},{"damage":1.0,"enemies":"Shell Parasite","floor":20.0,"turns":4.0},{"damage":8.0,"enemies":"Snake Plant","floor":21.0,"turns":4.0},{"damage":21,"enemies":"Cultist and Chosen","floor":22,"turns":6},{"damage":6,"enemies":"Masked Bandits","floor":24,"turns":4},{"damage":1,"enemies":"Centurion and Healer","floor":27,"turns":5},{"damage":24,"enemies":"Slavers","floor":28,"turns":5},{"damage":21,"enemies":"Snake Plant","floor":31,"turns":4},{"damage":88,"enemies":"Collector","floor":33,"turns":13}],"seed_played":"683882316017155732","potions_obtained":[{"floor":1.0,"key":"PowerPotion"},{"floor":4.0,"key":"Explosive Potion"},{"floor":7.0,"key":"StancePotion"},{"floor":16.0,"key":"Strength Potion"},{"floor":18.0,"key":"Fire Potion"},{"floor":22,"key":"SkillPotion"}],"is_trial":false,"path_per_floor":["M","M","M","M","M","R","E","R","T","$","E","R","?","M","R","B",null,"M","?","M","M","M","R","?","R","T","M","E","?","R","M","R","B"],"character_chosen":"WATCHER","items_purchased":["Anchor","ClearTheMind"],"campfire_rested":5,"item_purchase_floors":[10,10],"current_hp_per_floor":[65,65,65,62,55,72,70,70,70,70,54,54,54,55,55,21,61,62,62,62,55,35,58,53,76,76,76,53,53,77,57,81,0,0],"gold":310,"neow_bonus":"UPGRADE_CARD","is_daily":false,"chose_seed":false,"campfire_upgraded":3,"win_rate":0.0,"timestamp":1608312153,"path_taken":["M","M","M","M","M","R","E","R","T","$","E","R","?","M","R","BOSS","M","?","M","M","M","R","?","R","T","M","E","?","R","M","R","BOSS"],"items_purchased_type":["Relic","Card"],"build_version":"2020-12-13","purchased_purges":0,"victory":false,"max_hp_per_floor":[72,72,72,72,72,72,72,72,72,72,72,72,72,73,73,74,74,75,75,76,77,78,78,79,79,79,80,81,81,81,82,82,82,82],"card_choices":[{"not_picked":["Study","Prostrate"],"picked":"EmptyFist","floor":1.0},{"not_picked":["ThirdEye","WheelKick"],"picked":"BowlingBash","floor":2.0},{"not_picked":["EmptyBody","ThirdEye"],"picked":"Evaluate","floor":3.0},{"not_picked":["SandsOfTime","WheelKick"],"picked":"FearNoEvil","floor":4.0},{"not_picked":["MentalFortress","Prostrate"],"picked":"FlurryOfBlows","floor":5.0},{"not_picked":["Evaluate","DevaForm"],"picked":"Wireheading","floor":7.0},{"not_picked":["LikeWater","ClearTheMind"],"picked":"PathToVictory","floor":11.0},{"not_picked":["Fasting2","Crescendo"],"picked":"Tantrum","floor":14.0},{"not_picked":["Devotion","Brilliance"],"picked":"SpiritShield","floor":16.0},{"not_picked":["BowlingBash","Evaluate+1","Meditate+1"],"picked":"SKIP","floor":18.0},{"not_picked":["Prostrate+1","Nirvana"],"picked":"Consecrate","floor":20.0},{"not_picked":["FlyingSleeves+1","JustLucky"],"picked":"ForeignInfluence+1","floor":21.0},{"not_picked":["Adaptation","FollowUp"],"picked":"Protect+1","floor":22},{"not_picked":["ClearTheMind+1","CrushJoints"],"picked":"TalkToTheHand","floor":24},{"not_picked":["Sanctity+1","Swivel+1"],"picked":"EmptyBody+1","floor":27},{"not_picked":["Tantrum","Study"],"picked":"Prostrate+1","floor":28},{"not_picked":["FlyingSleeves+1","Weave"],"picked":"Sanctity+1","floor":31}],"player_experience":1123158,"relics_obtained":[{"floor":7.0,"key":"Art of War"},{"floor":9.0,"key":"Lantern"},{"floor":11.0,"key":"Orichalcum"},{"floor":17.0,"key":"Bronze Scales"},{"floor":17.0,"key":"Toxic Egg 2"},{"floor":17.0,"key":"Incense Burner"},{"floor":24,"key":"Red Mask"},{"floor":26,"key":"Smiling Mask"},{"floor":28,"key":"HornCleat"}],"event_choices":[{"damage_healed":0.0,"max_hp_gain":0.0,"max_hp_loss":0.0,"gold_gain":0.0,"event_name":"FaceTrader","player_choice":"Trade","floor":13.0,"gold_loss":0.0,"damage_taken":0.0,"relics_obtained":["FaceOfCleric"]},{"damage_healed":0.0,"max_hp_gain":0.0,"max_hp_loss":0.0,"gold_gain":0.0,"event_name":"Vampires","player_choice":"Ignored","floor":19.0,"gold_loss":0.0,"damage_taken":0.0},{"damage_healed":0,"gold_gain":0,"player_choice":"Fought Bandits","damage_taken":0,"max_hp_gain":0,"max_hp_loss":0,"event_name":"Masked Bandits","floor":24,"gold_loss":0},{"damage_healed":0,"gold_gain":0,"player_choice":"Opened","damage_taken":0,"relics_obtained":["Bag of Preparation"],"max_hp_gain":0,"max_hp_loss":0,"event_name":"The Mausoleum","floor":29,"gold_loss":0}],"is_beta":false,"boss_relics":[{"not_picked":["Sozu","SacredBark"],"picked":"Calling Bell"}],"items_purged_floors":[],"is_endless":false,"potions_floor_spawned":[1,4,7,16,18,22],"killed_by":"Collector","ascension_level":7}}