{"host":"nsxzlb359hv0da5z","time":1608266614,"event":{"mods":["BaseMod","Bestiary","Colored Map","Minty Spire (QoL Compilation)","Permanent Neow","Relic Stats","Slay the Relics Exporter","ojb\u0027s Info Mod"],"gold_per_floor":[116,133,83,83,93,93,123,138,193,220,230,248,248,323,323,421,421,432,26,26,38,38,38,63,75,99,132,132,161,171,189,189,284,284,296,571,22,42,59,91,91,105,105,105,137,152,152,165,165,165,165,165,64,91,91],"floor_reached":56,"playtime":4729,"items_purged":["Strike_R","Regret"],"score":1586,"play_id":"63f57710-89ca-48a4-b010-af11b63ef754","local_time":"20201217204334","is_ascension_mode":true,"campfire_choices":[{"data":"Uppercut","floor":6.0,"key":"SMITH"},{"data":"Fiend Fire","floor":13.0,"key":"SMITH"},{"data":"Bash","floor":15.0,"key":"SMITH"},{"data":"Whirlwind","floor":23.0,"key":"SMITH"},{"data":"Rage","floor":28,"key":"SMITH"},{"data":"Double Tap","floor":32,"key":"SMITH"},{"floor":41,"key":"REST"},{"floor":47,"key":"RECALL"},{"floor":49,"key":"REST"},{"data":"Demon Form","floor":52,"key":"SMITH"}],"circlet_count":0,"master_deck":["Strike_R","Strike_R","Defend_R","Defend_R","Bash+1","Uppercut+1","Clash","Fiend Fire+1","Metallicize","Anger","Demon Form+1","Shrug It Off+1","Offering+1","Clothesline+1","Sword Boomerang+1","Rage+1","Whirlwind+1","Offering","Pommel Strike+1","Pummel","Double Tap+1","Juggernaut","Body Slam+1","Havoc+1","Metallicize+1","Iron Wave+1","Shrug It Off+1","Power Through+1","Shrug It Off+1","Shrug It Off+1","Pummel+1"],"relics":["Burning Blood","Ornamental Fan","Toy Ornithopter","Vajra","Kunai","Astrolabe","Happy Flower","Medical Kit","Bag of Marbles","CaptainsWheel","Dream Catcher","Velvet Choker","Pocketwatch","OrangePellets","Centennial Puzzle","Shovel","Pen Nib","Bag of Preparation"],"acts_visited":["TheCity","TheBeyond","TheEnding"],"potions_floor_usage":[25,33,33,33,40,42,54,55,55,55,55,55,55],"damage_taken":[{"damage":6.0,"enemies":"Cultist","floor":1.0,"turns":4.0},{"damage":5.0,"enemies":"Small Slimes","floor":2.0,"turns":3.0},{"damage":7.0,"enemies":"Jaw Worm","floor":5.0,"turns":3.0},{"damage":22.0,"enemies":"Lagavulin","floor":7.0,"turns":6.0},{"damage":6.0,"enemies":"2 Fungi Beasts","floor":8.0,"turns":3.0},{"damage":8.0,"enemies":"Gremlin Nob","floor":10.0,"turns":3.0},{"damage":3.0,"enemies":"Blue Slaver","floor":11.0,"turns":3.0},{"damage":9.0,"enemies":"Large Slime","floor":12.0,"turns":5.0},{"damage":0.0,"enemies":"Slime Boss","floor":16.0,"turns":6.0},{"damage":14.0,"enemies":"2 Thieves","floor":18.0,"turns":4.0},{"damage":6.0,"enemies":"3 Byrds","floor":21.0,"turns":4.0},{"damage":11,"enemies":"Gremlin Leader","floor":24,"turns":4},{"damage":6,"enemies":"Shelled Parasite and Fungi","floor":25,"turns":1},{"damage":17,"enemies":"Book of Stabbing","floor":27,"turns":5},{"damage":6,"enemies":"Slavers","floor":29,"turns":1},{"damage":6,"enemies":"3 Cultists","floor":30,"turns":4},{"damage":3,"enemies":"Cultist and Chosen","floor":31,"turns":4},{"damage":65,"enemies":"Automaton","floor":33,"turns":9},{"damage":9,"enemies":"Orb Walker","floor":35,"turns":3},{"damage":16,"enemies":"3 Darklings","floor":38,"turns":3},{"damage":39,"enemies":"Writhing Mass","floor":39,"turns":2},{"damage":17,"enemies":"Giant Head","floor":40,"turns":5},{"damage":16,"enemies":"Transient","floor":42,"turns":5},{"damage":22,"enemies":"Nemesis","floor":45,"turns":5},{"damage":0,"enemies":"Spire Growth","floor":46,"turns":4},{"damage":12,"enemies":"Writhing Mass","floor":48,"turns":5},{"damage":50,"enemies":"Donu and Deca","floor":50,"turns":8},{"damage":19,"enemies":"Shield and Spear","floor":54,"turns":3},{"damage":68,"enemies":"The Heart","floor":55,"turns":6}],"seed_played":"2781503013347441369","potions_obtained":[{"floor":1.0,"key":"CultistPotion"},{"floor":7.0,"key":"GamblersBrew"},{"floor":10.0,"key":"BloodPotion"},{"floor":12.0,"key":"Explosive Potion"},{"floor":24,"key":"ColorlessPotion"},{"floor":30,"key":"BlessingOfTheForge"},{"floor":31,"key":"Dexterity Potion"},{"floor":33,"key":"SteroidPotion"},{"floor":35,"key":"Explosive Potion"},{"floor":39,"key":"SteroidPotion"},{"floor":45,"key":"EntropicBrew"},{"floor":46,"key":"Fire Potion"},{"floor":54,"key":"DuplicationPotion"}],"is_trial":false,"path_per_floor":["M","M","?","?","M","R","E","M","T","E","M","M","R","?","R","B",null,"M","$","?","M","?","R","E","M","T","E","R","E","M","M","R","B",null,"M","?","$","M","M","E","R","M","T","?","E","M","R","M","R","B",null,"R","$","E","B",null],"character_chosen":"IRONCLAD","items_purchased":["Rage","Happy Flower","Medical Kit","Pocketwatch","OrangePellets","CultistPotion"],"campfire_rested":2,"item_purchase_floors":[19,19,19,37,37,53],"current_hp_per_floor":[88,88,88,70,69,69,53,53,53,51,54,73,73,62,62,73,84,76,76,59,59,59,59,54,59,59,48,48,48,48,51,51,7,72,69,69,69,59,26,20,47,42,42,42,26,32,32,26,53,9,72,72,72,64,32],"gold":91,"neow_bonus":"TEN_PERCENT_HP_BONUS","is_daily":false,"chose_seed":false,"campfire_upgraded":7,"win_rate":0.0,"timestamp":1608266614,"path_taken":["M","M","?","?","M","R","E","M","T","E","M","M","R","?","R","BOSS","M","$","?","M","?","R","E","M","T","E","R","E","M","M","R","BOSS","M","?","$","M","?","E","R","M","T","?","E","?","R","M","R","BOSS","R","$","E","BOSS"],"items_purchased_type":["Card","Relic","Relic","Relic","Relic","Potion"],"build_version":"2020-12-13","purchased_purges":2,"victory":true,"max_hp_per_floor":[88,88,88,88,88,88,88,88,88,88,88,88,88,88,88,88,88,88,88,93,93,93,93,93,93,93,93,93,93,93,93,93,93,93,93,93,93,93,93,93,93,93,93,93,93,93,93,93,93,93,93,93,93,93,93],"relic_stats":{"Happy Flower":[27],"counters":[29,121],"Astrolabe":["Shrug It Off","Offering","Clothesline"],"Pen Nib":[4],"Bag of Preparation":[2],"Medical Kit":[8],"Burning Blood":173,"OrangePellets":[3],"Dream Catcher":2,"Centennial Puzzle":[18],"Shovel":0,"Ornamental Fan":[112],"Kunai":[25],"obtain_stats":[{"Happy Flower":19,"Astrolabe":17,"Vajra":9,"Velvet Choker":34,"Pen Nib":45,"Bag of Preparation":54,"Medical Kit":19,"Burning Blood":0,"OrangePellets":37,"CaptainsWheel":27,"Dream Catcher":29,"Centennial Puzzle":40,"Shovel":43,"Ornamental Fan":4,"Bag of Marbles":24,"Kunai":10,"Toy Ornithopter":7,"Pocketwatch":37},{"Happy Flower":10,"Astrolabe":9,"Vajra":5,"Velvet Choker":18,"Pen Nib":24,"Bag of Preparation":28,"Medical Kit":10,"Burning Blood":0,"OrangePellets":19,"CaptainsWheel":14,"Dream Catcher":15,"Centennial Puzzle":22,"Shovel":23,"Ornamental Fan":2,"Bag of Marbles":12,"Kunai":6,"Toy Ornithopter":4,"Pocketwatch":19},{"Happy Flower":40,"Astrolabe":36,"Vajra":19,"Velvet Choker":72,"Pen Nib":95,"Bag of Preparation":115,"Medical Kit":40,"Burning Blood":0,"OrangePellets":75,"CaptainsWheel":54,"Dream Catcher":55,"Centennial Puzzle":85,"Shovel":90,"Ornamental Fan":7,"Bag of Marbles":48,"Kunai":22,"Toy Ornithopter":16,"Pocketwatch":75}],"Toy Ornithopter":75,"Pocketwatch":[12]},"card_choices":[{"not_picked":["Blood for Blood","Warcry","Twin Strike"],"picked":"SKIP","floor":1.0},{"not_picked":["Shrug It Off","Entrench"],"picked":"Uppercut","floor":2.0},{"not_picked":["Uppercut","Dark Embrace"],"picked":"Clash","floor":5.0},{"not_picked":["Body Slam","Clothesline"],"picked":"Fiend Fire","floor":7.0},{"not_picked":["Wild Strike","Thunderclap","Clothesline"],"picked":"SKIP","floor":8.0},{"not_picked":["Perfected Strike","Twin Strike","Armaments"],"picked":"SKIP","floor":10.0},{"not_picked":["Body Slam","Pommel Strike"],"picked":"Metallicize","floor":11.0},{"not_picked":["Havoc","Perfected Strike"],"picked":"Anger","floor":12.0},{"not_picked":["Reaper","Exhume"],"picked":"Demon Form","floor":16.0},{"not_picked":["Entrench","Twin Strike"],"picked":"Sword Boomerang+1","floor":18.0},{"not_picked":["Rupture","Iron Wave","Fire Breathing"],"picked":"SKIP","floor":21.0},{"not_picked":["Twin Strike+1","Sever Soul"],"picked":"Offering","floor":24},{"not_picked":["Iron Wave","Rage","Body Slam"],"picked":"SKIP","floor":25},{"not_picked":["Intimidate+1","Rampage+1"],"picked":"Pommel Strike+1","floor":27},{"not_picked":["Headbutt","Thunderclap+1","Armaments"],"picked":"SKIP","floor":29},{"not_picked":["Ghostly Armor","Power Through"],"picked":"Pummel","floor":30},{"not_picked":["Power Through","Wild Strike"],"picked":"Double Tap","floor":31},{"not_picked":["Brutality","Double Tap"],"picked":"Juggernaut","floor":33},{"not_picked":["Fire Breathing+1","Cleave"],"picked":"Body Slam+1","floor":35},{"not_picked":["Perfected Strike","Armaments","Pommel Strike"],"picked":"SKIP","floor":38},{"not_picked":["Searing Blow","Warcry+1"],"picked":"Havoc+1","floor":39},{"not_picked":["Flex","Uppercut"],"picked":"Metallicize+1","floor":40},{"not_picked":["Havoc","Clothesline"],"picked":"Iron Wave+1","floor":42},{"not_picked":["Inflame","Double Tap"],"picked":"Power Through+1","floor":45},{"not_picked":["Second Wind","Reckless Charge"],"picked":"Shrug It Off+1","floor":46},{"not_picked":["Havoc+1","Armaments+1"],"picked":"Shrug It Off+1","floor":48},{"not_picked":["Combust","Shrug It Off+1"],"picked":"Pummel+1","floor":54}],"player_experience":1821854,"relics_obtained":[{"floor":7.0,"key":"Toy Ornithopter"},{"floor":9.0,"key":"Vajra"},{"floor":10.0,"key":"Kunai"},{"floor":24,"key":"Bag of Marbles"},{"floor":27,"key":"CaptainsWheel"},{"floor":29,"key":"Dream Catcher"},{"floor":40,"key":"Centennial Puzzle"},{"floor":43,"key":"Shovel"},{"floor":45,"key":"Pen Nib"},{"floor":54,"key":"Bag of Preparation"}],"event_choices":[{"cards_removed":["Strike_R"],"damage_healed":0.0,"max_hp_gain":0.0,"max_hp_loss":0.0,"gold_gain":0.0,"event_name":"The Cleric","player_choice":"Card Removal","floor":3.0,"gold_loss":50.0,"damage_taken":0.0},{"damage_healed":0.0,"max_hp_gain":0.0,"max_hp_loss":0.0,"gold_gain":0.0,"event_name":"Scrap Ooze","player_choice":"Success","floor":4.0,"gold_loss":0.0,"damage_taken":18.0,"relics_obtained":["Ornamental Fan"]},{"damage_healed":0.0,"max_hp_gain":0.0,"max_hp_loss":0.0,"gold_gain":75.0,"event_name":"World of Goop","player_choice":"Gather Gold","floor":14.0,"gold_loss":0.0,"damage_taken":11.0},{"damage_healed":0.0,"max_hp_gain":5.0,"max_hp_loss":0.0,"gold_gain":0.0,"event_name":"Forgotten Altar","player_choice":"Shed Blood","floor":20.0,"gold_loss":0.0,"damage_taken":22.0},{"damage_healed":0.0,"max_hp_gain":0.0,"max_hp_loss":0.0,"gold_gain":0.0,"event_name":"The Library","player_choice":"Read","floor":22.0,"gold_loss":0.0,"damage_taken":0.0,"cards_obtained":["Whirlwind"]},{"damage_healed":0,"gold_gain":275,"player_choice":"Desecrate","damage_taken":0,"max_hp_gain":0,"max_hp_loss":0,"event_name":"Golden Shrine","floor":36,"gold_loss":0,"cards_obtained":["Regret"]},{"damage_healed":0,"gold_gain":0,"player_choice":"Copied","damage_taken":0,"max_hp_gain":0,"max_hp_loss":0,"event_name":"Duplicator","floor":44,"gold_loss":0,"cards_obtained":["Shrug It Off"]}],"is_beta":false,"boss_relics":[{"not_picked":["Black Star","Pandora\u0027s Box"],"picked":"Astrolabe"},{"not_picked":["Tiny House","Philosopher\u0027s Stone"],"picked":"Velvet Choker"}],"items_purged_floors":[19,37],"is_endless":false,"potions_floor_spawned":[1,7,10,12,24,30,31,33,35,39,45,46,54],"ascension_level":5}}