{"host":"artti7o26te9gn1a","time":1608317871,"event":{"mods":["AchievementEnabler","BaseMod","Beaked The Cultist","BetterRewards","Downfall","Minty Spire (QoL Compilation)","StSLib","Trackpad"],"gold_per_floor":[119,129,129,13,13,49,49,49,49,49,88,113,50,71,71,161,161,180,200,48,64,78,78,118,75,75,17,17,17],"floor_reached":28,"playtime":831,"items_purged":["Regret","Strike_G"],"score":515,"play_id":"88c5f3c6-c2df-4ee4-9efc-495cdaa2c8e1","local_time":"20201218195751","is_ascension_mode":true,"campfire_choices":[{"data":"Sucker Punch","floor":7,"key":"SMITH"},{"floor":15,"key":"REST"},{"floor":23,"key":"REST"}],"circlet_count":0,"master_deck":["AscendersBane","Strike_G","Strike_G","Strike_G","Strike_G","Defend_G","Defend_G","Defend_G","Defend_G","Defend_G","Survivor","Neutralize","Noxious Fumes","Bouncing Flask","Noxious Fumes","Dagger Throw","Sucker Punch+1","Footwork","Dodge and Roll+1","Bouncing Flask+1","Doppelganger+1","Dodge and Roll+1","Footwork","PiercingWail+1","Noxious Fumes","PiercingWail+1"],"relics":["Ring of the Snake","NeowsBlessing","Golden Idol","trackpad:WindUpAutoDealer","trackpad:GuardianSpirit","Toxic Egg 2","MawBank","trackpad:Coffee","Meat on the Bone","Ornamental Fan"],"acts_visited":["Exordium","TheCity"],"potions_floor_usage":[28,28,28],"damage_taken":[{"damage":0,"enemies":"Cultist","floor":1,"turns":1},{"damage":0,"enemies":"Jaw Worm","floor":2,"turns":1},{"damage":0,"enemies":"3 Sentries","floor":6,"turns":1},{"damage":34,"enemies":"Lagavulin","floor":11,"turns":6},{"damage":6,"enemies":"2 Louse","floor":12,"turns":4},{"damage":10,"enemies":"2 Fungi Beasts","floor":14,"turns":3},{"damage":23,"enemies":"The Guardian","floor":16,"turns":8},{"damage":0,"enemies":"Spheric Guardian","floor":18,"turns":2},{"damage":4,"enemies":"Chosen","floor":19,"turns":5},{"damage":14,"enemies":"Shelled Parasite and Fungi","floor":21,"turns":5},{"damage":6,"enemies":"Snake Plant","floor":22,"turns":5},{"damage":60,"enemies":"Book of Stabbing","floor":24,"turns":7},{"damage":10,"enemies":"Gremlin Leader","floor":28,"turns":2}],"seed_played":"-6446981371687970147","potions_obtained":[{"floor":6,"key":"BlessingOfTheForge"},{"floor":12,"key":"Dexterity Potion"},{"floor":14,"key":"EntropicBrew"}],"is_trial":false,"path_per_floor":["M","M","?","$","?","E","R","?","T","?","E","M","$","M","R","B",null,"M","M","$","M","M","R","E","$","T","$","E"],"character_chosen":"THE_SILENT","items_purchased":["Noxious Fumes","Dagger Throw","Dodge and Roll+1","Noxious Fumes","PiercingWail+1"],"campfire_rested":2,"item_purchase_floors":[4,4,20,25,27],"current_hp_per_floor":[59,59,59,59,59,59,59,59,59,59,25,19,19,9,27,4,46,46,42,42,28,22,40,4,4,4,4,0,0],"gold":17,"neow_bonus":"THREE_ENEMY_KILL","is_daily":false,"chose_seed":false,"campfire_upgraded":1,"win_rate":0.0,"timestamp":1608317871,"path_taken":["M","?","?","$","?","E","R","?","T","?","E","M","?","M","R","BOSS","M","M","$","M","M","R","E","?","T","$","E"],"items_purchased_type":["Card","Card","Card","Card","Card"],"build_version":"2020-12-13","purchased_purges":2,"victory":false,"max_hp_per_floor":[66,66,66,66,60,60,60,60,60,60,60,60,60,60,60,60,60,60,60,60,60,60,60,60,60,60,60,60,60],"card_choices":[{"not_picked":["Deadly Poison","Deflect"],"picked":"Noxious Fumes","floor":1},{"not_picked":["Heel Hook","Sucker Punch"],"picked":"Bouncing Flask","floor":2},{"not_picked":["Leg Sweep","Underhanded Strike"],"picked":"Sucker Punch","floor":6},{"not_picked":["Setup+1","Dagger Throw"],"picked":"Footwork","floor":11},{"not_picked":["Wraith Form v2","Calculated Gamble+1"],"picked":"Dodge and Roll+1","floor":12},{"not_picked":["Expertise+1","Concentrate+1"],"picked":"Bouncing Flask+1","floor":14},{"not_picked":["Grand Finale","A Thousand Cuts"],"picked":"Doppelganger+1","floor":16},{"not_picked":["Underhanded Strike","Dash","Sucker Punch"],"picked":"SKIP","floor":18},{"not_picked":["Bane+1","All Out Attack","Quick Slash"],"picked":"SKIP","floor":19},{"not_picked":["Sucker Punch+1","Infinite Blades"],"picked":"Footwork","floor":21},{"not_picked":["Quick Slash","Distraction+1","Sucker Punch"],"picked":"SKIP","floor":22},{"not_picked":["Crippling Poison+1","Venomology+1"],"picked":"PiercingWail+1","floor":24}],"player_experience":752231,"relics_obtained":[{"floor":6,"key":"trackpad:WindUpAutoDealer"},{"floor":9,"key":"Toxic Egg 2"},{"floor":11,"key":"MawBank"},{"floor":24,"key":"Meat on the Bone"},{"floor":26,"key":"Ornamental Fan"}],"event_choices":[{"damage_healed":0,"gold_gain":0,"player_choice":"Leave","damage_taken":0,"max_hp_gain":0,"max_hp_loss":0,"event_name":"The Cleric","floor":3,"gold_loss":0},{"damage_healed":0,"gold_gain":0,"player_choice":"Lose Max HP","damage_taken":0,"relics_obtained":["Golden Idol"],"max_hp_gain":0,"max_hp_loss":6,"event_name":"Golden Idol","floor":5,"gold_loss":0},{"damage_healed":0,"gold_gain":0,"player_choice":"Box","damage_taken":0,"relics_obtained":["trackpad:GuardianSpirit"],"max_hp_gain":0,"max_hp_loss":0,"event_name":"Big Fish","floor":8,"gold_loss":0,"cards_obtained":["Regret"]},{"damage_healed":0,"gold_gain":0,"player_choice":"Ignored","damage_taken":0,"max_hp_gain":0,"max_hp_loss":0,"event_name":"Liars Game","floor":10,"gold_loss":0}],"is_beta":false,"boss_relics":[{"not_picked":["Cursed Key","trackpad:Trackpad"],"picked":"trackpad:Coffee"}],"items_purged_floors":[13,20],"is_endless":false,"potions_floor_spawned":[6,12,14,16,18],"killed_by":"Gremlin Leader","ascension_level":18}}