{"host":"bpszg8uald72z2zd","time":1608305697,"event":{"mods":["AchievementEnabler","BaseMod","Colored Map","DeckTracker","Keyboard Shortcuts","Minty Spire (QoL Compilation)","Relic Stats","SuperFastMode"],"gold_per_floor":[113,113,42,55,130,130,156,156,183,202,202,227,238,258,258,331,331,344,294,312,323,336,336,364,138,190,190,240,240,240,256,256,256,256],"floor_reached":33,"playtime":592,"items_purged":["Strike_B"],"score":464,"play_id":"7650c976-113a-4178-8d6f-031b40ab6b48","local_time":"20201219003457","is_ascension_mode":true,"campfire_choices":[{"data":"Sunder","floor":6,"key":"SMITH"},{"floor":8,"key":"REST"},{"data":"Zap","floor":11,"key":"SMITH"},{"floor":15,"key":"REST"},{"floor":23,"key":"REST"},{"data":"Coolheaded","floor":27,"key":"SMITH"},{"data":"White Noise","floor":29,"key":"SMITH"},{"data":"Capacitor","floor":32,"key":"SMITH"}],"circlet_count":0,"master_deck":["AscendersBane","Strike_B+1","Strike_B+1","Strike_B","Defend_B","Defend_B","Defend_B","Defend_B","Zap+1","Dualcast","Chill","Sunder+1","Ball Lightning","Beam Cell+1","Echo Form","White Noise+1","Coolheaded+1","Cold Snap+1","Capacitor+1"],"relics":["FrozenCore","Nunchaku","Orichalcum","Omamori","DataDisk","Blood Vial","Lee\u0027s Waffle","Anchor"],"acts_visited":["Exordium","TheCity"],"potions_floor_usage":[7,7,16,22,24],"damage_taken":[{"damage":1,"enemies":"Cultist","floor":1,"turns":4},{"damage":2,"enemies":"Jaw Worm","floor":4,"turns":3},{"damage":20,"enemies":"Lagavulin","floor":7,"turns":3},{"damage":0,"enemies":"Small Slimes","floor":10,"turns":2},{"damage":3,"enemies":"Blue Slaver","floor":13,"turns":3},{"damage":12,"enemies":"Lots of Slimes","floor":14,"turns":3},{"damage":8,"enemies":"The Guardian","floor":16,"turns":9},{"damage":7,"enemies":"Spheric Guardian","floor":18,"turns":5},{"damage":3,"enemies":"Chosen","floor":20,"turns":3},{"damage":16,"enemies":"Sentry and Sphere","floor":21,"turns":5},{"damage":11,"enemies":"3 Cultists","floor":22,"turns":5},{"damage":37,"enemies":"Gremlin Leader","floor":24,"turns":8},{"damage":9,"enemies":"Shelled Parasite and Fungi","floor":31,"turns":4},{"damage":56,"enemies":"Collector","floor":33,"turns":8}],"seed_played":"2536443244086300811","potions_obtained":[{"floor":1,"key":"AttackPotion"},{"floor":4,"key":"Explosive Potion"},{"floor":10,"key":"LiquidMemories"},{"floor":16,"key":"Weak Potion"},{"floor":18,"key":"EssenceOfSteel"},{"floor":21,"key":"PowerPotion"}],"is_trial":false,"path_per_floor":["M","?","$","M","?","R","E","R","T","M","R","T","M","M","R","B",null,"M","?","M","M","M","R","E","$","T","R","?","R","?","M","R","B"],"character_chosen":"DEFECT","items_purchased":["Sunder","Lee\u0027s Waffle"],"campfire_rested":3,"item_purchase_floors":[3,25],"current_hp_per_floor":[63,42,42,40,29,29,9,30,30,30,30,30,27,15,36,28,60,53,53,50,34,23,44,7,78,78,78,78,78,56,49,49,0,0],"gold":256,"neow_bonus":"RANDOM_COMMON_RELIC","is_daily":false,"chose_seed":false,"campfire_upgraded":5,"win_rate":0.0,"timestamp":1608305697,"path_taken":["M","?","?","M","?","R","E","R","T","M","R","?","M","?","R","BOSS","M","?","?","M","M","R","E","$","T","R","?","R","?","M","R","BOSS"],"items_purchased_type":["Card","Relic"],"build_version":"2020-12-13","purchased_purges":1,"victory":false,"max_hp_per_floor":[71,71,71,71,71,71,71,71,71,71,71,71,71,71,71,71,71,71,71,71,71,71,71,71,78,78,78,78,78,83,83,83,83,83],"relic_stats":{"Blood Vial":4,"Nunchaku":[11],"Lee\u0027s Waffle":71,"counters":[14,65],"Orichalcum":[114],"obtain_stats":[{"Blood Vial":24,"Nunchaku":0,"DataDisk":12,"Lee\u0027s Waffle":25,"Anchor":26,"Omamori":9,"Orichalcum":7,"Cracked Core":0,"FrozenCore":17},{"Blood Vial":12,"Nunchaku":0,"DataDisk":4,"Lee\u0027s Waffle":12,"Anchor":12,"Omamori":3,"Orichalcum":3,"Cracked Core":0,"FrozenCore":7},{"Blood Vial":53,"Nunchaku":0,"DataDisk":12,"Lee\u0027s Waffle":53,"Anchor":53,"Omamori":10,"Orichalcum":10,"Cracked Core":0,"FrozenCore":27}],"FrozenCore":[12]},"card_choices":[{"not_picked":["Reprogram","FTL"],"picked":"Chill","floor":1},{"not_picked":["Redo","Barrage"],"picked":"Ball Lightning","floor":4},{"not_picked":["Lockon","Rip and Tear","Sunder"],"picked":"SKIP","floor":7},{"not_picked":["Leap","Turbo","Auto Shields"],"picked":"SKIP","floor":10},{"not_picked":["Rainbow","Streamline"],"picked":"Beam Cell","floor":13},{"not_picked":["Turbo","Aggregate","Barrage"],"picked":"SKIP","floor":14},{"not_picked":["Core Surge","Thunder Strike"],"picked":"Echo Form","floor":16},{"not_picked":["Compile Driver","Streamline","Stack"],"picked":"SKIP","floor":18},{"not_picked":["Darkness","Consume","Scrape"],"picked":"SKIP","floor":20},{"not_picked":["Genetic Algorithm","Chill"],"picked":"White Noise","floor":21},{"not_picked":["Barrage","Redo"],"picked":"Coolheaded","floor":22},{"not_picked":["Chaos","BootSequence"],"picked":"Cold Snap+1","floor":24},{"not_picked":["Static Discharge","White Noise"],"picked":"Capacitor","floor":31}],"player_experience":435523,"relics_obtained":[{"floor":7,"key":"Orichalcum"},{"floor":9,"key":"Omamori"},{"floor":12,"key":"DataDisk"},{"floor":24,"key":"Blood Vial"},{"floor":26,"key":"Anchor"}],"event_choices":[{"damage_healed":0,"gold_gain":0,"player_choice":"Entered Light","damage_taken":21,"max_hp_gain":0,"max_hp_loss":0,"event_name":"Shining Light","floor":2,"gold_loss":0,"cards_upgraded":["Strike_B","Strike_B"]},{"damage_healed":0,"gold_gain":75,"player_choice":"Gather Gold","damage_taken":11,"max_hp_gain":0,"max_hp_loss":0,"event_name":"World of Goop","floor":5,"gold_loss":0},{"damage_healed":0,"gold_gain":0,"player_choice":"Upgrade","damage_taken":0,"max_hp_gain":0,"max_hp_loss":0,"event_name":"Designer","floor":19,"gold_loss":50,"cards_upgraded":["Beam Cell"]},{"damage_healed":0,"gold_gain":50,"player_choice":"Stole From Cult","damage_taken":0,"max_hp_gain":0,"max_hp_loss":0,"event_name":"Nest","floor":28,"gold_loss":0},{"damage_healed":0,"gold_gain":0,"player_choice":"Shed Blood","damage_taken":27,"max_hp_gain":5,"max_hp_loss":0,"event_name":"Forgotten Altar","floor":30,"gold_loss":0}],"is_beta":false,"boss_relics":[{"not_picked":["Fusion Hammer","Busted Crown"],"picked":"FrozenCore"}],"items_purged_floors":[25],"is_endless":false,"potions_floor_spawned":[1,4,10,16,18,20,21],"killed_by":"Collector","ascension_level":15}}