{"host":"dcj2yvrgcvh5dl2s","time":1608277325,"event":{"mods":["BaseMod","Better Note","Block Reminder","Colored Powertips","DeckTracker","Minty Spire (QoL Compilation)","Quick Restart","Rare Cards Sparkle","Relic Stats","StSLib"],"gold_per_floor":[10,26,26,101,101,101,136,149,149,149,149,167,207,6,6,6,6],"floor_reached":16,"playtime":749,"items_purged":[],"score":167,"play_id":"75ba4640-50f3-4fa2-b4a2-cf88c404a277","local_time":"20201218174205","is_ascension_mode":true,"campfire_choices":[{"data":"Bash","floor":6,"key":"SMITH"},{"floor":11,"key":"REST"},{"floor":15,"key":"REST"}],"circlet_count":0,"master_deck":["AscendersBane","Strike_R","Strike_R","Strike_R","Strike_R","Strike_R","Defend_R","Defend_R","Defend_R","Defend_R","Bash+1","Sword Boomerang","Intimidate+1","Pummel+1","Pummel","Shrug It Off","Body Slam","Thunderclap","Dropkick","Entrench","Iron Wave","Heavy Blade"],"relics":["Burning Blood","Golden Idol","Eternal Feather","MealTicket","Calipers","Orrery"],"acts_visited":["Exordium"],"potions_floor_usage":[7],"damage_taken":[{"damage":7,"enemies":"2 Louse","floor":1,"turns":2},{"damage":12,"enemies":"Jaw Worm","floor":2,"turns":2},{"damage":60,"enemies":"3 Sentries","floor":7,"turns":11},{"damage":6,"enemies":"Small Slimes","floor":8,"turns":4},{"damage":18,"enemies":"3 Louse","floor":12,"turns":4},{"damage":35,"enemies":"Lagavulin","floor":13,"turns":6},{"damage":66,"enemies":"Hexaghost","floor":16,"turns":11}],"seed_played":"-3073972848115621898","potions_obtained":[{"floor":2,"key":"DistilledChaos"}],"is_trial":false,"path_per_floor":["M","M","?","?","?","R","E","M","T","?","R","M","E","$","R","B"],"character_chosen":"IRONCLAD","items_purchased":["Body Slam","Orrery"],"campfire_rested":2,"item_purchase_floors":[14,14],"current_hp_per_floor":[87,81,81,70,70,70,16,16,16,16,48,36,7,22,60,0,0],"gold":6,"neow_bonus":"TWENTY_PERCENT_HP_BONUS","is_daily":false,"chose_seed":false,"campfire_upgraded":1,"win_rate":0.0,"timestamp":1608277325,"path_taken":["M","M","?","?","?","R","E","M","T","?","R","?","E","$","R","BOSS"],"items_purchased_type":["Card","Relic"],"build_version":"2020-12-13","purchased_purges":0,"victory":false,"max_hp_per_floor":[96,96,89,89,89,89,89,89,89,89,89,89,89,89,89,89,89],"relic_stats":{"counters":[7,40],"Golden Idol":22,"Eternal Feather":18,"MealTicket":15,"obtain_stats":[{"Calipers":13,"Golden Idol":3,"Orrery":14,"Eternal Feather":7,"MealTicket":9,"Burning Blood":0},{"Calipers":6,"Golden Idol":2,"Orrery":6,"Eternal Feather":3,"MealTicket":4,"Burning Blood":0},{"Calipers":29,"Golden Idol":4,"Orrery":29,"Eternal Feather":15,"MealTicket":19,"Burning Blood":0}],"Burning Blood":36},"card_choices":[{"not_picked":["Iron Wave","Hemokinesis"],"picked":"Sword Boomerang","floor":1},{"not_picked":["Havoc","Armaments"],"picked":"Intimidate","floor":2},{"not_picked":["True Grit","Warcry"],"picked":"Pummel","floor":7},{"not_picked":["Perfected Strike","Rampage","Power Through"],"picked":"SKIP","floor":8},{"not_picked":["Warcry","Burning Pact"],"picked":"Pummel","floor":12},{"not_picked":["Barricade","Intimidate"],"picked":"Shrug It Off","floor":13},{"not_picked":["Clash","True Grit"],"picked":"Thunderclap","floor":14},{"not_picked":["Armaments","Perfected Strike"],"picked":"Dropkick","floor":14},{"not_picked":["Perfected Strike","Combust"],"picked":"Entrench","floor":14},{"not_picked":["Sword Boomerang","Havoc"],"picked":"Iron Wave","floor":14},{"not_picked":["Twin Strike","Iron Wave"],"picked":"Heavy Blade","floor":14}],"player_experience":1983321,"relics_obtained":[{"floor":7,"key":"Eternal Feather"},{"floor":9,"key":"MealTicket"},{"floor":13,"key":"Calipers"}],"event_choices":[{"damage_healed":0,"gold_gain":0,"player_choice":"Lose Max HP","damage_taken":0,"relics_obtained":["Golden Idol"],"max_hp_gain":0,"max_hp_loss":7,"event_name":"Golden Idol","floor":3,"gold_loss":0},{"damage_healed":0,"gold_gain":75,"player_choice":"Gather Gold","damage_taken":11,"max_hp_gain":0,"max_hp_loss":0,"event_name":"World of Goop","floor":4,"gold_loss":0},{"damage_healed":0,"gold_gain":0,"player_choice":"Grow","damage_taken":0,"max_hp_gain":0,"max_hp_loss":0,"event_name":"Living Wall","floor":5,"gold_loss":0,"cards_upgraded":["Intimidate"]},{"damage_healed":0,"gold_gain":0,"player_choice":"Forge","damage_taken":0,"max_hp_gain":0,"max_hp_loss":0,"event_name":"Accursed Blacksmith","floor":10,"gold_loss":0,"cards_upgraded":["Pummel"]}],"is_beta":false,"boss_relics":[],"items_purged_floors":[],"is_endless":false,"potions_floor_spawned":[2],"killed_by":"Hexaghost","ascension_level":11}}