{"host":"z7byfb4bpt09dh7e","time":1608303689,"event":{"mods":["Aspiration","BaseMod","BetterRewards","Displayed Cursed Tome","Downfall","Infinite Spire","Minty Spire (QoL Compilation)","StSLib","The Blue Laboratory","Uncapped"],"gold_per_floor":[117,117,117,292,305,305,315,22,22,22,22,22,22,47,47,149,149,167,82,181,236,236,236,59,90,170,189,189,189],"floor_reached":28,"playtime":898,"items_purged":["Regret"],"score":230,"play_id":"8a865c77-d0ed-4e48-9c81-d01498136e5c","local_time":"20201218100129","is_ascension_mode":false,"campfire_choices":[{"floor":6,"key":"REST"},{"floor":10,"key":"REST"},{"floor":15,"key":"REST"},{"floor":23,"key":"REST"}],"circlet_count":0,"master_deck":["Strike_B","Strike_B+1","Strike_B","Strike_B","Defend_B","Defend_B","Defend_B","Defend_B","Zap+1","Dualcast","Magnetism","Hologram","Doubt","Capacitor","Loop","White Noise","Static Discharge+1","Stack","Electrodynamics","BootSequence+1","infinitespire:SevenWalls","Barrage","Defragment","Turbo","Hello World","Loop"],"relics":["Cracked Core","infinitespire:Golems Mask","Runic Capacitor","WingedGreaves","Cables","Singing Bowl","Black Star","infinitespire:PuzzleCube","Nunchaku","TheAbacus","Prayer Wheel","Letter Opener","InkBottle"],"acts_visited":["Exordium","TheCity"],"potions_floor_usage":[14,25,27],"damage_taken":[{"damage":20,"enemies":"Jaw Worm","floor":1,"turns":4},{"damage":3,"enemies":"2 Louse","floor":5,"turns":2},{"damage":5,"enemies":"Small Slimes","floor":7,"turns":3},{"damage":14,"enemies":"Lagavulin","floor":14,"turns":5},{"damage":48,"enemies":"Slime Boss","floor":16,"turns":7},{"damage":22,"enemies":"Chosen","floor":18,"turns":5},{"damage":28,"enemies":"Book of Stabbing","floor":25,"turns":5},{"damage":14,"enemies":"3 Byrds","floor":27,"turns":4},{"damage":27,"enemies":"Shelled Parasite and Fungi","floor":28,"turns":3}],"seed_played":"-2798551060580094016","potions_obtained":[{"floor":1,"key":"EssenceOfDarkness"},{"floor":7,"key":"blueLaboratory:BottledHope"},{"floor":16,"key":"Block Potion"},{"floor":25,"key":"LiquidMemories"}],"is_trial":false,"path_per_floor":["M","?","?","?","M","R","M","$","T","R","?","T","R","E","R","B",null,"M","?","?","T","AVR","R","$","E","T","M","M"],"character_chosen":"DEFECT","items_purchased":["Runic Capacitor","White Noise","Static Discharge","Barrage","Defragment"],"campfire_rested":4,"item_purchase_floors":[8,8,8,24,24],"current_hp_per_floor":[48,48,34,34,31,51,46,46,46,66,66,66,66,52,68,20,68,46,46,46,46,46,66,66,38,38,24,0,0],"gold":189,"neow_bonus":"RANDOM_COLORLESS_2","is_daily":false,"chose_seed":false,"campfire_upgraded":0,"win_rate":0.0,"timestamp":1608303689,"path_taken":["M","?","?","?","?","R","M","$","T","R","?","?","R","E","R","BOSS","M","?","?","?","AVR","R","$","E","T","?","M"],"items_purchased_type":["Relic","Card","Card","Card","Card"],"build_version":"2020-12-13","purchased_purges":1,"victory":false,"max_hp_per_floor":[68,68,68,68,68,68,68,68,68,68,68,68,68,68,68,68,68,68,68,68,68,68,68,68,68,68,68,68,68],"card_choices":[{"not_picked":["Sadistic Nature","expansioncontent:Corrupt"],"picked":"Magnetism","floor":0},{"not_picked":["Barrage","Beam Cell"],"picked":"Hologram","floor":1},{"not_picked":["Compile Driver","Consume"],"picked":"Capacitor","floor":5},{"not_picked":["Reinforced Body","Compile Driver"],"picked":"Loop","floor":7},{"not_picked":["Barrage","Steam"],"picked":"Stack","floor":14},{"not_picked":["Core Surge","Hyperbeam"],"picked":"Electrodynamics","floor":16},{"not_picked":["Leap","Ball Lightning+1"],"picked":"BootSequence+1","floor":18},{"not_picked":["Redo","Hologram"],"picked":"Turbo","floor":25},{"not_picked":["Beam Cell+1","Defragment"],"picked":"Hello World","floor":27},{"not_picked":["Hologram","Turbo+1"],"picked":"Loop","floor":27}],"player_experience":266224,"relics_obtained":[{"floor":9,"key":"WingedGreaves"},{"floor":12,"key":"Cables"},{"floor":14,"key":"Singing Bowl"},{"floor":21,"key":"Nunchaku"},{"floor":25,"key":"Prayer Wheel"},{"floor":25,"key":"Letter Opener"},{"floor":26,"key":"InkBottle"}],"event_choices":[{"damage_healed":0,"gold_gain":0,"player_choice":"Box","damage_taken":0,"relics_obtained":["infinitespire:Golems Mask"],"max_hp_gain":0,"max_hp_loss":0,"event_name":"Big Fish","floor":2,"gold_loss":0,"cards_obtained":["Regret"]},{"damage_healed":0,"gold_gain":0,"player_choice":"Entered Light","damage_taken":14,"max_hp_gain":0,"max_hp_loss":0,"event_name":"Shining Light","floor":3,"gold_loss":0,"cards_upgraded":["Strike_B","Zap"]},{"damage_healed":0,"gold_gain":175,"player_choice":"AGREE","damage_taken":0,"max_hp_gain":0,"max_hp_loss":0,"event_name":"Liars Game","floor":4,"gold_loss":0,"cards_obtained":["Doubt"]},{"damage_healed":0,"gold_gain":0,"player_choice":"Grow","damage_taken":0,"max_hp_gain":0,"max_hp_loss":0,"event_name":"Living Wall","floor":11,"gold_loss":0,"cards_upgraded":["Static Discharge"]},{"damage_healed":0,"gold_gain":0,"player_choice":"Obtained Relic","damage_taken":0,"relics_obtained":["infinitespire:PuzzleCube"],"max_hp_gain":0,"max_hp_loss":0,"event_name":"Addict","floor":19,"gold_loss":85},{"damage_healed":0,"gold_gain":99,"player_choice":"Stole From Cult","damage_taken":0,"max_hp_gain":0,"max_hp_loss":0,"event_name":"Nest","floor":20,"gold_loss":0}],"is_beta":false,"boss_relics":[{"not_picked":["infinitespire:Cupcake","Astrolabe"],"picked":"Black Star"}],"items_purged_floors":[24],"is_endless":false,"potions_floor_spawned":[1,7,16,25],"killed_by":"Shelled Parasite and Fungi","ascension_level":0}}