{"host":"f5gffvlv6a66yqkd","time":1608288221,"event":{"mods":["2.2 Compatiblity","BaseMod","Colored Map","DeckTracker","Keyboard Shortcuts","Minty Spire (QoL Compilation)","Permanent Neow","Quick Restart","Relic Stats","StSLib","SuperFastMode"],"gold_per_floor":[115,126,137,151,151,151,181,191,191,191,213,213,225,256,256,330,330,346,396,415,73,73,73,83,83,83,112,112,126,66,81,81,81,81],"floor_reached":33,"playtime":937,"items_purged":["Strike_B"],"score":534,"play_id":"2632a6b3-edb3-4ba0-ab7b-054ac88a2e52","local_time":"20201218194341","is_ascension_mode":true,"campfire_choices":[{"data":"Zap","floor":6.0,"key":"SMITH"},{"data":"Dualcast","floor":10.0,"key":"SMITH"},{"floor":12.0,"key":"REST"},{"data":"Conserve Battery","floor":15.0,"key":"SMITH"},{"floor":23,"key":"REST"},{"data":"Aggregate","floor":25,"key":"SMITH"},{"floor":32,"key":"REST"}],"circlet_count":0,"master_deck":["AscendersBane","Strike_B","Defend_B","Defend_B","Defend_B","Defend_B","Zap+1","Dualcast+1","Streamline","Coolheaded","Ball Lightning","Genetic Algorithm","Stack","Barrage","Conserve Battery+1","Electrodynamics+1","Aggregate+1","Coolheaded+1","Undo","Chill+1","Hologram"],"relics":["Cracked Core","Happy Flower","Frozen Egg 2","White Beast Statue","Odd Mushroom","Symbiotic Virus","Empty Cage","HornCleat","The Courier","Meat on the Bone"],"acts_visited":["Exordium","TheCity"],"potions_floor_usage":[16,16,16,24,27,33,33,33,33],"damage_taken":[{"damage":7.0,"enemies":"Small Slimes","floor":1.0,"turns":3.0},{"damage":0.0,"enemies":"2 Louse","floor":2.0,"turns":2.0},{"damage":0.0,"enemies":"Jaw Worm","floor":3.0,"turns":4.0},{"damage":27.0,"enemies":"Exordium Thugs","floor":4.0,"turns":4.0},{"damage":5.0,"enemies":"Large Slime","floor":8.0,"turns":4.0},{"damage":15.0,"enemies":"The Mushroom Lair","floor":11.0,"turns":4.0},{"damage":5.0,"enemies":"Blue Slaver","floor":13.0,"turns":4.0},{"damage":16.0,"enemies":"3 Sentries","floor":14.0,"turns":8.0},{"damage":12,"enemies":"Hexaghost","floor":16,"turns":8},{"damage":5,"enemies":"Chosen","floor":18,"turns":5},{"damage":23,"enemies":"3 Byrds","floor":20,"turns":4},{"damage":0,"enemies":"3 Cultists","floor":24,"turns":4},{"damage":26,"enemies":"Book of Stabbing","floor":27,"turns":7},{"damage":14,"enemies":"Centurion and Healer","floor":29,"turns":10},{"damage":7,"enemies":"Snake Plant","floor":31,"turns":5},{"damage":44,"enemies":"Automaton","floor":33,"turns":12}],"seed_played":"-6239470634701314226","potions_obtained":[{"floor":4.0,"key":"Swift Potion"},{"floor":8.0,"key":"DuplicationPotion"},{"floor":11.0,"key":"ColorlessPotion"},{"floor":13.0,"key":"DuplicationPotion"},{"floor":14.0,"key":"EntropicBrew"},{"floor":16,"key":"Strength Potion"},{"floor":20,"key":"DistilledChaos"},{"floor":24,"key":"Weak Potion"},{"floor":27,"key":"EntropicBrew"},{"floor":31,"key":"PowerPotion"}],"is_trial":false,"path_per_floor":["M","M","M","M","?","R","?","M","T","R","?","R","M","E","R","B",null,"M","?","M","$","T","R","M","R","T","E","?","M","$","M","R","B"],"character_chosen":"DEFECT","items_purchased":["HornCleat","Undo"],"campfire_rested":3,"item_purchase_floors":[21,21],"current_hp_per_floor":[57,57,57,30,35,35,35,30,30,30,15,37,32,16,16,4,58,53,46,23,23,23,45,45,45,45,19,19,17,17,22,44,0,0],"gold":81,"neow_bonus":"RANDOM_COMMON_RELIC","is_daily":false,"chose_seed":false,"campfire_upgraded":4,"win_rate":0.0,"timestamp":1608288221,"path_taken":["M","M","M","M","?","R","?","M","T","R","?","R","M","E","R","BOSS","M","?","M","$","?","R","M","R","T","E","?","M","$","M","R","BOSS"],"items_purchased_type":["Relic","Card"],"build_version":"2020-12-13","purchased_purges":1,"victory":false,"max_hp_per_floor":[71,71,71,71,76,76,76,76,76,76,76,76,76,76,76,76,76,76,76,76,76,76,76,76,76,76,76,76,76,76,76,76,76,76],"relic_stats":{"Happy Flower":[29],"counters":[16,88],"obtain_stats":[{"HornCleat":21,"Happy Flower":0,"The Courier":22,"Frozen Egg 2":7,"Odd Mushroom":11,"Cracked Core":0,"Symbiotic Virus":14,"Empty Cage":17,"White Beast Statue":9,"Meat on the Bone":27},{"HornCleat":11,"Happy Flower":0,"The Courier":11,"Frozen Egg 2":4,"Odd Mushroom":6,"Cracked Core":0,"Symbiotic Virus":8,"Empty Cage":9,"White Beast Statue":5,"Meat on the Bone":13},{"HornCleat":50,"Happy Flower":0,"The Courier":50,"Frozen Egg 2":13,"Odd Mushroom":21,"Cracked Core":0,"Symbiotic Virus":33,"Empty Cage":41,"White Beast Statue":17,"Meat on the Bone":61}],"Meat on the Bone":24},"card_choices":[{"not_picked":["Hologram","Hello World"],"picked":"Streamline","floor":1.0},{"not_picked":["Loop","Consume"],"picked":"Coolheaded","floor":2.0},{"not_picked":["Coolheaded","Hologram"],"picked":"Ball Lightning","floor":3.0},{"not_picked":["Hologram","Auto Shields"],"picked":"Genetic Algorithm","floor":4.0},{"not_picked":["Leap","Ball Lightning","Sunder"],"picked":"SKIP","floor":8.0},{"not_picked":["Melter","All For One"],"picked":"Stack","floor":11.0},{"not_picked":["Leap","Coolheaded"],"picked":"Barrage","floor":13.0},{"not_picked":["Amplify","Reinforced Body"],"picked":"Conserve Battery","floor":14.0},{"not_picked":["Echo Form+1","Amplify"],"picked":"Electrodynamics+1","floor":16},{"not_picked":["Cold Snap","Double Energy"],"picked":"Aggregate","floor":18},{"not_picked":["Double Energy","Steam Power"],"picked":"Coolheaded+1","floor":20},{"not_picked":["Static Discharge+1","Streamline","Stack"],"picked":"SKIP","floor":24},{"not_picked":["Consume","Go for the Eyes"],"picked":"Chill+1","floor":27},{"not_picked":["Turbo+1","Gash","Leap"],"picked":"SKIP","floor":29},{"not_picked":["Aggregate","Cold Snap"],"picked":"Hologram","floor":31}],"player_experience":1460638,"relics_obtained":[{"floor":9.0,"key":"White Beast Statue"},{"floor":11.0,"key":"Odd Mushroom"},{"floor":14.0,"key":"Symbiotic Virus"},{"floor":22,"key":"The Courier"},{"floor":27,"key":"Meat on the Bone"}],"event_choices":[{"damage_healed":0.0,"max_hp_gain":5.0,"max_hp_loss":0.0,"gold_gain":0.0,"event_name":"Big Fish","player_choice":"Donut","floor":5.0,"gold_loss":0.0,"damage_taken":0.0},{"damage_healed":0.0,"max_hp_gain":0.0,"max_hp_loss":0.0,"gold_gain":30.0,"event_name":"Dead Adventurer","player_choice":"Searched \u00272\u0027 times","floor":7.0,"gold_loss":0.0,"damage_taken":0.0,"relics_obtained":["Frozen Egg 2"]},{"damage_healed":0.0,"max_hp_gain":0.0,"max_hp_loss":0.0,"gold_gain":0.0,"event_name":"Mushrooms","player_choice":"Fought Mushrooms","floor":11.0,"gold_loss":0.0,"damage_taken":0.0},{"damage_healed":0,"gold_gain":50,"player_choice":"Touch","damage_taken":7,"max_hp_gain":0,"max_hp_loss":0,"event_name":"FaceTrader","floor":19,"gold_loss":0},{"damage_healed":0,"gold_gain":0,"player_choice":"Ignored","damage_taken":0,"max_hp_gain":0,"max_hp_loss":0,"event_name":"The Mausoleum","floor":28,"gold_loss":0}],"is_beta":false,"boss_relics":[{"not_picked":["Velvet Choker","Snecko Eye"],"picked":"Empty Cage"}],"items_purged_floors":[30],"is_endless":false,"potions_floor_spawned":[4,8,11,13,14,16,18,20,24,27,29,31],"killed_by":"Automaton","ascension_level":20}}