{"host":"f0gpob8hq9vgebej","time":1608268451,"event":{"mods":["AchievementEnabler","BaseMod","Googly Eyes","Minty Spire (QoL Compilation)","Quick Restart","SuperFastMode"],"gold_per_floor":[112,131,151,169,181,181,199,211,211,85,160,160,170,13,13,114,114,133,113,125,143,158,158,158,158,158,174,174,191,206,2,2,2,2],"floor_reached":33,"playtime":832,"items_purged":["Strike_G","Strike_G"],"score":395,"play_id":"f18927c3-3994-4a14-bafb-e1b91a5455ae","local_time":"20201218141411","is_ascension_mode":true,"campfire_choices":[{"data":"Adrenaline","floor":6.0,"key":"SMITH"},{"data":"Prepared","floor":12.0,"key":"SMITH"},{"data":"Phantasmal Killer","floor":15.0,"key":"SMITH"},{"data":"Burst","floor":23,"key":"SMITH"},{"data":"Calculated Gamble","floor":25,"key":"SMITH"},{"data":"Accuracy","floor":28,"key":"SMITH"},{"floor":32,"key":"REST"}],"circlet_count":0,"master_deck":["AscendersBane","Strike_G","Strike_G","Strike_G","Defend_G","Defend_G","Defend_G","Defend_G","Defend_G","Survivor","Neutralize","Adrenaline+1","Blade Dance","Masterful Stab","Blade Dance","Prepared+1","Acrobatics","Accuracy+1","Phantasmal Killer+1","Burst+1","Calculated Gamble+1","Footwork+1","Prepared","Blade Dance","After Image"],"relics":["Ring of the Snake","Mummified Hand","HoveringKite","Sundial"],"acts_visited":["Exordium","TheCity"],"potions_floor_usage":[19,29,31,33],"damage_taken":[{"damage":0.0,"enemies":"2 Louse","floor":1.0,"turns":2.0},{"damage":2.0,"enemies":"Cultist","floor":2.0,"turns":4.0},{"damage":0.0,"enemies":"Small Slimes","floor":3.0,"turns":2.0},{"damage":0.0,"enemies":"2 Fungi Beasts","floor":4.0,"turns":3.0},{"damage":3.0,"enemies":"Exordium Wildlife","floor":5.0,"turns":5.0},{"damage":5.0,"enemies":"Gremlin Gang","floor":7.0,"turns":4.0},{"damage":0.0,"enemies":"Large Slime","floor":8.0,"turns":4.0},{"damage":0.0,"enemies":"2 Fungi Beasts","floor":13.0,"turns":4.0},{"damage":44.0,"enemies":"The Guardian","floor":16.0,"turns":13.0},{"damage":0.0,"enemies":"Spheric Guardian","floor":18.0,"turns":2.0},{"damage":10,"enemies":"2 Thieves","floor":19,"turns":4},{"damage":3,"enemies":"Sentry and Sphere","floor":20,"turns":3},{"damage":19,"enemies":"Centurion and Healer","floor":21,"turns":6},{"damage":5,"enemies":"Snake Plant","floor":22,"turns":5},{"damage":8,"enemies":"Sentry and Sphere","floor":27,"turns":4},{"damage":18,"enemies":"Centurion and Healer","floor":29,"turns":6},{"damage":0,"enemies":"3 Cultists","floor":30,"turns":4},{"damage":46,"enemies":"Champ","floor":33,"turns":11}],"seed_played":"-4914601337171314540","potions_obtained":[{"floor":2.0,"key":"Fire Potion"},{"floor":5.0,"key":"Regen Potion"},{"floor":13.0,"key":"Regen Potion"},{"floor":19,"key":"Dexterity Potion"},{"floor":29,"key":"Explosive Potion"}],"is_trial":false,"path_per_floor":["M","M","M","M","M","R","M","M","T","$","?","R","M","$","R","B",null,"M","M","M","M","M","R","?","R","T","M","R","M","M","$","R","B"],"character_chosen":"THE_SILENT","items_purchased":["Acrobatics","Phantasmal Killer","Fruit Juice"],"campfire_rested":1,"item_purchase_floors":[10,14,31],"current_hp_per_floor":[63,61,61,61,58,58,53,53,53,53,46,46,46,46,46,2,53,53,57,54,35,30,30,30,30,30,22,22,19,19,24,46,0,0],"gold":2,"neow_bonus":"ONE_RANDOM_RARE_CARD","is_daily":false,"chose_seed":false,"campfire_upgraded":6,"win_rate":0.0,"timestamp":1608268451,"path_taken":["M","M","M","M","M","R","M","M","T","$","?","R","M","?","R","BOSS","M","M","M","M","M","R","?","R","T","M","R","M","M","$","R","BOSS"],"items_purchased_type":["Card","Card","Potion"],"build_version":"2020-12-13","purchased_purges":2,"victory":false,"max_hp_per_floor":[70,70,70,70,70,70,70,70,70,70,70,70,70,70,70,70,70,70,70,70,70,70,70,70,70,70,70,70,70,70,75,75,75,75],"card_choices":[{"not_picked":["Distraction","Infinite Blades"],"picked":"Blade Dance","floor":1.0},{"not_picked":["Underhanded Strike","Flying Knee"],"picked":"Masterful Stab","floor":2.0},{"not_picked":["Poisoned Stab","Bane","Masterful Stab"],"picked":"SKIP","floor":3.0},{"not_picked":["Bane","Outmaneuver"],"picked":"Blade Dance","floor":4.0},{"not_picked":["Dagger Throw","Sucker Punch","Caltrops"],"picked":"SKIP","floor":5.0},{"not_picked":["Slice","Outmaneuver","Expertise"],"picked":"SKIP","floor":7.0},{"not_picked":["Predator","Deadly Poison"],"picked":"Prepared","floor":8.0},{"not_picked":["Dagger Throw","Caltrops"],"picked":"Accuracy","floor":13.0},{"not_picked":["Phantasmal Killer","Adrenaline"],"picked":"Burst","floor":16.0},{"not_picked":["Choke+1","Deadly Poison","Endless Agony"],"picked":"SKIP","floor":18.0},{"not_picked":["Deadly Poison","Blade Dance"],"picked":"Calculated Gamble","floor":19},{"not_picked":["Dodge and Roll","Acrobatics"],"picked":"Footwork+1","floor":20},{"not_picked":["Dagger Spray","Catalyst"],"picked":"Prepared","floor":21},{"not_picked":["Predator","Prepared","Calculated Gamble"],"picked":"SKIP","floor":22},{"not_picked":["Deadly Poison","Calculated Gamble+1"],"picked":"Blade Dance","floor":27},{"not_picked":["Blade Dance+1","Dagger Throw"],"picked":"After Image","floor":29},{"not_picked":["Flying Knee+1","Masterful Stab","Outmaneuver"],"picked":"SKIP","floor":30}],"player_experience":175584,"relics_obtained":[{"floor":9.0,"key":"Mummified Hand"},{"floor":26,"key":"Sundial"}],"event_choices":[{"damage_healed":0.0,"max_hp_gain":0.0,"max_hp_loss":0.0,"gold_gain":75.0,"event_name":"FaceTrader","player_choice":"Touch","floor":11.0,"gold_loss":0.0,"damage_taken":7.0},{"damage_healed":0,"gold_gain":0,"player_choice":"Bought 0 Potions","damage_taken":0,"max_hp_gain":0,"max_hp_loss":0,"event_name":"The Woman in Blue","floor":24,"gold_loss":0}],"is_beta":false,"boss_relics":[{"not_picked":["Astrolabe","Coffee Dripper"],"picked":"HoveringKite"}],"items_purged_floors":[10,31],"is_endless":false,"potions_floor_spawned":[2,5,13,16,18,19,22,29],"killed_by":"Champ","ascension_level":12}}