{"host":"yfjjw6nzi6ujtde1","time":1608287595,"event":{"mods":["2.2 Compatiblity","Act Like it!","BaseMod","Better Match","Colored Powertips","Downfall","Friendly Minions","Gensokyo","Hallownest","HololiveMod","Koishi","Marisa（F雨　魔理沙）","Minty Spire (QoL Compilation)","Quick Restart","Rare Cards Sparkle","Replay The Spire","StSLib","Td1madao Mod","The Gatherer","The Runesmith","The Senshi","The Servant 0.9.4","WarShipGirlsR/战舰少女R mod"],"gold_per_floor":[109,129,129,82,7,38,67,79,114,126,138,163,175,117,129,141,141],"floor_reached":16,"playtime":676,"items_purged":[],"score":123,"play_id":"29846259-e973-4abb-998b-10a96ecf9c0e","local_time":"20201218183315","is_ascension_mode":false,"campfire_choices":[{"data":"Koishi:HeartAttack","floor":11,"key":"SMITH"},{"data":"Koishi:SubterraneanRose","floor":13,"key":"SMITH"},{"data":"Koishi:DreadfulBlow","floor":15,"key":"SMITH"}],"circlet_count":0,"master_deck":["Koishi:BasicStrike","Koishi:BasicStrike","Koishi:BasicStrike","Koishi:BasicStrike","Koishi:BasicDefend","Koishi:BasicDefend","Koishi:BasicDefend","Koishi:BasicDefend","Koishi:Provoke","Koishi:HauntingSlash","Koishi:Jaunt","Koishi:HeartfeltFancy","Koishi:DreadfulBlow+1","Koishi:HeartAttack+1","Koishi:SubterraneanRose+1","Koishi:LastRemote"],"relics":["Koishi:ImaginaryFriend","NeowsBlessing","Hallownest:DreamNailRelic","MawBank","Juzu Bracelet","Hallownest:TeacherSealRelic","Hallownest:StagBellRelic1"],"acts_visited":["Hallownest:Greenpath"],"potions_floor_usage":[],"damage_taken":[{"damage":0,"enemies":"Hallownest:monsterHuskWarrior","floor":1,"turns":1},{"damage":0,"enemies":"Hallownest:2_MossCreeps","floor":2,"turns":1},{"damage":0,"enemies":"Hallownest:eliteVengeflyKing","floor":6,"turns":1},{"damage":0,"enemies":"Hallownest:monsterHuskGuard","floor":7,"turns":3},{"damage":0,"enemies":"Hallownest:monsterMossCharger","floor":12,"turns":3},{"damage":94,"enemies":"Hallownest:BossHornet","floor":16,"turns":9}],"seed_played":"-2034786030936285304","potions_obtained":[{"floor":2,"key":"Milkshake"},{"floor":6,"key":"FairyPotion"},{"floor":12,"key":"Swift Potion"}],"is_trial":false,"path_per_floor":["M","M","?","$","?","E","M","$","T","?","R","M","R","?","R","B"],"character_chosen":"KOISHI","items_purchased":["Koishi:DreadfulBlow"],"campfire_rested":0,"item_purchase_floors":[4],"current_hp_per_floor":[60,60,60,60,60,60,60,60,60,60,60,60,60,60,60,0,0],"gold":141,"neow_bonus":"THREE_ENEMY_KILL","is_daily":false,"chose_seed":false,"campfire_upgraded":3,"win_rate":0.0,"timestamp":1608287595,"path_taken":["M","M","?","?","?","E","M","$","T","?","R","M","R","?","R","BOSS"],"items_purchased_type":["Card"],"build_version":"2020-12-13","purchased_purges":0,"victory":false,"max_hp_per_floor":[60,60,60,60,60,60,60,60,60,60,60,60,60,60,60,60,60],"card_choices":[{"not_picked":["Koishi:PhantomBarrier","Koishi:YoukaiPolygraph"],"picked":"Koishi:Jaunt","floor":1},{"not_picked":["Koishi:UnansweredLove","Koishi:ReflexRadar"],"picked":"Koishi:HeartfeltFancy","floor":2},{"not_picked":["Koishi:Whimsy","Koishi:JumpScare"],"picked":"Koishi:HeartAttack","floor":6},{"not_picked":["Koishi:ApparitionsStalkTheNight","Koishi:Jaunt"],"picked":"Koishi:SubterraneanRose","floor":7},{"not_picked":["Koishi:Jaunt","Koishi:BloodcurdlingScream"],"picked":"Koishi:LastRemote","floor":12}],"player_experience":154095,"relics_obtained":[{"floor":6,"key":"MawBank"},{"floor":9,"key":"Juzu Bracelet"}],"event_choices":[{"damage_healed":0,"gold_gain":0,"player_choice":"3","damage_taken":0,"max_hp_gain":0,"max_hp_loss":0,"event_name":"betterMatch:BetterMatch","floor":5,"gold_loss":0,"cards_obtained":[]}],"is_beta":false,"boss_relics":[],"items_purged_floors":[],"is_endless":false,"potions_floor_spawned":[2,6,12],"killed_by":"Hallownest:BossHornet","ascension_level":0}}