{"host":"gp6kafy53r5vaktt","time":1608280113,"event":{"mods":["BaseMod","Colored Map","Highlight Path","Minty Spire (QoL Compilation)"],"gold_per_floor":[114,133,148,161,180,214,233,258,258,258,258,258],"floor_reached":11,"playtime":825,"items_purged":[],"score":91,"play_id":"5786309e-14c0-4729-9ac0-9fb8171d364f","local_time":"20201218102833","is_ascension_mode":true,"campfire_choices":[],"circlet_count":0,"master_deck":["Strike_G","Strike_G","Strike_G","Strike_G","Defend_G","Defend_G","Defend_G","Defend_G","Survivor","Neutralize","Flying Knee","Cloak And Dagger","Footwork","Infinite Blades","Corpse Explosion"],"relics":["Ring of the Snake","Ancient Tea Set","Pen Nib","Girya","Matryoshka"],"acts_visited":["Exordium"],"potions_floor_usage":[6,6,8],"damage_taken":[{"damage":4,"enemies":"Jaw Worm","floor":1,"turns":5},{"damage":4,"enemies":"Cultist","floor":2,"turns":4},{"damage":1,"enemies":"Small Slimes","floor":3,"turns":4},{"damage":1,"enemies":"3 Louse","floor":4,"turns":4},{"damage":2,"enemies":"Blue Slaver","floor":5,"turns":5},{"damage":8,"enemies":"Lagavulin","floor":6,"turns":10},{"damage":1,"enemies":"Red Slaver","floor":7,"turns":4},{"damage":21,"enemies":"3 Sentries","floor":8,"turns":7},{"damage":7,"enemies":"Lagavulin","floor":11,"turns":5}],"seed_played":"2112890405370656190","potions_obtained":[{"floor":2,"key":"PowerPotion"},{"floor":4,"key":"FearPotion"},{"floor":7,"key":"Explosive Potion"}],"is_trial":false,"path_per_floor":["M","M","M","M","M","E","M","E","T","?","E"],"character_chosen":"THE_SILENT","items_purchased":[],"campfire_rested":0,"item_purchase_floors":[],"current_hp_per_floor":[45,41,40,39,37,29,28,7,7,7,0,0],"gold":258,"neow_bonus":"REMOVE_TWO","is_daily":false,"chose_seed":false,"campfire_upgraded":0,"win_rate":0.0,"timestamp":1608280113,"path_taken":["M","M","M","M","M","E","M","E","T","?","E"],"items_purchased_type":[],"build_version":"2020-12-13","purchased_purges":0,"victory":false,"max_hp_per_floor":[70,70,70,70,70,70,70,70,70,70,70,70],"card_choices":[{"not_picked":["Deadly Poison","Finisher","Dagger Throw"],"picked":"SKIP","floor":1},{"not_picked":["Dagger Throw","Bane"],"picked":"Flying Knee","floor":2},{"not_picked":["Dagger Throw","Predator"],"picked":"Quick Slash","floor":3},{"not_picked":["Dagger Spray","Bane"],"picked":"Cloak And Dagger","floor":4},{"not_picked":["Escape Plan","Concentrate"],"picked":"Footwork","floor":5},{"not_picked":["Deadly Poison","Dagger Spray"],"picked":"Infinite Blades","floor":6},{"not_picked":["Quick Slash","Acrobatics","Bouncing Flask"],"picked":"SKIP","floor":7},{"not_picked":["Quick Slash","Underhanded Strike"],"picked":"Corpse Explosion","floor":8}],"player_experience":33698,"relics_obtained":[{"floor":6,"key":"Ancient Tea Set"},{"floor":8,"key":"Pen Nib"},{"floor":9,"key":"Girya"}],"event_choices":[{"cards_removed":["Quick Slash"],"damage_healed":0,"gold_gain":0,"player_choice":"Gave Card","damage_taken":0,"relics_obtained":["Matryoshka"],"max_hp_gain":0,"max_hp_loss":0,"event_name":"WeMeetAgain","floor":10,"gold_loss":0}],"is_beta":false,"boss_relics":[],"items_purged_floors":[],"is_endless":false,"potions_floor_spawned":[2,4,7],"killed_by":"Lagavulin","ascension_level":1}}