{"host":"mvlqq966zh3ccmv5","time":1608259824,"event":{"mods":["AchievementEnabler","BaseMod","DeckTracker","Minty Spire (QoL Compilation)","SuperFastMode"],"gold_per_floor":[119,119,133,151,101,129,106,140,165,188,219,219,250,267,267,367,367,379,108,127,147,147,182,182,182,182,34,34,62,72,103,103,103,103],"floor_reached":33,"playtime":827,"items_purged":[],"score":572,"play_id":"c5ba6082-ab33-4237-9ff3-f0f52be06200","local_time":"20201218115024","is_ascension_mode":true,"campfire_choices":[{"floor":12,"key":"REST"},{"data":"Tactician","floor":15,"key":"SMITH"},{"data":"Reflex","floor":25,"key":"SMITH"},{"data":"Cloak And Dagger","floor":28,"key":"SMITH"},{"floor":32,"key":"REST"}],"circlet_count":0,"master_deck":["AscendersBane","Survivor","Neutralize","Calculated Gamble+1","Die Die Die","Dodge and Roll","Prepared","Dagger Spray","Unload","Slice","Wraith Form v2","Die Die Die","Backflip","Expertise","Caltrops","Quick Slash","Reflex","Underhanded Strike","Tactician+1","Calculated Gamble+1","Adrenaline","Choke","Flash of Steel","Grand Finale","Dagger Throw","Reflex+1","Blade Dance+1","Phantasmal Killer","Prepared+1","Cloak And Dagger+1","Cloak And Dagger","Malaise","Crippling Poison+1"],"relics":["Pandora\u0027s Box","Regal Pillow","Snake Skull","Oddly Smooth Stone","Bronze Scales","Ninja Scroll","Vajra","Philosopher\u0027s Stone","MutagenicStrength","War Paint","Blue Candle","Meat on the Bone","Orrery","PreservedInsect","Pen Nib"],"acts_visited":["Exordium","TheCity"],"potions_floor_usage":[11,21,29,33],"damage_taken":[{"damage":0.0,"enemies":"Cultist","floor":1.0,"turns":3.0},{"damage":4.0,"enemies":"Jaw Worm","floor":3.0,"turns":2.0},{"damage":0.0,"enemies":"Small Slimes","floor":4.0,"turns":2.0},{"damage":1.0,"enemies":"Lagavulin","floor":6.0,"turns":5.0},{"damage":10,"enemies":"3 Sentries","floor":8,"turns":4},{"damage":15,"enemies":"Lagavulin","floor":11,"turns":6},{"damage":6,"enemies":"Gremlin Nob","floor":13,"turns":3},{"damage":0,"enemies":"Red Slaver","floor":14,"turns":2},{"damage":34,"enemies":"Slime Boss","floor":16,"turns":10},{"damage":7,"enemies":"Spheric Guardian","floor":18,"turns":3},{"damage":7,"enemies":"2 Thieves","floor":20,"turns":2},{"damage":10,"enemies":"Centurion and Healer","floor":21,"turns":3},{"damage":0,"enemies":"Slavers","floor":23,"turns":2},{"damage":11,"enemies":"Book of Stabbing","floor":29,"turns":3},{"damage":1,"enemies":"Shelled Parasite and Fungi","floor":30,"turns":1},{"damage":0,"enemies":"Gremlin Leader","floor":31,"turns":1},{"damage":70,"enemies":"Champ","floor":33,"turns":6}],"seed_played":"2469498580855643962","potions_obtained":[{"floor":1.0,"key":"Strength Potion"},{"floor":3.0,"key":"SmokeBomb"},{"floor":6.0,"key":"Dexterity Potion"},{"floor":8,"key":"Block Potion"},{"floor":14,"key":"Weak Potion"},{"floor":18,"key":"SteroidPotion"},{"floor":21,"key":"EssenceOfSteel"},{"floor":30,"key":"LiquidMemories"}],"is_trial":false,"path_per_floor":["M","?","M","M","?","E","$","E","T","T","E","R","E","M","R","B",null,"M","$","M","M","?","E","?","R","T","$","R","E","M","E","R","B"],"character_chosen":"THE_SILENT","items_purchased":["Quick Slash","Flash of Steel","Grand Finale","Dagger Throw","Reflex","Orrery"],"campfire_rested":2,"item_purchase_floors":[7,19,19,19,19,27],"current_hp_per_floor":[63,63,59,59,59,58,58,48,48,48,33,69,63,63,63,29,60,53,53,46,36,36,36,36,36,36,36,36,37,36,36,70,0,0],"gold":103,"neow_bonus":"BOSS_RELIC","is_daily":false,"chose_seed":false,"campfire_upgraded":3,"win_rate":0.0,"timestamp":1608259824,"path_taken":["M","?","M","?","?","E","$","E","T","?","E","R","E","M","R","BOSS","M","$","M","M","?","E","?","R","T","$","R","E","?","E","R","BOSS"],"items_purchased_type":["Card","Card","Card","Card","Card","Relic"],"build_version":"2020-12-13","purchased_purges":0,"victory":false,"max_hp_per_floor":[70,70,70,70,70,70,70,70,70,70,70,70,70,70,70,70,70,70,70,70,70,70,70,70,70,70,70,70,70,70,70,70,70,70],"card_choices":[{"not_picked":["Expertise","Deflect"],"picked":"Backflip","floor":1.0},{"not_picked":["Caltrops","Quick Slash"],"picked":"Expertise","floor":3.0},{"not_picked":["Expertise","Skewer","Distraction"],"picked":"SKIP","floor":4.0},{"not_picked":["Flechettes","Sucker Punch"],"picked":"Caltrops","floor":6.0},{"not_picked":["Bane","Acrobatics"],"picked":"Reflex","floor":8},{"not_picked":["Distraction","Backflip"],"picked":"Underhanded Strike","floor":11},{"not_picked":["Leg Sweep","Quick Slash"],"picked":"Tactician","floor":13},{"not_picked":["Heel Hook","Slice"],"picked":"Calculated Gamble","floor":14},{"not_picked":["Wraith Form v2","Bullet Time"],"picked":"Adrenaline","floor":16},{"not_picked":["Outmaneuver","Backstab"],"picked":"Choke","floor":18},{"not_picked":["Riddle With Holes","Bouncing Flask","Poisoned Stab"],"picked":"SKIP","floor":20},{"not_picked":["Slice","Deflect"],"picked":"Blade Dance+1","floor":21},{"not_picked":["Sucker Punch","Terror"],"picked":"Phantasmal Killer","floor":23},{"not_picked":["Blade Dance","Acrobatics"],"picked":"Prepared+1","floor":27},{"not_picked":["Corpse Explosion","Outmaneuver"],"picked":"Cloak And Dagger","floor":27},{"not_picked":["Dagger Spray","Dodge and Roll"],"picked":"Cloak And Dagger","floor":27},{"not_picked":["Dodge and Roll","Backflip"],"picked":"Malaise","floor":29},{"not_picked":["Leg Sweep","Catalyst","Bouncing Flask"],"picked":"SKIP","floor":30},{"not_picked":["Concentrate","Endless Agony"],"picked":"Crippling Poison+1","floor":31}],"player_experience":215402,"relics_obtained":[{"floor":6.0,"key":"Regal Pillow"},{"floor":8,"key":"Snake Skull"},{"floor":9,"key":"Oddly Smooth Stone"},{"floor":10,"key":"Bronze Scales"},{"floor":11,"key":"Ninja Scroll"},{"floor":13,"key":"Vajra"},{"floor":23,"key":"War Paint"},{"floor":26,"key":"Meat on the Bone"},{"floor":29,"key":"PreservedInsect"},{"floor":31,"key":"Pen Nib"}],"event_choices":[{"damage_healed":0.0,"max_hp_gain":0.0,"max_hp_loss":0.0,"gold_gain":0.0,"event_name":"The Woman in Blue","player_choice":"Bought 0 Potions","floor":2.0,"gold_loss":0.0,"damage_taken":0.0},{"cards_removed":["Doppelganger"],"damage_healed":0.0,"max_hp_gain":0.0,"max_hp_loss":0.0,"gold_gain":0.0,"event_name":"The Cleric","player_choice":"Card Removal","floor":5.0,"gold_loss":50.0,"damage_taken":0.0},{"damage_healed":0,"gold_gain":0,"player_choice":"Inject Mutagens","damage_taken":0,"relics_obtained":["MutagenicStrength"],"max_hp_gain":0,"max_hp_loss":0,"event_name":"Drug Dealer","floor":22,"gold_loss":0},{"damage_healed":0,"gold_gain":0,"player_choice":"Gave Potion","damage_taken":0,"relics_obtained":["Blue Candle"],"max_hp_gain":0,"max_hp_loss":0,"event_name":"WeMeetAgain","floor":24,"gold_loss":0}],"is_beta":false,"boss_relics":[{"not_picked":["Runic Dome","Empty Cage"],"picked":"Philosopher\u0027s Stone"}],"items_purged_floors":[],"is_endless":false,"potions_floor_spawned":[1,3,6,8,14,18,21,30],"killed_by":"Champ","ascension_level":10}}