{"host":"18uyx1ev7cnsl5lv","time":1608264885,"event":{"mods":["AchievementEnabler","BaseMod","Colored Map","Minty Spire (QoL Compilation)","Rare Cards Sparkle","StSLib","slay the spire mod where everything is the same but ironclad has a cowboy hat"],"gold_per_floor":[109,109,121,121,8,35,35,60,109,120,130,130,140,140,140,264,264,284,300,300,317,337,337,348,368,368,368,348,364,67,86,86,181,181,201,216,231,231,41,41,61,76,149,149,164,164,181,201,201,201],"floor_reached":51,"playtime":6860,"items_purged":["Regret","Decay"],"score":760,"play_id":"346b242a-c432-452d-81fc-f31895c9660c","local_time":"20201217231445","is_ascension_mode":true,"campfire_choices":[{"floor":7,"key":"REST"},{"data":"Iron Wave","floor":12,"key":"SMITH"},{"data":"Feed","floor":15,"key":"SMITH"},{"floor":23,"key":"REST"},{"floor":27,"key":"REST"},{"data":"Barricade","floor":32,"key":"SMITH"},{"data":"Immolate","floor":40,"key":"SMITH"},{"data":"Iron Wave","floor":49,"key":"SMITH"}],"circlet_count":0,"master_deck":["Strike_R","Strike_R","Strike_R","Strike_R","Strike_R","Defend_R","Defend_R","Defend_R","Bash+1","Barricade+1","Thunderclap","Thunderclap","Inflame","Cleave","Iron Wave+1","Shrug It Off","Feed+1","Injury","Immolate+1","Cleave+1","Sword Boomerang+1","Iron Wave+1","True Grit","Second Wind+1","Armaments","Juggernaut","Double Tap","CurseOfTheBell","Flex+1","Metallicize+1","Good Instincts","Flame Barrier+1","Twin Strike+1","Writhe","Parasite"],"relics":["Burning Blood","Toy Ornithopter","Incense Burner","Letter Opener","MealTicket","Bloody Idol","Velvet Choker","Eternal Feather","Mercury Hourglass","Calling Bell","Strawberry","Kunai","FossilizedHelix","Bottled Flame"],"acts_visited":["Exordium","TheCity","TheBeyond"],"potions_floor_usage":[8,13,16,16,16,22,25,29,33,33,37,37,48,50,50],"damage_taken":[{"damage":0,"enemies":"Small Slimes","floor":1,"turns":3},{"damage":3,"enemies":"2 Louse","floor":3,"turns":3},{"damage":35,"enemies":"3 Sentries","floor":6,"turns":7},{"damage":17,"enemies":"Gremlin Nob","floor":8,"turns":4},{"damage":13,"enemies":"Jaw Worm","floor":10,"turns":3},{"damage":17,"enemies":"Looter","floor":11,"turns":3},{"damage":0,"enemies":"Gremlin Gang","floor":13,"turns":3},{"damage":53,"enemies":"Hexaghost","floor":16,"turns":11},{"damage":42,"enemies":"Shell Parasite","floor":18,"turns":5},{"damage":28,"enemies":"Spheric Guardian","floor":19,"turns":4},{"damage":18,"enemies":"Chosen and Byrds","floor":21,"turns":5},{"damage":0,"enemies":"3 Cultists","floor":22,"turns":2},{"damage":25,"enemies":"Shelled Parasite and Fungi","floor":24,"turns":5},{"damage":26,"enemies":"Centurion and Healer","floor":25,"turns":3},{"damage":33,"enemies":"Snake Plant","floor":29,"turns":4},{"damage":18,"enemies":"Chosen and Byrds","floor":31,"turns":5},{"damage":51,"enemies":"Collector","floor":33,"turns":8},{"damage":6,"enemies":"Orb Walker","floor":35,"turns":4},{"damage":3,"enemies":"3 Shapes","floor":36,"turns":3},{"damage":29,"enemies":"Writhing Mass","floor":37,"turns":9},{"damage":25,"enemies":"4 Shapes","floor":41,"turns":3},{"damage":62,"enemies":"Transient","floor":42,"turns":5},{"damage":0,"enemies":"Jaw Worm Horde","floor":45,"turns":1},{"damage":0,"enemies":"Sphere and 2 Shapes","floor":47,"turns":4},{"damage":6,"enemies":"Writhing Mass","floor":48,"turns":7},{"damage":72,"enemies":"Donu and Deca","floor":50,"turns":10}],"seed_played":"2473208974571179383","potions_obtained":[{"floor":6,"key":"Weak Potion"},{"floor":8,"key":"LiquidBronze"},{"floor":10,"key":"Energy Potion"},{"floor":11,"key":"DistilledChaos"},{"floor":13,"key":"Fire Potion"},{"floor":19,"key":"Explosive Potion"},{"floor":21,"key":"Energy Potion"},{"floor":24,"key":"SteroidPotion"},{"floor":25,"key":"AttackPotion"},{"floor":28,"key":"LiquidBronze"},{"floor":33,"key":"Dexterity Potion"},{"floor":36,"key":"PowerPotion"},{"floor":45,"key":"PowerPotion"},{"floor":47,"key":"DistilledChaos"},{"floor":48,"key":"EssenceOfSteel"}],"is_trial":false,"path_per_floor":["M","?","M","?","$","E","R","E","T","M","M","R","M","?","R","B",null,"M","M","?","M","M","R","M","M","T","R","?","M","$","M","R","B",null,"M","M","M","?","$","R","M","M","T","?","M","?","M","M","R","B",null],"character_chosen":"IRONCLAD","items_purchased":["Inflame","Mercury Hourglass","Armaments","Good Instincts"],"campfire_rested":3,"item_purchase_floors":[5,30,30,39],"current_hp_per_floor":[80,80,80,80,80,51,75,69,69,62,51,51,62,62,62,30,80,44,22,22,15,35,60,50,44,44,83,83,66,81,74,89,52,99,99,99,81,81,96,99,85,34,39,39,50,75,90,100,103,37],"gold":201,"neow_bonus":"ONE_RANDOM_RARE_CARD","is_daily":false,"chose_seed":false,"campfire_upgraded":5,"win_rate":0.0,"timestamp":1608264885,"path_taken":["M","?","M","?","$","E","R","E","T","M","M","R","M","?","R","BOSS","M","M","?","M","M","R","M","M","T","R","?","M","$","?","R","BOSS","M","M","M","?","?","R","M","?","T","?","M","?","M","M","R","BOSS"],"items_purchased_type":["Card","Relic","Card","Card"],"build_version":"2020-12-13","purchased_purges":2,"victory":true,"max_hp_per_floor":[80,80,80,80,80,80,80,80,80,80,80,80,80,80,80,80,80,80,80,80,80,84,84,88,92,92,92,92,92,92,92,92,92,99,99,99,99,99,99,99,99,99,99,99,99,99,103,103,103,103],"card_choices":[{"not_picked":["Warcry","Clash"],"picked":"Thunderclap","floor":1},{"not_picked":["Dual Wield","Fire Breathing"],"picked":"Thunderclap","floor":3},{"not_picked":["Rupture","Rage","Uppercut"],"picked":"SKIP","floor":6},{"not_picked":["Spot Weakness","Fire Breathing"],"picked":"Cleave","floor":8},{"not_picked":["Uppercut","Twin Strike"],"picked":"Iron Wave","floor":10},{"not_picked":["Dropkick","Havoc"],"picked":"Shrug It Off","floor":11},{"not_picked":["Combust","Fire Breathing"],"picked":"Feed","floor":13},{"not_picked":["Reaper","Brutality"],"picked":"Immolate","floor":16},{"not_picked":["Combust","Cleave","Reckless Charge+1"],"picked":"SKIP","floor":18},{"not_picked":["Body Slam+1","Dual Wield"],"picked":"Cleave+1","floor":19},{"not_picked":["Carnage","Heavy Blade"],"picked":"Sword Boomerang+1","floor":21},{"not_picked":["Feel No Pain","Hemokinesis","Sword Boomerang"],"picked":"SKIP","floor":22},{"not_picked":["Berserk","Headbutt"],"picked":"Iron Wave","floor":24},{"not_picked":["Blood for Blood","Hemokinesis"],"picked":"True Grit","floor":25},{"not_picked":["Feel No Pain","True Grit"],"picked":"Second Wind+1","floor":29},{"not_picked":["Heavy Blade","Twin Strike"],"picked":"Juggernaut","floor":31},{"not_picked":["Reaper","Barricade"],"picked":"Double Tap","floor":33},{"not_picked":["Iron Wave","Searing Blow+1","Feel No Pain"],"picked":"SKIP","floor":35},{"not_picked":["Burning Pact","True Grit+1"],"picked":"Flex+1","floor":36},{"not_picked":["Perfected Strike+1","Reckless Charge"],"picked":"Metallicize+1","floor":37},{"not_picked":["Bloodletting","Spot Weakness"],"picked":"Flame Barrier+1","floor":41},{"not_picked":["Perfected Strike","Combust","Carnage"],"picked":"SKIP","floor":42},{"not_picked":["Sword Boomerang","Iron Wave"],"picked":"Twin Strike+1","floor":45},{"not_picked":["Corruption","Clash","Pommel Strike+1"],"picked":"SKIP","floor":47},{"not_picked":["Warcry","Pommel Strike+1","Shrug It Off"],"picked":"SKIP","floor":48}],"player_experience":408243,"relics_obtained":[{"floor":6,"key":"Incense Burner"},{"floor":8,"key":"Letter Opener"},{"floor":9,"key":"MealTicket"},{"floor":26,"key":"Eternal Feather"},{"floor":34,"key":"Strawberry"},{"floor":34,"key":"Kunai"},{"floor":34,"key":"FossilizedHelix"},{"floor":43,"key":"Bottled Flame"}],"event_choices":[{"damage_healed":0,"gold_gain":0,"player_choice":"Grow","damage_taken":0,"max_hp_gain":0,"max_hp_loss":0,"event_name":"Living Wall","floor":2,"gold_loss":0,"cards_upgraded":["Bash"]},{"damage_healed":0,"gold_gain":0,"player_choice":"Box","damage_taken":0,"relics_obtained":["Toy Ornithopter"],"max_hp_gain":0,"max_hp_loss":0,"event_name":"Big Fish","floor":4,"gold_loss":0,"cards_obtained":["Regret"]},{"damage_healed":0,"gold_gain":0,"player_choice":"Take Wound","damage_taken":0,"relics_obtained":["Golden Idol"],"max_hp_gain":0,"max_hp_loss":0,"event_name":"Golden Idol","floor":14,"gold_loss":0,"cards_obtained":["Injury"]},{"damage_healed":0,"gold_gain":0,"player_choice":"Gave Idol","damage_taken":0,"relics_obtained":["Bloody Idol"],"max_hp_gain":0,"max_hp_loss":0,"event_name":"Forgotten Altar","floor":20,"relics_lost":["Golden Idol"],"gold_loss":0},{"damage_healed":0,"gold_gain":0,"player_choice":"Bought 1 Potion","damage_taken":0,"max_hp_gain":0,"max_hp_loss":0,"event_name":"The Woman in Blue","floor":28,"gold_loss":0},{"damage_healed":0,"gold_gain":0,"player_choice":"Cursed","damage_taken":0,"max_hp_gain":0,"max_hp_loss":0,"event_name":"Wheel of Change","floor":38,"gold_loss":0,"cards_obtained":["Decay"]},{"cards_removed":["Defend_R"],"damage_healed":0,"gold_gain":0,"player_choice":"Removed Skill","damage_taken":0,"max_hp_gain":0,"max_hp_loss":0,"event_name":"Falling","floor":44,"gold_loss":0},{"damage_healed":25,"gold_gain":0,"player_choice":"Writhe","damage_taken":0,"max_hp_gain":0,"max_hp_loss":0,"event_name":"Winding Halls","floor":46,"gold_loss":0,"cards_obtained":["Writhe"]}],"is_beta":false,"boss_relics":[{"not_picked":["Black Blood","Cursed Key"],"picked":"Velvet Choker"},{"not_picked":["Philosopher\u0027s Stone","Empty Cage"],"picked":"Calling Bell"}],"items_purged_floors":[5,39],"is_endless":false,"potions_floor_spawned":[6,8,10,11,13,19,21,24,25,33,36,45,47,48],"ascension_level":3}}