{"host":"t7rtdu4954o308h4","time":1608286454,"event":{"mods":["AchievementEnabler","Act Like it!","BaseMod","Conspire","Library of Ruina","Library of Ruina Extra","Minty Spire (QoL Compilation)","MostiFishMod","Replay The Spire","StSLib","TestMod","Waifu the Spire","【功能Mod】聪明的最终Boss","【遗物卡牌】REMEMod"],"gold_per_floor":[119,131,131,152,7,7,38,60,60,0,0,0,15,29,29,133,133,147,172,192,8,29,66,66,86,109,138,138,160,160,174,174,274,274,287,307,3,3,3,3,41,58,135,150,176,576,576,599,599,700,700,700,700,62,99,104],"floor_reached":57,"playtime":2689,"items_purged":["LightDefense","LightDefense"],"score":1999,"play_id":"e5695afa-107b-4dee-9f93-531c110c6030","local_time":"20201218181414","is_ascension_mode":true,"campfire_choices":[{"data":"WillProduceFineSilk","floor":6,"key":"SMITH"},{"data":"ForTheFamily","floor":12,"key":"SMITH"},{"data":"FrontalAssault","floor":15,"key":"SMITH"},{"data":"WaitUp","floor":24,"key":"SMITH"},{"data":"TendonChords","floor":30,"key":"SMITH"},{"data":"FormingStorm","floor":32,"key":"SMITH"},{"data":"CleanUp","floor":40,"key":"SMITH"},{"floor":47,"key":"RECALL"},{"data":"Unlock1","floor":49,"key":"SMITH"},{"data":"Deflect_lor","floor":53,"key":"SMITH"}],"circlet_count":0,"master_deck":["Dodge","LightAttack","LightDefense","ChargeAndCover","FocusedStrikes","Skim","WillProduceFineSilk+1","Commandeering+1","Leap_lor","Outburst","ForTheFamily+1","Castigation","FrontalAssault+1","Deflect_lor+1","Unlock1+1","TendonChords+1","InnerArdor","MostiFishMod:Mottled","WaitUp+1","BackAttack","Overcharge","DevastatingThrash","FormingStorm+1","CleanUp+1","TrashDisposal","EnergyCycle+1","MostiFishMod:ElfcollectionBox+1","FlowOfTheSword+1","Tttonst","TieShanKao","BlazingStrike"],"relics":["PageOfLibrarian","DaveBox","testmod-TestBox","testmod-TheFather","RhineSuit","Question Card","ReplayTheSpireMod:TigerMarble","The Courier","ReplayTheSpireMod:Ninjato","ImportantClient","PageOfBlackSwan","Civilization","Sundial","PageOfSnowWhitesApple","SynthV:C4","ChewingGum","testmod-CyclicPeriapt","Bag of Marbles","CeramicFish","PageOfTodaysShyLook","Bronze Scales","Akabeko","conspire:GiftBox","Orrery","Du-Vu Doll"],"acts_visited":["Exordium","TheCity","TheBeyond","TheEnding"],"potions_floor_usage":[],"damage_taken":[{"damage":7,"enemies":"2 Louse","floor":1,"turns":2},{"damage":0,"enemies":"Cultist","floor":2,"turns":2},{"damage":2,"enemies":"Small Slimes","floor":4,"turns":4},{"damage":1,"enemies":"Gremlin Nob","floor":7,"turns":4},{"damage":0,"enemies":"Exordium Thugs","floor":8,"turns":2},{"damage":0,"enemies":"Looter","floor":13,"turns":1},{"damage":0,"enemies":"2 Fungi Beasts","floor":14,"turns":2},{"damage":0,"enemies":"Slime Boss","floor":16,"turns":6},{"damage":0,"enemies":"Shell Parasite","floor":18,"turns":1},{"damage":0,"enemies":"Spheric Guardian","floor":20,"turns":1},{"damage":0,"enemies":"Shelled Parasite and Fungi","floor":22,"turns":2},{"damage":5,"enemies":"REME_1_Revenger","floor":23,"turns":4},{"damage":0,"enemies":"Sentry and Sphere","floor":25,"turns":2},{"damage":0,"enemies":"Book of Stabbing","floor":27,"turns":2},{"damage":0,"enemies":"Centurion and Healer","floor":29,"turns":1},{"damage":0,"enemies":"Snecko","floor":31,"turns":2},{"damage":0,"enemies":"conspire:MysteriousRune","floor":33,"turns":3},{"damage":0,"enemies":"Orb Walker","floor":35,"turns":1},{"damage":0,"enemies":"3 Darklings","floor":36,"turns":2},{"damage":0,"enemies":"Reptomancer","floor":41,"turns":1},{"damage":0,"enemies":"Writhing Mass","floor":42,"turns":1},{"damage":0,"enemies":"Maw","floor":44,"turns":1},{"damage":0,"enemies":"R_Hoarder","floor":45,"turns":1},{"damage":0,"enemies":"Transient","floor":48,"turns":2},{"damage":38,"enemies":"Donu and Deca","floor":50,"turns":11},{"damage":0,"enemies":"Shield and Spear","floor":55,"turns":2},{"damage":64,"enemies":"The Heart","floor":56,"turns":4}],"seed_played":"-1874148355977194578","potions_obtained":[{"floor":2,"key":"Block Potion"},{"floor":7,"key":"ColorlessPotion"},{"floor":13,"key":"Elixir"},{"floor":36,"key":"Flashbang"},{"floor":48,"key":"conspire:TimeTravelPotion"}],"is_trial":false,"path_per_floor":["M","M","?","M","$","R","E","M","T","$","?","R","M","M","R","B",null,"M","?","M","$","M","E","R","M","T","E","?","M","R","M","R","B",null,"M","M","$","?","$","R","E","M","T","M","E","?","R","M","R","B",null,null,"R","$","E","B",null],"character_chosen":"Librarian","items_purchased":["ReplayTheSpireMod:TigerMarble","MostiFishMod:Mottled","MostiFishMod:ElfcollectionBox","testmod-CyclicPeriapt","PageOfTodaysShyLook","Bronze Scales","Akabeko","conspire:GiftBox","Orrery"],"campfire_rested":0,"item_purchase_floors":[5,21,37,37,54,54,54,54,54],"current_hp_per_floor":[53,53,53,51,51,51,50,50,50,50,50,50,50,50,50,50,76,76,55,59,59,65,67,67,76,76,86,86,95,95,105,105,119,132,144,168,168,168,168,168,195,226,226,255,286,286,286,317,317,340,340,348,348,348,385,357],"gold":104,"neow_bonus":"REMOVE_CARD","is_daily":false,"chose_seed":false,"campfire_upgraded":9,"win_rate":0.0,"timestamp":1608286454,"path_taken":["M","M","?","M","?","R","E","M","T","$","?","R","?","M","R","BOSS","M","?","M","$","M","E","R","M","T","E","?","M","R","?","R","BOSS","M","M","$","?","?","R","E","?","T","M","E","?","R","M","R","BOSS","R","$","E","BOSS"],"items_purchased_type":["Relic","Card","Card","Relic","Relic","Relic","Relic","Relic","Relic"],"build_version":"2020-12-13","purchased_purges":2,"victory":true,"max_hp_per_floor":[65,62,62,62,62,62,62,78,78,78,78,78,85,85,85,85,85,85,85,86,86,89,93,93,99,99,106,106,115,115,125,125,136,136,148,172,172,172,172,172,199,227,227,256,286,286,286,317,317,350,350,350,350,350,385,421],"card_choices":[{"not_picked":["Multislash","PreemptiveStrike","MultiHit","BackAttack","StructuralAnalysis","SuppressingShot","Quickness","ShockRound"],"picked":"WillProduceFineSilk","floor":1},{"not_picked":["RulesOfTheBackstreets","InnerArdor","MultiBlock","MultiHit","SunsetBlade","ToWhereThePrescriptPoints","DarkCloud","DefenseOrder","GuardingStance"],"picked":"Commandeering","floor":2},{"not_picked":["NightInTheBackstreets","HiddenBlade","Pound","Bvapour","Rewind","LeRegole","FierceCharge","TimeForALittleTest","QuickAttack"],"picked":"Leap_lor","floor":4},{"not_picked":["HighKick","Observe","SharpenedBlade","BindingArms","ScratchThat","MultiBlock","Diversion","Marionette","HandleRequest"],"picked":"Outburst","floor":7},{"not_picked":["DesperateStruggle","Crush","UpbeatPerformance","BladeWhirl","Thrust","NightInTheBackstreets","QuickAttack","HiddenBlade","EnergyShield"],"picked":"ForTheFamily","floor":8},{"not_picked":["SweepTheBackstreets","ElectricShock","MultiBlock","ScatteringSlash","Faith","WillOfThePrescript","Thrust","Preparation","UnavoidableGaze"],"picked":"Castigation","floor":13},{"not_picked":["WillBeTasty","Eliminate","DesperateStruggle","LoosenUp","SharpSwipe","SetFire","FlashingStrike","HandleRequest","Tailoring"],"picked":"FrontalAssault","floor":14},{"not_picked":["Punishment","WillProduceFineSilk","Suppress"],"picked":"Deflect_lor","floor":16},{"not_picked":["Gamble+1","IronWall+1","TheRedNotes","Multislash","NightInTheBackstreets","Outburst","ButterflySlash","NonstopAssault","FleetFootsteps"],"picked":"Unlock1","floor":18},{"not_picked":["UpbeatPerformance+1","Cruelty","Guardian_lor","UnavoidableGaze","TimeForALittleTest+1","SkyClearingCut","SmokingPipe","RulesOfTheBackstreets","BindingChains"],"picked":"TendonChords","floor":19},{"not_picked":["StartinOutLightly","PreemptiveStrike","StructuralAnalysis","Endure","Diversion","AutonomousRush","LoosenUp+1","Castigation","SunsetBlade"],"picked":"InnerArdor","floor":20},{"not_picked":["AsThePrescriptOrders","UnavoidableGaze","MindPrepared+1","FrontalAssault","Outburst","SpearedSweep","Multislash","PreparedMind","CumulusWall"],"picked":"WaitUp","floor":22},{"not_picked":["EnergyCycle","Gigigig+1","Crush+1","LossOfSenses+1","GoinFirst","SunsetBlade","UpbeatPerformance","Wallop_lor+1","ShockingBlow","SilentNight"],"picked":"SKIP","floor":23},{"not_picked":["MultiHit","StrongStrike","Pound","LawAndOrder","Diversion","MultiBlock","EnergyShield+1","SmokingPipe+1","UnavoidableGaze"],"picked":"BackAttack","floor":25},{"not_picked":["MultiHit+1","YourShield","UpbeatPerformance","CookingPrep","TimeForALittleTest","StructuralAnalysis+1","MultiBlock","ForTheFamily+1","TasteMyFlamingBat"],"picked":"Overcharge","floor":27},{"not_picked":["GoinFirst","Quickness","FocusFire","TheArtOfRapidSteps","UnavoidableGaze","DeepDrag","ShockingBlow","AbsorbImpact","BiteOff"],"picked":"DevastatingThrash","floor":29},{"not_picked":["DesperateStruggle","HandleRequest+1","RulesOfTheBackstreets+1","SmokingPipe","IllEndYou","PreemptiveStrike+1","AutonomousRush","WrathOfTorment","FendThisOffIfYouCan"],"picked":"FormingStorm","floor":31},{"not_picked":["Decapitation","Observe","FormingStorm"],"picked":"CleanUp","floor":33},{"not_picked":["Reload","TheArtOfRapidSteps","Track+1","FleetFootsteps","Quickness","TendonChords","Thrust","Leap_lor+1","RushDown"],"picked":"TrashDisposal","floor":35},{"not_picked":["HiddenBlade","BackAttack+1","BindingArms+1","StructuralAnalysis+1","SuppressingShot+1","NightInTheBackstreets+1","GuidanceOfTheGears","TendonChords+1","FleetFootsteps"],"picked":"EnergyCycle+1","floor":36},{"not_picked":["MultiBlock+1","WillOfThePrescript","LawAndOrder+1","LeRegole","ChopItOff+1","BiteOff+1","Outburst","BackAttack+1","FierceOnslaught+1","StrongStrike+1"],"picked":"SKIP","floor":41},{"not_picked":["EnergyCycle","MultiHit","Reload+1","WillOfThePrescript","Standoff","DesperateStruggle+1","GuardingStance","UnavoidableGaze+1","DaringDecision"],"picked":"FlowOfTheSword+1","floor":42},{"not_picked":["Observe","BackAttack+1","UpbeatPerformance+1","LossOfSenses","WrathOfTorment+1","UnavoidableGaze","SharpSwipe+1","Thrust","NightInTheBackstreets"],"picked":"Tttonst","floor":44},{"not_picked":["HiddenBlade","FierceCharge","RepressedFlesh","DirtyBlow","KeepItFresh","Juggling+1","Thrust","CutIn","Diversion+1","StructuralAnalysis+1"],"picked":"SKIP","floor":45},{"not_picked":["Wallop_lor+1","InnerArdor+1","StrongStrike","HighSpeedStabbing","SunsetBlade","SpearedSweep","GuidanceOfTheGears","PreemptiveStrike+1","Pound+1","Standoff"],"picked":"SKIP","floor":48},{"not_picked":["GoinFirst","UnforgettableMelody","BlazingStrike"],"picked":"TieShanKao","floor":54},{"not_picked":["BackAttack","DesperateStruggle","Parry","HeavyPeaks+1","HandleRequest","BizarreAttack+1","Outburst","GuidanceOfTheGears+1","Thirst"],"picked":"BlazingStrike","floor":54},{"not_picked":["TraceOfFumes","BlowItUp","EndlessBattle","HighKick","InnerArdor+1","Overpower+1","StructuralAnalysis+1","PreemptiveStrike","SuppressingShot+1","Parry+1"],"picked":"SKIP","floor":55}],"player_experience":44667,"relics_obtained":[{"floor":1,"key":"Question Card"},{"floor":7,"key":"The Courier"},{"floor":9,"key":"ReplayTheSpireMod:Ninjato"},{"floor":16,"key":"ImportantClient"},{"floor":19,"key":"Civilization"},{"floor":23,"key":"Sundial"},{"floor":26,"key":"PageOfSnowWhitesApple"},{"floor":27,"key":"SynthV:C4"},{"floor":41,"key":"Bag of Marbles"},{"floor":45,"key":"CeramicFish"},{"floor":55,"key":"Du-Vu Doll"}],"event_choices":[{"damage_healed":0,"gold_gain":0,"player_choice":"Upgraded","damage_taken":0,"max_hp_gain":0,"max_hp_loss":0,"event_name":"Upgrade Shrine","floor":3,"gold_loss":0,"cards_upgraded":["Commandeering"]},{"cards_removed":["LightAttack"],"damage_healed":0,"gold_gain":0,"player_choice":"Purged","damage_taken":0,"max_hp_gain":0,"max_hp_loss":0,"event_name":"Purifier","floor":11,"gold_loss":0},{"cards_removed":["LightDefense"],"damage_healed":0,"gold_gain":0,"player_choice":"Purged","damage_taken":0,"max_hp_gain":0,"max_hp_loss":0,"event_name":"Purifier","floor":28,"gold_loss":0},{"damage_healed":0,"gold_gain":0,"player_choice":"Upgraded","damage_taken":0,"max_hp_gain":0,"max_hp_loss":0,"event_name":"Upgrade Shrine","floor":38,"gold_loss":0,"cards_upgraded":["MostiFishMod:ElfcollectionBox"]},{"damage_healed":0,"gold_gain":400,"player_choice":"Sell","damage_taken":0,"max_hp_gain":0,"max_hp_loss":0,"event_name":"恩洛斯的盘子","floor":46,"relics_lost":["REME_ComplimentaryCards"],"gold_loss":0}],"is_beta":false,"boss_relics":[{"not_picked":["Cursed Key","testmod-NegativeEmotionEnhancer"],"picked":"PageOfBlackSwan"},{"not_picked":["xbg","REME_DuelDisc"],"picked":"ChewingGum"}],"items_purged_floors":[10,21],"is_endless":false,"potions_floor_spawned":[2,7,13,23,25,31,33,36,42,44,48],"ascension_level":5}}