{"host":"a5lz0e76zb3fcwkm","time":1608311783,"event":{"mods":["AchievementEnabler","BaseMod","Colored Map","Colored Powertips","Minty Spire (QoL Compilation)","StSLib","SuperFastMode"],"gold_per_floor":[112,187,199,199,199,247,266,266,266,301,312,312,237,254,254,328,328,304,264,264,264,264,264],"floor_reached":22,"playtime":549,"items_purged":[],"score":384,"play_id":"3e2f970a-1bd0-46e4-832e-816774d3cd3c","local_time":"20201219021623","is_ascension_mode":true,"campfire_choices":[{"data":"Dual Wield","floor":12,"key":"SMITH"},{"data":"Barricade","floor":15,"key":"SMITH"}],"circlet_count":0,"master_deck":["AscendersBane","Strike_R+1","Strike_R+1","Defend_R","Defend_R","Defend_R","Defend_R","Bash","Corruption+1","Entrench","Dual Wield+1","Barricade+1","Cleave","Double Tap","Shrug It Off"],"relics":["Burning Blood","Bottled Tornado","Dead Branch","Juzu Bracelet","InkBottle","Question Card","The Courier","Runic Pyramid","CultistMask"],"acts_visited":["TheCity"],"potions_floor_usage":[6,6,8,14,16,19],"damage_taken":[{"damage":0,"enemies":"Cultist","floor":1,"turns":4},{"damage":6,"enemies":"Jaw Worm","floor":3,"turns":2},{"damage":14,"enemies":"Gremlin Nob","floor":6,"turns":3},{"damage":0,"enemies":"Small Slimes","floor":7,"turns":3},{"damage":13,"enemies":"3 Sentries","floor":10,"turns":5},{"damage":6,"enemies":"3 Louse","floor":11,"turns":2},{"damage":0,"enemies":"Gremlin Gang","floor":14,"turns":3},{"damage":10,"enemies":"Hexaghost","floor":16,"turns":7},{"damage":19,"enemies":"2 Thieves","floor":18,"turns":4}],"seed_played":"-1394838754627786248","potions_obtained":[{"floor":1,"key":"EntropicBrew"},{"floor":7,"key":"GamblersBrew"},{"floor":8,"key":"Fruit Juice"},{"floor":8,"key":"Swift Potion"},{"floor":18,"key":"Strength Potion"},{"floor":19,"key":"Fruit Juice"},{"floor":19,"key":"SkillPotion"},{"floor":19,"key":"GamblersBrew"}],"is_trial":false,"path_per_floor":["M","?","M","?","?","E","M","?","T","E","M","R","?","M","R","B",null,"M","?","?","?","?"],"character_chosen":"IRONCLAD","items_purchased":[],"campfire_rested":0,"item_purchase_floors":[],"current_hp_per_floor":[74,63,63,40,45,37,43,48,48,41,41,41,41,47,47,43,75,62,67,67,67,67,67],"gold":264,"neow_bonus":"RANDOM_COMMON_RELIC","is_daily":false,"chose_seed":false,"campfire_upgraded":2,"win_rate":0.0,"timestamp":1608311783,"path_taken":["M","?","M","?","?","E","M","?","T","E","M","R","?","M","R","BOSS","M","?","?","?","?"],"items_purchased_type":[],"build_version":"2020-12-13","purchased_purges":0,"victory":false,"max_hp_per_floor":[75,75,75,75,80,80,80,85,85,85,85,85,85,85,85,85,85,85,90,90,90,90,90],"card_choices":[{"not_picked":["Fire Breathing","Evolve","Cleave"],"picked":"SKIP","floor":1},{"not_picked":["Twin Strike","Power Through","Rampage"],"picked":"SKIP","floor":3},{"not_picked":["Perfected Strike","Whirlwind","Power Through"],"picked":"SKIP","floor":6},{"not_picked":["Clash","Twin Strike","Dropkick"],"picked":"SKIP","floor":7},{"not_picked":["Power Through","Flex","Whirlwind"],"picked":"Entrench","floor":10},{"not_picked":["Perfected Strike","Carnage","Wild Strike"],"picked":"Dual Wield","floor":11},{"not_picked":["Sword Boomerang","Hemokinesis","Combust"],"picked":"Barricade","floor":14},{"not_picked":["Pommel Strike+1","Wild Strike+1","Dark Embrace","Headbutt"],"picked":"SKIP","floor":18}],"player_experience":1610744,"relics_obtained":[{"floor":6,"key":"InkBottle"},{"floor":9,"key":"Question Card"},{"floor":10,"key":"The Courier"}],"event_choices":[{"damage_healed":0,"gold_gain":75,"player_choice":"Gather Gold","damage_taken":11,"max_hp_gain":0,"max_hp_loss":0,"event_name":"World of Goop","floor":2,"gold_loss":0},{"damage_healed":0,"gold_gain":0,"player_choice":"Entered Light","damage_taken":23,"max_hp_gain":0,"max_hp_loss":0,"event_name":"Shining Light","floor":4,"gold_loss":0,"cards_upgraded":["Strike_R","Strike_R"]},{"damage_healed":0,"gold_gain":0,"player_choice":"Donut","damage_taken":0,"max_hp_gain":5,"max_hp_loss":0,"event_name":"Big Fish","floor":5,"gold_loss":0},{"damage_healed":0,"gold_gain":0,"player_choice":"Got Potions","damage_taken":0,"max_hp_gain":0,"max_hp_loss":0,"event_name":"Lab","floor":8,"gold_loss":0},{"cards_removed":["Strike_R"],"damage_healed":0,"gold_gain":0,"player_choice":"Card Removal","damage_taken":0,"max_hp_gain":0,"max_hp_loss":0,"event_name":"The Cleric","floor":13,"gold_loss":75},{"damage_healed":0,"gold_gain":0,"player_choice":"Bought 3 Potions","damage_taken":0,"max_hp_gain":0,"max_hp_loss":0,"event_name":"The Woman in Blue","floor":19,"gold_loss":0},{"damage_healed":0,"gold_gain":0,"cards_transformed":["Strike_R","Strike_R"],"player_choice":"Became Test Subject","damage_taken":0,"max_hp_gain":0,"max_hp_loss":0,"event_name":"Drug Dealer","floor":20,"gold_loss":0,"cards_obtained":["Cleave","Double Tap"]},{"damage_healed":0,"gold_gain":0,"player_choice":"Trade","damage_taken":0,"relics_obtained":["CultistMask"],"max_hp_gain":0,"max_hp_loss":0,"event_name":"FaceTrader","floor":21,"gold_loss":0},{"damage_healed":0,"gold_gain":0,"player_choice":"Read","damage_taken":0,"max_hp_gain":0,"max_hp_loss":0,"event_name":"The Library","floor":22,"gold_loss":0,"cards_obtained":["Shrug It Off"]}],"is_beta":false,"boss_relics":[{"not_picked":["SlaversCollar","Velvet Choker"],"picked":"Runic Pyramid"}],"items_purged_floors":[],"is_endless":false,"potions_floor_spawned":[1,7,10,18],"ascension_level":20}}