{"host":"r6jigiblrojhp6xe","time":1608333898,"event":{"mods":["AchievementEnabler","BaseMod","DeckTracker","Minty Spire (QoL Compilation)","Quick Restart","Rare Cards Sparkle","Relic Stats","StSLib","SuperFastMode","everything is the same but u backflip on backflip"],"gold_per_floor":[116,127,127,138,149,149,163,163,187,200,210,57,67,79,79,156,156,171,171,71,87,107,107,22,22,47,84,114,137,149,175,187,278,290,312,37,37,37,49,49,59,77,77,77,94,94,94,113,113,113,113],"floor_reached":52,"playtime":1077,"items_purged":["Strike_R","Strike_R","Strike_R+1"],"score":1769,"play_id":"36001036-232f-4046-a436-a7d3ddff3fc8","local_time":"20201219082458","is_ascension_mode":true,"campfire_choices":[{"data":"Bludgeon","floor":6.0,"key":"SMITH"},{"data":"Bash","floor":8.0,"key":"SMITH"},{"data":"Flame Barrier","floor":15.0,"key":"SMITH"},{"data":"Bludgeon","floor":23.0,"key":"SMITH"},{"data":"Bludgeon","floor":25.0,"key":"SMITH"},{"data":"Immolate","floor":30.0,"key":"SMITH"},{"data":"Carnage","floor":32.0,"key":"SMITH"},{"data":"Bludgeon","floor":40.0,"key":"SMITH"},{"data":"Shockwave","floor":46.0,"key":"SMITH"},{"floor":49.0,"key":"REST"}],"circlet_count":0,"master_deck":["AscendersBane","Defend_R","Defend_R","Defend_R","Defend_R","Bash+1","Bludgeon+1","Shrug It Off","Pommel Strike+1","Flame Barrier+1","Bludgeon+1","Immolate+1","Bludgeon+1","Shrug It Off","Carnage+1","Shockwave+1","Bludgeon+1","Evolve","Shrug It Off"],"relics":["Burning Blood","Dream Catcher","Snecko Eye","Orichalcum","MawBank","Whetstone","Mark of Pain","Lantern","Incense Burner"],"acts_visited":["Exordium","TheCity","TheBeyond"],"potions_floor_usage":[50,51],"damage_taken":[{"damage":12.0,"enemies":"Jaw Worm","floor":1.0,"turns":2.0},{"damage":0.0,"enemies":"Cultist","floor":2.0,"turns":3.0},{"damage":6.0,"enemies":"2 Louse","floor":4.0,"turns":4.0},{"damage":21.0,"enemies":"Exordium Thugs","floor":5.0,"turns":5.0},{"damage":6.0,"enemies":"Exordium Wildlife","floor":7.0,"turns":3.0},{"damage":2.0,"enemies":"Large Slime","floor":10.0,"turns":3.0},{"damage":11.0,"enemies":"Looter","floor":11.0,"turns":3.0},{"damage":7.0,"enemies":"3 Louse","floor":13.0,"turns":2.0},{"damage":7.0,"enemies":"Lots of Slimes","floor":14.0,"turns":6.0},{"damage":18.0,"enemies":"The Guardian","floor":16.0,"turns":8.0},{"damage":3.0,"enemies":"Spheric Guardian","floor":18.0,"turns":3.0},{"damage":0.0,"enemies":"3 Byrds","floor":21.0,"turns":2.0},{"damage":3.0,"enemies":"Shelled Parasite and Fungi","floor":22.0,"turns":3.0},{"damage":19.0,"enemies":"Gremlin Leader","floor":27.0,"turns":3.0},{"damage":0.0,"enemies":"Sentry and Sphere","floor":28.0,"turns":1.0},{"damage":0.0,"enemies":"Snake Plant","floor":29.0,"turns":1.0},{"damage":0.0,"enemies":"3 Cultists","floor":31.0,"turns":3.0},{"damage":53.0,"enemies":"Automaton","floor":33.0,"turns":8.0},{"damage":0.0,"enemies":"3 Shapes","floor":35.0,"turns":4.0},{"damage":0.0,"enemies":"Orb Walker","floor":39.0,"turns":1.0},{"damage":2.0,"enemies":"Maw","floor":41.0,"turns":4.0},{"damage":16.0,"enemies":"Spire Growth","floor":42.0,"turns":3.0},{"damage":12.0,"enemies":"Jaw Worm Horde","floor":45.0,"turns":3.0},{"damage":21.0,"enemies":"Transient","floor":48.0,"turns":6.0},{"damage":35,"enemies":"Awakened One","floor":50,"turns":7},{"damage":35,"enemies":"Donu and Deca","floor":51,"turns":6}],"seed_played":"-58487010926296206","potions_obtained":[{"floor":4.0,"key":"ColorlessPotion"},{"floor":5.0,"key":"AttackPotion"},{"floor":7.0,"key":"DuplicationPotion"},{"floor":14.0,"key":"SpeedPotion"},{"floor":16.0,"key":"ColorlessPotion"},{"floor":18.0,"key":"ColorlessPotion"},{"floor":27.0,"key":"BloodPotion"},{"floor":33.0,"key":"Dexterity Potion"}],"is_trial":false,"path_per_floor":["M","M","?","M","M","R","M","R","T","M","M","$","M","M","R","B",null,"M","?","$","M","M","R","?","R","T","E","M","M","R","M","R","B",null,"M","$","?","?","M","R","M","M","T","?","M","R","$","M","R","B","B",null],"character_chosen":"IRONCLAD","items_purchased":["Bludgeon","Lantern"],"campfire_rested":1,"item_purchase_floors":[12,36],"current_hp_per_floor":[44,50,50,50,35,35,35,35,35,39,34,34,33,32,32,20,61,64,64,64,70,73,73,73,73,73,60,66,72,72,75,75,28,63,69,69,69,69,75,75,75,65,65,65,59,59,59,44,66,37,23],"gold":113,"neow_bonus":"THREE_RARE_CARDS","is_daily":false,"chose_seed":false,"campfire_upgraded":9,"win_rate":0.0,"timestamp":1608333898,"path_taken":["M","M","?","?","M","R","M","R","T","M","M","$","M","?","R","BOSS","M","?","$","M","?","R","?","R","T","E","M","M","R","M","R","BOSS","M","$","?","?","M","R","M","M","T","?","M","R","$","M","R","BOSS","BOSS"],"items_purchased_type":["Card","Relic"],"build_version":"2020-12-13","purchased_purges":3,"victory":true,"max_hp_per_floor":[75,75,75,75,75,75,75,75,75,75,75,75,75,75,75,75,75,75,75,75,75,75,75,75,75,75,75,75,75,75,75,75,75,75,75,75,75,75,75,75,75,75,75,75,75,75,75,75,75,75,75],"relic_stats":{"Dream Catcher":1,"counters":[26,97],"Snecko Eye":[109,92,106,96],"Whetstone":["Strike_R","Pommel Strike"],"Orichalcum":[78],"MawBank":120,"obtain_stats":[{"Dream Catcher":9,"Lantern":36,"Snecko Eye":17,"Mark of Pain":34,"Incense Burner":43,"Whetstone":27,"Orichalcum":24,"MawBank":26,"Burning Blood":0},{"Dream Catcher":5,"Lantern":19,"Snecko Eye":10,"Mark of Pain":18,"Incense Burner":22,"Whetstone":14,"Orichalcum":13,"MawBank":13,"Burning Blood":0},{"Dream Catcher":17,"Lantern":67,"Snecko Eye":39,"Mark of Pain":63,"Incense Burner":75,"Whetstone":50,"Orichalcum":47,"MawBank":47,"Burning Blood":0}],"Burning Blood":149},"card_choices":[{"not_picked":["Berserk","Exhume"],"picked":"Bludgeon","floor":0.0},{"not_picked":["Clash","Sentinel"],"picked":"Shrug It Off","floor":1.0},{"not_picked":["Body Slam","True Grit","Evolve"],"picked":"SKIP","floor":2.0},{"not_picked":["Wild Strike","Intimidate","Twin Strike"],"picked":"SKIP","floor":4.0},{"not_picked":["Headbutt","Cleave","Burning Pact"],"picked":"SKIP","floor":5.0},{"not_picked":["Sentinel","Entrench","Infernal Blade"],"picked":"SKIP","floor":7.0},{"not_picked":["Clash","Body Slam"],"picked":"Pommel Strike","floor":10.0},{"not_picked":["Iron Wave","Second Wind"],"picked":"Flame Barrier","floor":11.0},{"not_picked":["Clash","Anger","Twin Strike"],"picked":"SKIP","floor":13.0},{"not_picked":["Ghostly Armor","Body Slam"],"picked":"Immolate","floor":14.0},{"not_picked":["Offering","Reaper"],"picked":"Bludgeon","floor":16.0},{"not_picked":["Havoc","Anger","Pommel Strike+1"],"picked":"SKIP","floor":18.0},{"not_picked":["Cleave","Heavy Blade"],"picked":"Shrug It Off","floor":21.0},{"not_picked":["Flex","Seeing Red"],"picked":"Carnage","floor":22.0},{"not_picked":["Inflame","Twin Strike"],"picked":"Shockwave","floor":27.0},{"not_picked":["Havoc","Cleave+1","Bloodletting"],"picked":"SKIP","floor":28.0},{"not_picked":["Sword Boomerang","Feed","Havoc"],"picked":"SKIP","floor":29.0},{"not_picked":["Heavy Blade","Rage","Armaments"],"picked":"SKIP","floor":31.0},{"not_picked":["Corruption","Brutality"],"picked":"Bludgeon","floor":33.0},{"not_picked":["Thunderclap+1","Clash","True Grit"],"picked":"SKIP","floor":35.0},{"not_picked":["Sever Soul","Flex","Havoc"],"picked":"SKIP","floor":39.0},{"not_picked":["Rampage","Sword Boomerang","Flex"],"picked":"SKIP","floor":41.0},{"not_picked":["Body Slam","Clash+1"],"picked":"Evolve","floor":42.0},{"not_picked":["Shrug It Off","Body Slam","Sword Boomerang+1"],"picked":"SKIP","floor":45.0},{"not_picked":["Shrug It Off","Body Slam","Sword Boomerang+1"],"picked":"SKIP","floor":45.0},{"not_picked":["Rampage","True Grit+1"],"picked":"Shrug It Off","floor":48.0}],"player_experience":505427,"relics_obtained":[{"floor":9.0,"key":"Dream Catcher"},{"floor":26.0,"key":"MawBank"},{"floor":27.0,"key":"Whetstone"},{"floor":43.0,"key":"Incense Burner"}],"event_choices":[{"cards_removed":["Strike_R"],"damage_healed":0.0,"max_hp_gain":0.0,"max_hp_loss":0.0,"gold_gain":0.0,"event_name":"Purifier","player_choice":"Purged","floor":3.0,"gold_loss":0.0,"damage_taken":0.0},{"damage_healed":0.0,"max_hp_gain":0.0,"max_hp_loss":0.0,"gold_gain":0.0,"cards_transformed":["Strike_R"],"event_name":"Transmorgrifier","player_choice":"Transformed","floor":19.0,"gold_loss":0.0,"damage_taken":0.0,"cards_obtained":["Juggernaut"]},{"damage_healed":0.0,"max_hp_gain":0.0,"max_hp_loss":0.0,"gold_gain":0.0,"event_name":"Addict","player_choice":"Obtained Relic","floor":24.0,"gold_loss":85.0,"damage_taken":0.0,"relics_obtained":["Orichalcum"]},{"damage_healed":0.0,"max_hp_gain":0.0,"max_hp_loss":0.0,"gold_gain":0.0,"event_name":"Mysterious Sphere","player_choice":"Ignored","floor":37.0,"gold_loss":0.0,"damage_taken":0.0},{"cards_removed":["Juggernaut"],"damage_healed":0.0,"max_hp_gain":0.0,"max_hp_loss":0.0,"gold_gain":0.0,"event_name":"Falling","player_choice":"Removed Power","floor":38.0,"gold_loss":0.0,"damage_taken":0.0},{"damage_healed":0.0,"max_hp_gain":0.0,"max_hp_loss":0.0,"gold_gain":0.0,"event_name":"SensoryStone","player_choice":"Memory 1","floor":44.0,"gold_loss":0.0,"damage_taken":0.0}],"is_beta":false,"boss_relics":[{"not_picked":["Runic Pyramid","Sozu"],"picked":"Snecko Eye"},{"not_picked":["SlaversCollar","Calling Bell"],"picked":"Mark of Pain"}],"items_purged_floors":[12,20,36],"is_endless":false,"potions_floor_spawned":[4,5,7,10,14,16,18,27,33,35,48],"ascension_level":20}}