{"host":"m9i7qe3hvz6jihjh","time":1608305419,"event":{"mods":["BaseMod","Colored Powertips","Infinite Spire","Minty Spire (QoL Compilation)","Quick Restart","StSLib","The Animator","Waifu the Spire"],"gold_per_floor":[112,112,62,15,15,15,39,64,116,157,172,172,172,186,186,312,375,394,394,407,407,407,407],"floor_reached":22,"playtime":502,"items_purged":[],"score":209,"play_id":"a9848c15-1425-4f40-affc-d06bba5eba9e","local_time":"20201218163019","is_ascension_mode":false,"campfire_choices":[{"floor":6,"key":"REST"},{"data":"Establishment","floor":12,"key":"SMITH"},{"floor":15,"key":"REST"}],"circlet_count":0,"master_deck":["Strike_P","Strike_P","Strike_P","Defend_P","Defend_P","Defend_P+1","Eruption+1","Vigilance+1","Meditate+1","FollowUp","Wallop","CutThroughFate","CutThroughFate","Establishment+1","FlyingSleeves","infinitespire:DeathsTouch","Wallop","MasterReality","ThirdEye","Worship+1","Adaptation"],"relics":["PureWater","Golden Idol","Nunchaku","Bottled Flame","Tiny House","War Paint"],"acts_visited":["Exordium","TheCity"],"potions_floor_usage":[10,10,14,18,22],"damage_taken":[{"damage":0,"enemies":"Cultist","floor":1,"turns":2},{"damage":0,"enemies":"Jaw Worm","floor":7,"turns":2},{"damage":10,"enemies":"Small Slimes","floor":8,"turns":2},{"damage":0,"enemies":"3 Sentries","floor":10,"turns":3},{"damage":8,"enemies":"Red Slaver","floor":11,"turns":2},{"damage":0,"enemies":"Looter","floor":14,"turns":1},{"damage":48,"enemies":"Slime Boss","floor":16,"turns":7},{"damage":11,"enemies":"Shell Parasite","floor":18,"turns":2},{"damage":22,"enemies":"Spheric Guardian","floor":20,"turns":4},{"damage":44,"enemies":"3 Cultists","floor":22,"turns":4}],"seed_played":"-3951473165991733508","potions_obtained":[{"floor":7,"key":"AttackPotion"},{"floor":8,"key":"AttackPotion"},{"floor":11,"key":"Ambrosia"},{"floor":16,"key":"Fire Potion"},{"floor":17,"key":"Ancient Potion"},{"floor":20,"key":"Strength Potion"}],"is_trial":false,"path_per_floor":["M","?","?","$","?","R","M","M","T","E","M","R","?","M","R","B",null,"M","?","M","?","M"],"character_chosen":"WATCHER","items_purchased":["FollowUp"],"campfire_rested":2,"item_purchase_floors":[4],"current_hp_per_floor":[72,54,54,54,54,72,72,62,62,62,54,54,36,36,57,9,77,66,66,44,44,0,0],"gold":407,"neow_bonus":"UPGRADE_CARD","is_daily":false,"chose_seed":false,"campfire_upgraded":1,"win_rate":0.0,"timestamp":1608305419,"path_taken":["M","?","?","$","?","R","M","?","T","E","M","R","?","M","R","BOSS","M","?","?","?","M"],"items_purchased_type":["Card"],"build_version":"2020-12-13","purchased_purges":0,"victory":false,"max_hp_per_floor":[72,72,72,72,72,72,72,72,72,72,72,72,72,72,72,72,77,77,77,77,77,77,77],"card_choices":[{"not_picked":["ThirdEye","EmptyFist"],"picked":"Meditate","floor":1},{"not_picked":["JustLucky","Evaluate"],"picked":"CutThroughFate","floor":7},{"not_picked":["Halt","ForeignInfluence"],"picked":"CutThroughFate","floor":8},{"not_picked":["Perseverance","Vengeance"],"picked":"Establishment","floor":10},{"not_picked":["ReachHeaven","DeceiveReality"],"picked":"FlyingSleeves","floor":11},{"not_picked":["infinitespire:TheBestDefense","infinitespire:SealOfDarkness+"],"picked":"infinitespire:DeathsTouch","floor":13},{"not_picked":["Evaluate","CrushJoints"],"picked":"Wallop","floor":14},{"not_picked":["Alpha","DeusExMachina"],"picked":"MasterReality","floor":16},{"not_picked":["Consecrate","Conclude"],"picked":"ThirdEye","floor":17},{"not_picked":["Perseverance","Prostrate"],"picked":"Worship+1","floor":18},{"not_picked":["BowlingBash+1","CrushJoints"],"picked":"Adaptation","floor":20}],"player_experience":871037,"relics_obtained":[{"floor":9,"key":"Nunchaku"},{"floor":10,"key":"Bottled Flame"}],"event_choices":[{"damage_healed":0,"gold_gain":0,"player_choice":"Take Damage","damage_taken":18,"relics_obtained":["Golden Idol"],"max_hp_gain":0,"max_hp_loss":0,"event_name":"Golden Idol","floor":2,"gold_loss":0},{"cards_removed":["Defend_P"],"damage_healed":0,"gold_gain":0,"player_choice":"Card Removal","damage_taken":0,"max_hp_gain":0,"max_hp_loss":0,"event_name":"The Cleric","floor":3,"gold_loss":50},{"damage_healed":0,"gold_gain":0,"cards_transformed":["Strike_P"],"player_choice":"Transformed","damage_taken":0,"max_hp_gain":0,"max_hp_loss":0,"event_name":"Transmorgrifier","floor":5,"gold_loss":0,"cards_obtained":["Wallop"]},{"damage_healed":0,"gold_gain":0,"player_choice":"Ignored","damage_taken":0,"max_hp_gain":0,"max_hp_loss":0,"event_name":"N\u0027loth","floor":19,"gold_loss":0},{"damage_healed":0,"gold_gain":0,"player_choice":"Opened","damage_taken":0,"relics_obtained":["War Paint"],"max_hp_gain":0,"max_hp_loss":0,"event_name":"The Mausoleum","floor":21,"gold_loss":0}],"is_beta":false,"boss_relics":[{"not_picked":["Busted Crown","Cursed Key"],"picked":"Tiny House"}],"items_purged_floors":[],"is_endless":false,"potions_floor_spawned":[7,8,11,16,20],"killed_by":"3 Cultists","ascension_level":0}}