{"host":"ocy7z4248lncoz2b","time":1608271367,"event":{"mods":["BaseMod","Beaked The Cultist","Better Match","Better Sensory Stone","Better Third Choice","BetterRewards","Clockwork Mod","Colored Powertips","Conspire","Downfall","Friendly Minions","Highlight Path","Hubris","Infinite Spire","Marisa????????","Mimic Mod","Minty Spire (QoL Compilation)","READ ME - Guardian Mod","Replay The Spire","Shop Mod","Spicy Shops","Spikes Relics","StSLib","SuperFastMode","The Blue Laboratory","The Construct","The Jungle"],"gold_per_floor":[99,118,218,238,238,238,238,238,258,287,300,42,42,60,75,174,174,174,174,174,249,301,301,301,356,356,356,411,463,463,112,172,310,310,310,310,401,455,515,440,440,493,544,544,145,205,205,205,258,393,393,393,453,453,453,528,453,453,453,520,579,631,684,751,370,422,562,562,562,562,562,619,684,684,756,811,811,869,83,138,138,43,99,245,245,245,245,341,425,527,527,638,735,840,968,968,597,597,694,792,1030,1030,1170,542,542,763],"floor_reached":107,"playtime":10416,"items_purged":["champ:Strike","champ:Strike","champ:Strike","champ:Strike","champ:Defend","champ:SteelEdge"],"score":3729,"play_id":"fc837af0-bcd2-4eb2-880b-fc7246175e89","local_time":"20201218150247","is_ascension_mode":false,"campfire_choices":[{"data":"champ:Taunt","floor":1,"key":"SMITH"},{"data":"ReplayTheSpireMod:Black Plague","floor":6,"key":"SMITH"},{"data":"champ:StanceDance","floor":8,"key":"SMITH"},{"data":"champ:DancingMaster","floor":18,"key":"SMITH"},{"data":"Replay:Undeath\u0027s Touch","floor":20,"key":"SMITH"},{"data":"champ:VampiricStrike","floor":23,"key":"SMITH"},{"data":"champ:Execute","floor":26,"key":"SMITH"},{"floor":35,"key":"RECALL"},{"data":"Barricade","floor":40,"key":"SMITH"},{"data":"Replay:SS_hec_2","floor":44,"key":"SMITH"},{"data":"champ:ShieldThrow","floor":52,"key":"SMITH"},{"data":"champ:EndlessRage","floor":54,"key":"SMITH"},{"data":"Replay:Undeath\u0027s Touch","floor":59,"key":"SMITH"},{"data":"Crow Ritual","floor":69,"key":"SMITH"},{"data":"Absolvement","floor":74,"key":"SMITH"},{"data":"Fire Breathing","floor":77,"key":"SMITH"},{"data":"expansioncontent:Collect","floor":86,"key":"SMITH"},{"data":"infinitespire:OneForAll","floor":105,"key":"SMITH"}],"circlet_count":0,"master_deck":["champ:Defend","champ:Defend","champ:Defend","champ:Execute+1","champ:Taunt+1","champ:StanceDance+1","ReplayTheSpireMod:Black Plague+1","champ:DancingMaster+1","champ:Circumvent+1","champ:ArenaPreparation+1","Replay:Undeath\u0027s Touch+1","champ:VampiricStrike+1","Replay:Undeath\u0027s Touch+1","champ:GladiatorStyle+1","champ:TornadoPunch+1","ReplayTheSpireMod:Black Plague+1","Replay:SS_hec_2+1","champ:IgnorePain+1","champ:ShieldThrow+1","Barricade+1","champ:EndlessRage+1","champ:AdrenalArmor+1","champ:BerserkerStyle","champ:ArenaPreparation+1","champ:FalseCounter+1","infinitespire:FutureSight+1","expansioncontent:Collect+1","Absolvement+1","Fire Breathing+1","Reaper","Crow Ritual+1","hubris:Rewind+1","Reforge+1","Replay:SS_fish_3","hubris:Insight+1","Feel No Pain","Absolvement","champ:DefensiveStyle","infinitespire:OneForAll+1","Replay:ManipulateFuture+1","Feint+1","ReplayTheSpireMod:Fabricate Wheel+1"],"relics":["Busted Crown","Toxic Egg 2","hubris:DisguiseKit","construct:WeddingRing","downfall:KnowingSkull","Replay:PocketPolymizer","conspire:SpecialSausage","conspire:TreasureMap","MerchantsRug","conspire:BottledYoYo","beaked:SacredDeck","CatCart","downfall:HeartBlessingRed","Toy Ornithopter","PreservedInsect","Orrery","hubris:Towel","infinitespire:Bottled Soul","Lantern","Iron Hammer","Bag of Preparation","Mummified Hand","construct:ClawGrip","Pantograph","ExplosiveVial","Lantern","Toolbox","infinitespire:EvilPickle","hubris:Icosahedron","PrismaticShard","Ring of Hypnosis","conspire:Dentures","CosmicIsotope","SpikesRelics:DaevaFist","beaked:ShinyBauble"],"acts_visited":["Exordium","TheCity","TheBeyond","Exordium","TheCity","TheBeyond","TheEnding"],"potions_floor_usage":[16,16,50,67,90,90,95,101,101,103,106],"damage_taken":[{"damage":7,"enemies":"Small Slimes","floor":2,"turns":5},{"damage":16,"enemies":"Cultist","floor":4,"turns":4},{"damage":5,"enemies":"2 Louse","floor":9,"turns":3},{"damage":8,"enemies":"Lagavulin","floor":10,"turns":5},{"damage":0,"enemies":"Large Slime","floor":11,"turns":2},{"damage":10,"enemies":"downfall:FleeingMerchant","floor":12,"turns":4},{"damage":20,"enemies":"Gremlin Gang","floor":14,"turns":4},{"damage":16,"enemies":"Blue Slaver","floor":15,"turns":2},{"damage":19,"enemies":"downfall:Ironclad","floor":16,"turns":5},{"damage":20,"enemies":"Nightmare","floor":21,"turns":4},{"damage":18,"enemies":"Spheric Guardian","floor":22,"turns":2},{"damage":20,"enemies":"Shell Parasite","floor":25,"turns":3},{"damage":13,"enemies":"Snake Plant","floor":28,"turns":3},{"damage":62,"enemies":"Chosen and Byrds","floor":29,"turns":3},{"damage":18,"enemies":"downfall:FleeingMerchant","floor":31,"turns":4},{"damage":13,"enemies":"Snecko","floor":32,"turns":2},{"damage":23,"enemies":"downfall:Defect","floor":33,"turns":8},{"damage":44,"enemies":"Orin","floor":37,"turns":8},{"damage":23,"enemies":"3 Darklings","floor":38,"turns":3},{"damage":51,"enemies":"3 Shapes","floor":39,"turns":5},{"damage":43,"enemies":"Writhing Mass","floor":42,"turns":5},{"damage":35,"enemies":"Maw","floor":43,"turns":6},{"damage":40,"enemies":"Sphere and 2 Shapes","floor":46,"turns":6},{"damage":58,"enemies":"Writhing Mass","floor":49,"turns":4},{"damage":52,"enemies":"downfall:Watcher","floor":50,"turns":7},{"damage":47,"enemies":"Jaw Worm","floor":53,"turns":5},{"damage":79,"enemies":"Nightmare","floor":56,"turns":6},{"damage":86,"enemies":"Gremlin Nob","floor":60,"turns":3},{"damage":34,"enemies":"2 Louse","floor":61,"turns":9},{"damage":30,"enemies":"Cultist","floor":62,"turns":4},{"damage":52,"enemies":"Lots of Slimes","floor":63,"turns":4},{"damage":8,"enemies":"conspire:MimicChest","floor":64,"turns":3},{"damage":40,"enemies":"Blue Slaver","floor":66,"turns":1},{"damage":88,"enemies":"Fading Forest","floor":67,"turns":11},{"damage":18,"enemies":"Chosen","floor":72,"turns":3},{"damage":33,"enemies":"Nightmare","floor":73,"turns":2},{"damage":23,"enemies":"Gremlin Leader","floor":75,"turns":4},{"damage":23,"enemies":"Snecko","floor":76,"turns":3},{"damage":11,"enemies":"Shelled Parasite and Fungi","floor":78,"turns":4},{"damage":8,"enemies":"Snake Plant","floor":80,"turns":3},{"damage":28,"enemies":"Chosen and Byrds","floor":83,"turns":4},{"damage":82,"enemies":"Pondfish","floor":84,"turns":10},{"damage":53,"enemies":"3 Shapes","floor":89,"turns":2},{"damage":100,"enemies":"Nightmare","floor":90,"turns":7},{"damage":25,"enemies":"Giant Head","floor":92,"turns":6},{"damage":65,"enemies":"3 Darklings","floor":93,"turns":6},{"damage":19,"enemies":"4 Shapes","floor":94,"turns":5},{"damage":58,"enemies":"Reptomancer","floor":95,"turns":3},{"damage":31,"enemies":"Transient","floor":99,"turns":5},{"damage":20,"enemies":"Maw","floor":100,"turns":4},{"damage":237,"enemies":"infinitespire:LordOfFortification","floor":101,"turns":70},{"damage":28,"enemies":"downfall:CharBossMerchant","floor":103,"turns":6},{"damage":69,"enemies":"downfall:NeowBoss","floor":106,"turns":22}],"seed_played":"1649950798790741682","potions_obtained":[{"floor":4,"key":"blueLaboratory:BottleOfRum"},{"floor":9,"key":"SkillPotion"},{"floor":10,"key":"BlessingOfTheForge"},{"floor":22,"key":"blueLaboratory:EnragingPotion"},{"floor":32,"key":"Explosive Potion"},{"floor":50,"key":"sneckomod:MuddlingPotion"},{"floor":62,"key":"champ:CounterPotion"},{"floor":73,"key":"blueLaboratory:FruitPunch"},{"floor":80,"key":"blueLaboratory:BottleOfVodka"},{"floor":83,"key":"blueLaboratory:FruitPunch"},{"floor":90,"key":"Swift Potion"},{"floor":92,"key":"DuplicationPotion"},{"floor":99,"key":"LiquidBronze"},{"floor":103,"key":"Swift Potion"}],"is_trial":false,"path_per_floor":["R","M","?","M","?","R","T","R","M","E","M","$","?","M","M","B",null,"R","?","R","NM","M","R","T","M","R","?","M","M","AVR","$","M","B",null,"R","?","?","M","M","R","T","M","M","R","$","M","?","AVR","M","B",null,"R","M","R","?","NM","?","T","R","E","M","M","M","?","$","M","B",null,"R","?","?","M","NM","R","E","M","R","M","$","M","?","$","M","B",null,"R","?","?","M","NM","AVR","E","M","M","E","?","$","?","M","M","B",null,"E","$","R","B",null],"character_chosen":"THE_CHAMP","items_purchased":["champ:ArenaPreparation+1","MerchantsRug","Replay:SS_hec_2","champ:IgnorePain+1","conspire:BottledYoYo","PreservedInsect","Orrery","Crow Ritual","Bag of Preparation","Mummified Hand","Pantograph","ExplosiveVial","Lantern","Toolbox","hubris:Insight+1","champ:DefensiveStyle","conspire:Dentures","Feint+1","SpikesRelics:DaevaFist","beaked:ShinyBauble"],"campfire_rested":0,"item_purchase_floors":[12,31,31,31,31,45,45,65,65,65,79,79,79,79,82,97,97,104,104,104],"current_hp_per_floor":[90,88,88,82,61,61,61,61,61,58,58,58,58,58,57,53,90,90,81,81,89,90,90,90,85,85,85,82,90,90,90,87,90,90,90,90,90,82,84,84,84,79,90,90,90,94,94,94,95,95,95,95,95,95,95,89,89,89,89,86,94,95,95,93,93,95,92,95,95,95,95,95,95,95,95,95,95,88,88,95,95,95,95,95,95,95,95,72,85,78,78,99,99,99,53,53,53,53,67,99,99,99,99,99,99,99],"gold":763,"neow_bonus":"BOSS_RELIC","is_daily":false,"chose_seed":false,"campfire_upgraded":17,"win_rate":0.0,"timestamp":1608271367,"path_taken":["R","M","?","?","?","R","T","R","M","E","M","$","?","M","M","BOSS","R","?","R","NM","?","R","T","M","R","?","M","M","AVR","$","M","BOSS","R","?","?","M","M","R","T","M","?","R","$","M","?","AVR","M","BOSS","R","M","R","?","NM","?","T","R","E","M","M","M","?","?","M","BOSS","R","?","?","M","NM","R","E","M","R","M","?","?","?","$","M","BOSS","R","?","?","M","NM","AVR","E","M","?","E","?","$","?","M","M","BOSS","E","$","R","BOSS"],"items_purchased_type":["Card","Relic","Card","Card","Relic","Relic","Relic","Card","Relic","Relic","Relic","Relic","Relic","Relic","Card","Card","Relic","Card","Relic","Relic"],"build_version":"2020-12-13","purchased_purges":6,"victory":true,"max_hp_per_floor":[90,90,90,90,90,90,90,90,90,90,90,90,90,90,90,90,90,90,90,90,90,90,90,90,90,90,90,90,90,90,90,90,90,90,90,90,90,90,90,90,90,90,90,90,90,95,95,95,95,95,95,95,95,95,95,95,95,95,95,95,95,95,95,95,95,95,95,95,95,95,95,95,95,95,95,95,95,95,95,95,95,95,95,95,95,95,95,95,95,99,99,99,99,99,99,99,99,99,99,99,99,99,99,99,99,99],"card_choices":[{"not_picked":[],"picked":"champ:StanceDance","floor":2},{"not_picked":["champ:CrookedStrike"],"picked":"SKIP","floor":4},{"not_picked":["infinitespire:UltimateForm","infinitespire:TheBestDefense"],"picked":"ReplayTheSpireMod:Black Plague","floor":5},{"not_picked":["champ:Haymaker"],"picked":"SKIP","floor":9},{"not_picked":[],"picked":"champ:DancingMaster","floor":10},{"not_picked":["champ:CrookedStrike","ReplayTheSpireMod:Strike From Hell"],"picked":"SKIP","floor":11},{"not_picked":["Body Slam"],"picked":"champ:Circumvent+1","floor":12},{"not_picked":["champ:Encircle"],"picked":"Replay:Undeath\u0027s Touch","floor":14},{"not_picked":["champ:FaceSlap","Warcry"],"picked":"SKIP","floor":15},{"not_picked":["conspire:HitWhereItHurts"],"picked":"champ:VampiricStrike","floor":16},{"not_picked":["champ:Haymaker+1"],"picked":"Replay:Undeath\u0027s Touch","floor":21},{"not_picked":["Iron Wave"],"picked":"champ:GladiatorStyle+1","floor":22},{"not_picked":["champ:HeartStrike","Clash"],"picked":"SKIP","floor":25},{"not_picked":["Sever Soul"],"picked":"champ:TornadoPunch+1","floor":28},{"not_picked":["champ:EnGarde+1","Warcry"],"picked":"SKIP","floor":29},{"not_picked":["champ:BladeFlurry","Warcry"],"picked":"SKIP","floor":31},{"not_picked":["champ:BerserkersShout+1","Run Through"],"picked":"SKIP","floor":32},{"not_picked":["Hemogenesis"],"picked":"champ:ShieldThrow","floor":33},{"not_picked":["Run Through"],"picked":"champ:EndlessRage","floor":37},{"not_picked":["champ:DefensiveShout+1","Anger"],"picked":"SKIP","floor":38},{"not_picked":["Searing Blow"],"picked":"champ:AdrenalArmor+1","floor":39},{"not_picked":["champ:Circumvent+1","ReplayTheSpireMod:Strike From Hell"],"picked":"SKIP","floor":42},{"not_picked":["Twin Strike"],"picked":"champ:BerserkerStyle","floor":43},{"not_picked":["Anger"],"picked":"champ:SteelEdge","floor":45},{"not_picked":["champ:GladiatorsShout+1","Pommel Strike"],"picked":"SKIP","floor":46},{"not_picked":["champ:BringItOn+1","Ghostly Armor"],"picked":"SKIP","floor":49},{"not_picked":["Run Through"],"picked":"champ:ArenaPreparation+1","floor":53},{"not_picked":["Ghostly Armor"],"picked":"champ:FalseCounter+1","floor":56},{"not_picked":["infinitespire:Oblivion","ReplayTheSpireMod:Haul"],"picked":"infinitespire:FutureSight","floor":56},{"not_picked":["hubris:Ssssneak"],"picked":"expansioncontent:Collect","floor":57},{"not_picked":["champ:PerfectedStrike","Cleave"],"picked":"SKIP","floor":60},{"not_picked":["champ:BringItOn+1"],"picked":"Absolvement","floor":61},{"not_picked":["champ:Circumvent+1"],"picked":"Fire Breathing","floor":62},{"not_picked":["champ:CrookedStrike"],"picked":"Reaper","floor":63},{"not_picked":["champ:GladiatorsShout+1","Body Slam"],"picked":"SKIP","floor":66},{"not_picked":["infinitespire:Oblivion","Replay:Fractal Strike"],"picked":"hubris:Rewind","floor":67},{"not_picked":[],"picked":"Reforge+1","floor":70},{"not_picked":[],"picked":"Replay:SS_fish_3","floor":70},{"not_picked":["champ:RapidStrikes","Heavy Blade"],"picked":"SKIP","floor":72},{"not_picked":["champ:CrownThrow","Thunderclap"],"picked":"SKIP","floor":73},{"not_picked":["champ:AdrenalArmor+1","Flame Barrier"],"picked":"SKIP","floor":75},{"not_picked":["champ:AdrenalArmor+1","Flame Barrier"],"picked":"SKIP","floor":75},{"not_picked":["champ:PerfectedStrike+1","Body Slam"],"picked":"SKIP","floor":76},{"not_picked":["champ:StanceDance+1","Armaments"],"picked":"SKIP","floor":78},{"not_picked":["champ:FocusedGladiator+1","Run Through"],"picked":"SKIP","floor":80},{"not_picked":["champ:BerserkersShout+1","Burning Pact"],"picked":"SKIP","floor":83},{"not_picked":["champ:DefensiveShout+1"],"picked":"Feel No Pain","floor":88},{"not_picked":["champ:FocusedDefense+1","Sword Boomerang"],"picked":"SKIP","floor":89},{"not_picked":["champ:Control+1","Double Tap"],"picked":"SKIP","floor":90},{"not_picked":["construct:ModeShift+1"],"picked":"Absolvement","floor":92},{"not_picked":["FlyingSleeves","Shrug It Off"],"picked":"SKIP","floor":93},{"not_picked":["hexamod:InspiringFlames+1","Anger"],"picked":"SKIP","floor":94},{"not_picked":["hubris:SlightOfHand+1","Sword Boomerang"],"picked":"SKIP","floor":95},{"not_picked":["sneckomod:UnknownCommonAttack+1"],"picked":"infinitespire:OneForAll","floor":99},{"not_picked":["Inflame"],"picked":"Replay:ManipulateFuture+1","floor":100},{"not_picked":["Replay:Cycle+1","Bloodletting"],"picked":"SKIP","floor":103},{"not_picked":["Demon Form"],"picked":"ReplayTheSpireMod:Fabricate Wheel+1","floor":106}],"player_experience":244918,"relics_obtained":[{"floor":7,"key":"Toxic Egg 2"},{"floor":10,"key":"hubris:DisguiseKit"},{"floor":21,"key":"Pet Ghost"},{"floor":24,"key":"Replay:PocketPolymizer"},{"floor":37,"key":"CatCart"},{"floor":41,"key":"Toy Ornithopter"},{"floor":58,"key":"Lantern"},{"floor":64,"key":"Iron Hammer"},{"floor":96,"key":"Ring of Hypnosis"}],"event_choices":[{"damage_healed":0,"gold_gain":0,"player_choice":"Leave","damage_taken":0,"max_hp_gain":0,"max_hp_loss":0,"event_name":"conspire:Investor","floor":27,"gold_loss":0},{"damage_healed":0,"gold_gain":0,"player_choice":"Fight","damage_taken":0,"max_hp_gain":0,"max_hp_loss":0,"event_name":"OrinTheCat","floor":37,"gold_loss":0},{"damage_healed":0,"gold_gain":0,"player_choice":"1","damage_taken":0,"max_hp_gain":0,"max_hp_loss":0,"event_name":"betterMatch:BetterMatch","floor":57,"gold_loss":0,"cards_obtained":["betterMatch:UncommonCard","betterMatch:ColorlessUncommonCard"]},{"damage_healed":0,"gold_gain":5,"player_choice":"1","damage_taken":0,"max_hp_gain":0,"max_hp_loss":0,"event_name":"betterStone:BetterStone","floor":70,"gold_loss":0}],"is_beta":false,"boss_relics":[{"not_picked":["Sandwich","Replay:Wanted Poster"],"picked":"construct:WeddingRing"},{"not_picked":["Replay:Drink Me","Sozu"],"picked":"beaked:SacredDeck"},{"not_picked":["hubris:RunicObelisk","Painkiller Herb"],"picked":"hubris:Backtick"},{"not_picked":["infinitespire:Cupcake","Replay:Drink Me"],"picked":"construct:ClawGrip"},{"not_picked":[]},{"not_picked":["ReplayTheSpireMod:DimensionalGlitch","hubris:Stopwatch"],"picked":"CosmicIsotope"}],"items_purged_floors":[30,31,45,48,79,91],"is_endless":true,"potions_floor_spawned":[4,9,10,11,14,15,22,32,38,39,46,49,50,56,62,63,73,80,83,84,90,92,93,94,99,103],"ascension_level":0}}