{"host":"no0bdlpxzp7bzzks","time":1608264183,"event":{"mods":["BaseMod","Better Match","Block Reminder","Colored Map","Curses Come First","DeckTracker","Downfall","Filter the Spire","Highlight Path","Jedi Mod","Jorbs\u0027s Wanderer Trilogy","Key Reminder","Mad Scientist","Minty Spire (QoL Compilation)","Permanent Neow","Relic Sorter","Relic Stats","StSLib","The Construct","The Spell Scribe"],"gold_per_floor":[117,117,117,141,66,66,89,107,107,128,128,172,184,196,196],"floor_reached":14,"playtime":3970,"items_purged":["theScribe:StarterDefend"],"score":90,"play_id":"94c65e18-56c5-452c-aa6c-782755ffd597","local_time":"20201217220303","is_ascension_mode":false,"campfire_choices":[{"data":"theScribe:StaticCage","floor":6,"key":"SMITH"},{"floor":11,"key":"RECALL"}],"circlet_count":0,"master_deck":["theScribe:StarterAttack","theScribe:StarterAttack","theScribe:LightningStrike","theScribe:LightningStrike","theScribe:StarterDefend","theScribe:StarterDefend","theScribe:IcyDefend","theScribe:IcyDefend","theScribe:StarterModifier","theScribe:MirrorImage","theScribe:StaticCage+1","theScribe:EnchantedStrike","theScribe:SanguineSurge","theScribe:TelumSpellstone","theScribe:MagicMissiles"],"relics":["theScribe:StarterRelic1","Anchor","Golden Idol","jedi:Pinwheel","keyreminder:keyreminder","MawBank"],"acts_visited":["Exordium"],"potions_floor_usage":[],"damage_taken":[{"damage":5,"enemies":"Jaw Worm","floor":1,"turns":8},{"damage":0,"enemies":"2 Louse","floor":4,"turns":3},{"damage":1,"enemies":"Cultist","floor":7,"turns":3},{"damage":11,"enemies":"Lots of Slimes","floor":8,"turns":6},{"damage":15,"enemies":"Large Slime","floor":10,"turns":8},{"damage":24,"enemies":"Gremlin Nob","floor":12,"turns":6},{"damage":5,"enemies":"3 Sentries","floor":14,"turns":2}],"seed_played":"-4679369880177862249","potions_obtained":[{"floor":1,"key":"GamblersBrew"},{"floor":7,"key":"SteroidPotion"}],"is_trial":false,"path_per_floor":["M","?","?","M","$","R","M","M","T","M","R","E","$","E"],"character_chosen":"THE_SCRIBE","items_purchased":[],"campfire_rested":0,"item_purchase_floors":[],"current_hp_per_floor":[70,52,52,52,52,52,51,40,40,25,25,1,1,0,0],"gold":196,"neow_bonus":"RANDOM_COMMON_RELIC","is_daily":false,"chose_seed":false,"campfire_upgraded":1,"win_rate":0.0,"timestamp":1608264183,"path_taken":["M","?","?","M","$","R","M","?","T","?","R","E","$","E"],"items_purchased_type":[],"build_version":"2020-12-13","purchased_purges":1,"victory":false,"max_hp_per_floor":[75,75,75,75,75,75,75,75,75,75,75,75,75,75,75],"relic_stats":{"counters":[7,36],"Golden Idol":27,"MawBank":24,"obtain_stats":[{"keyreminder:keyreminder":9,"Anchor":0,"Golden Idol":2,"jedi:Pinwheel":3,"MawBank":12,"theScribe:StarterRelic1":0},{"keyreminder:keyreminder":4,"Anchor":0,"Golden Idol":1,"jedi:Pinwheel":1,"MawBank":6,"theScribe:StarterRelic1":0},{"keyreminder:keyreminder":20,"Anchor":0,"Golden Idol":8,"jedi:Pinwheel":8,"MawBank":34,"theScribe:StarterRelic1":0}]},"card_choices":[{"not_picked":["theScribe:CrystalShield","theScribe:RecklessResponse"],"picked":"theScribe:MirrorImage","floor":1},{"not_picked":["theScribe:MirrorImage","theScribe:FocusingBlow"],"picked":"theScribe:StaticCage","floor":4},{"not_picked":["theScribe:MirrorImage","theScribe:BluntWeapons"],"picked":"theScribe:EnchantedStrike","floor":7},{"not_picked":["theScribe:FranticSearch","theScribe:Frost"],"picked":"theScribe:SanguineSurge","floor":8},{"not_picked":["theScribe:StaticCage","theScribe:BluntWeapons"],"picked":"theScribe:TelumSpellstone","floor":10},{"not_picked":["theScribe:ThrownScroll","theScribe:FranticSearch"],"picked":"theScribe:MagicMissiles","floor":12}],"player_experience":101494,"relics_obtained":[{"floor":12,"key":"MawBank"}],"event_choices":[{"damage_healed":0,"gold_gain":0,"player_choice":"Take Damage","damage_taken":18,"relics_obtained":["Golden Idol"],"max_hp_gain":0,"max_hp_loss":0,"event_name":"Golden Idol","floor":2,"gold_loss":0},{"damage_healed":0,"gold_gain":0,"player_choice":"Gave Potion","damage_taken":0,"relics_obtained":["jedi:Pinwheel"],"max_hp_gain":0,"max_hp_loss":0,"event_name":"WeMeetAgain","floor":3,"gold_loss":0}],"is_beta":false,"boss_relics":[],"items_purged_floors":[5],"is_endless":false,"potions_floor_spawned":[1,7],"killed_by":"3 Sentries","ascension_level":0}}