{"host":"gc0hqzwg2gd3zszy","time":1608288619,"event":{"mods":["BaseMod","DeckTracker","Minty Spire (QoL Compilation)","Relic Stats","SuperFastMode"],"gold_per_floor":[116,116,133,48,59,89,89,100,126,137,287,305,333,333,333,408,408,421,421,421],"floor_reached":19,"playtime":719,"items_purged":[],"score":358,"play_id":"11aabe98-e316-42c4-ab82-b60f579930c5","local_time":"20201218195019","is_ascension_mode":true,"campfire_choices":[{"data":"True Grit","floor":7,"key":"SMITH"},{"floor":15,"key":"REST"}],"circlet_count":0,"master_deck":["AscendersBane","Bash","Headbutt+1","Pummel","Wild Strike","Whirlwind+1","True Grit+1","Double Tap","Armaments","Power Through","Doubt","Evolve","Pommel Strike","Fiend Fire","Burning Pact","Seeing Red","Reaper","Sword Boomerang","Clash","Intimidate","Searing Blow","Second Wind"],"relics":["SacredBark","Potion Belt","PreservedInsect","Whetstone","Pandora\u0027s Box"],"acts_visited":["Exordium","TheCity"],"potions_floor_usage":[6,7,8,10,10,16,16,16],"damage_taken":[{"damage":8,"enemies":"2 Louse","floor":1,"turns":3},{"damage":5,"enemies":"Small Slimes","floor":3,"turns":5},{"damage":0,"enemies":"Cultist","floor":5,"turns":3},{"damage":32,"enemies":"Gremlin Nob","floor":6,"turns":4},{"damage":16,"enemies":"Blue Slaver","floor":8,"turns":4},{"damage":0,"enemies":"Large Slime","floor":10,"turns":1},{"damage":0,"enemies":"3 Louse","floor":12,"turns":1},{"damage":25,"enemies":"3 Sentries","floor":13,"turns":8},{"damage":25,"enemies":"The Guardian","floor":16,"turns":11},{"damage":50,"enemies":"Chosen","floor":18,"turns":8},{"damage":14,"enemies":"3 Byrds","floor":19,"turns":2}],"seed_played":"1523203080753420226","potions_obtained":[{"floor":5,"key":"GamblersBrew"},{"floor":6,"key":"BloodPotion"},{"floor":8,"key":"EntropicBrew"},{"floor":13,"key":"BlessingOfTheForge"}],"is_trial":false,"path_per_floor":["M","?","M","$","M","E","R","M","T","M","?","M","E","?","R","B",null,"M","M"],"character_chosen":"IRONCLAD","items_purchased":["Whirlwind"],"campfire_rested":1,"item_purchase_floors":[4],"current_hp_per_floor":[60,60,55,55,55,23,53,37,37,37,37,37,12,5,27,2,57,13,0,0],"gold":421,"neow_bonus":"BOSS_RELIC","is_daily":false,"chose_seed":false,"campfire_upgraded":1,"win_rate":0.0,"timestamp":1608288619,"path_taken":["M","?","M","$","M","E","R","M","T","M","?","M","E","?","R","BOSS","M","M"],"items_purchased_type":["Card"],"build_version":"2020-12-13","purchased_purges":0,"victory":false,"max_hp_per_floor":[75,75,75,75,75,75,75,75,75,75,75,75,75,75,75,75,75,75,75,75],"relic_stats":{"counters":[11,50],"Pandora\u0027s Box":["Burning Pact","Seeing Red","Reaper","Sword Boomerang","Clash","Intimidate","Searing Blow"],"PreservedInsect":33,"Whetstone":["Headbutt","Whirlwind"],"obtain_stats":[{"Potion Belt":6,"SacredBark":0,"Pandora\u0027s Box":17,"PreservedInsect":9,"Whetstone":13,"Burning Blood":0},{"Potion Belt":4,"SacredBark":0,"Pandora\u0027s Box":9,"PreservedInsect":5,"Whetstone":8,"Burning Blood":0},{"Potion Belt":15,"SacredBark":0,"Pandora\u0027s Box":40,"PreservedInsect":19,"Whetstone":29,"Burning Blood":0}]},"card_choices":[{"not_picked":["True Grit","Clash"],"picked":"Headbutt","floor":1},{"not_picked":["Flex","Thunderclap"],"picked":"Wild Strike","floor":3},{"not_picked":["Wild Strike","Cleave"],"picked":"True Grit","floor":5},{"not_picked":["Whirlwind","Searing Blow"],"picked":"Double Tap","floor":6},{"not_picked":["Clothesline","Flex"],"picked":"Armaments","floor":8},{"not_picked":["Havoc","Bloodletting"],"picked":"Power Through","floor":10},{"not_picked":["Flex","Headbutt"],"picked":"Evolve","floor":12},{"not_picked":["Anger","Flame Barrier"],"picked":"Pommel Strike","floor":13},{"not_picked":["Exhume","Juggernaut"],"picked":"Fiend Fire","floor":16},{"not_picked":["Pommel Strike","Clash"],"picked":"Second Wind","floor":18}],"player_experience":1303211,"relics_obtained":[{"floor":6,"key":"Potion Belt"},{"floor":9,"key":"PreservedInsect"},{"floor":13,"key":"Whetstone"}],"event_choices":[{"damage_healed":0,"gold_gain":0,"cards_transformed":["Strike_R"],"player_choice":"Change","damage_taken":0,"max_hp_gain":0,"max_hp_loss":0,"event_name":"Living Wall","floor":2,"gold_loss":0,"cards_obtained":["Pummel"]},{"damage_healed":0,"gold_gain":150,"player_choice":"AGREE","damage_taken":0,"max_hp_gain":0,"max_hp_loss":0,"event_name":"Liars Game","floor":11,"gold_loss":0,"cards_obtained":["Doubt"]},{"cards_removed":["Strike_R"],"damage_healed":0,"gold_gain":0,"player_choice":"Card Removal","damage_taken":7,"max_hp_gain":0,"max_hp_loss":0,"event_name":"Golden Wing","floor":14,"gold_loss":0}],"is_beta":false,"boss_relics":[{"not_picked":["Philosopher\u0027s Stone","Snecko Eye"],"picked":"Pandora\u0027s Box"}],"items_purged_floors":[],"is_endless":false,"potions_floor_spawned":[5,6,8,13],"killed_by":"3 Byrds","ascension_level":20}}