{"host":"bp6b47iftb3mluh0","time":1608305380,"event":{"mods":["ATMod(阿瑾Mod)","Act Like it!","Alarm Clock","Aspiration","Astrologer","BaseMod","Bestiary","Better Third Choice","Better Vampires","Challenge The Spire","Colored Powertips","Conspire","Curses Come First","Dota2Spire","Downfall","Friendly Minions","Gensokyo","Hallownest","Hermit","Kiyohime（清姬）","Lobotomy","LobotomyExtend","Marisa（F雨　魔理沙）","Marked Mod","Minty Spire (QoL Compilation)","Quick Restart","Rare Cards Sparkle","Red Circlet Mod","Relic Stats","Remilia（蕾米莉亚）","Replay The Spire","Reworked Bosses","Ryuuou龙王","Shop Mod","Spicy Shops","StSLib","The Bug Knight","Uncapped","Waifu the Spire","Youmu（魂魄妖梦）","[地精首领爬塔]The Maniac","vexMod","【东方二次创作】八云紫mod","【遗物卡牌】REMEMod"],"gold_per_floor":[113,133,146,9,23,23,23,39,39,71,87,113,138,138,138,266,266,282,552,136,153,25,25,74,74,74],"floor_reached":25,"playtime":622,"items_purged":["Pride","Strike_R"],"score":238,"play_id":"986158b0-52a9-4465-8c40-5e61009f5615","local_time":"20201218232940","is_ascension_mode":false,"campfire_choices":[{"data":"AT_EmpoweredMortalDraw","floor":6.0,"key":"SMITH"},{"floor":15.0,"key":"DIG"},{"data":"Double Tap","floor":23,"key":"SMITH"}],"circlet_count":0,"master_deck":["Strike_R","Strike_R","Strike_R","Defend_R","Defend_R","Defend_R","Defend_R","Bash","Grand Finale","AT_EmpoweredMortalDraw+1","Whirlwind","Double Tap+1"],"relics":["Burning Blood","REME_ComplimentaryCards","AT_ATBox","Replay:M_StaffOfTheSnake","LetterFromLob","Dota2Spire:DrumOfEndurance","Mercury Hourglass","Vajra","AT_ChloranthyRing","Dota2Spire:BlackKingBar","Dota2Spire:HandOfMidas","MerchantsRug","TheAbacus","AT_ArchangelStaff","ClockworkSouvenir","AT_SilverBalance"],"acts_visited":["Exordium","TheCity"],"potions_floor_usage":[16,18],"damage_taken":[{"damage":0.0,"enemies":"Cultist","floor":1.0,"turns":2.0},{"damage":6.0,"enemies":"Jaw Worm","floor":2.0,"turns":3.0},{"damage":6.0,"enemies":"2 Louse","floor":3.0,"turns":2.0},{"damage":1.0,"enemies":"conspire:2 RoseBushes","floor":5.0,"turns":3.0},{"damage":10.0,"enemies":"Exordium Thugs","floor":8.0,"turns":2.0},{"damage":0.0,"enemies":"Gremlin Nob","floor":10.0,"turns":2.0},{"damage":0.0,"enemies":"Exordium Wildlife","floor":11.0,"turns":1.0},{"damage":4.0,"enemies":"Replay:BlueRogue","floor":13.0,"turns":2.0},{"damage":48,"enemies":"Hexaghost","floor":16,"turns":4},{"damage":12,"enemies":"Chosen","floor":18,"turns":2},{"damage":0,"enemies":"3 Byrds","floor":21,"turns":2},{"damage":23,"enemies":"Snake Plant","floor":24,"turns":3},{"damage":21,"enemies":"REME_1_Revenger","floor":25,"turns":3}],"seed_played":"-5434828482491243286","potions_obtained":[{"floor":3.0,"key":"Strength Potion"},{"floor":5.0,"key":"GamblersBrew"},{"floor":8.0,"key":"Fire Potion"}],"is_trial":false,"path_per_floor":["M","M","M","$","M","R","?","M","T","E","M","T","E","T","R","B",null,"M","?","$","M","$","R","M","E"],"character_chosen":"IRONCLAD","items_purchased":["Dota2Spire:DrumOfEndurance","MerchantsRug","TheAbacus","AT_ArchangelStaff","ClockworkSouvenir","AT_SilverBalance"],"campfire_rested":0,"item_purchase_floors":[4,20,20,20,20,22],"current_hp_per_floor":[80,80,80,80,80,80,80,76,76,80,80,80,80,80,80,38,80,74,47,47,53,53,53,23,19,19],"gold":74,"neow_bonus":"NOSTALGIA","is_daily":false,"chose_seed":false,"campfire_upgraded":2,"win_rate":0.0,"timestamp":1608305380,"path_taken":["M","M","M","$","?","R","?","M","T","E","M","?","E","?","R","BOSS","M","?","$","M","$","R","M","E"],"items_purchased_type":["Relic","Relic","Relic","Relic","Relic","Relic"],"build_version":"2020-12-13","purchased_purges":2,"victory":false,"max_hp_per_floor":[80,80,80,80,80,80,80,80,80,80,80,80,80,80,80,80,80,80,80,80,80,80,80,80,80,80],"relic_stats":{"TheAbacus":[18],"counters":[13,31],"obtain_stats":[{"AT_ChloranthyRing":13,"Dota2Spire:HandOfMidas":15,"MerchantsRug":20,"vexMod:MemoryStick":10,"AT_ATBox":0,"Replay:M_StaffOfTheSnake":0,"Dota2Spire:BlackKingBar":14,"aspiration:Nostalgia":0,"SacredBark":17,"Vajra":12,"Dota2Spire:DrumOfEndurance":4,"AT_SilverBalance":22,"AT_ArchangelStaff":20,"Burning Blood":0,"Mercury Hourglass":9,"ClockworkSouvenir":20,"TheAbacus":20,"LetterFromLob":1,"REME_ComplimentaryCards":0},{"AT_ChloranthyRing":8,"Dota2Spire:HandOfMidas":8,"MerchantsRug":10,"vexMod:MemoryStick":6,"AT_ATBox":0,"Replay:M_StaffOfTheSnake":0,"Dota2Spire:BlackKingBar":8,"aspiration:Nostalgia":0,"SacredBark":9,"Vajra":7,"Dota2Spire:DrumOfEndurance":3,"AT_SilverBalance":11,"AT_ArchangelStaff":10,"Burning Blood":0,"Mercury Hourglass":5,"ClockworkSouvenir":10,"TheAbacus":10,"LetterFromLob":1,"REME_ComplimentaryCards":0},{"AT_ChloranthyRing":17,"Dota2Spire:HandOfMidas":17,"MerchantsRug":23,"vexMod:MemoryStick":14,"AT_ATBox":0,"Replay:M_StaffOfTheSnake":0,"Dota2Spire:BlackKingBar":17,"aspiration:Nostalgia":0,"SacredBark":21,"Vajra":15,"Dota2Spire:DrumOfEndurance":7,"AT_SilverBalance":25,"AT_ArchangelStaff":23,"Burning Blood":0,"Mercury Hourglass":12,"ClockworkSouvenir":23,"TheAbacus":23,"LetterFromLob":2,"REME_ComplimentaryCards":0}],"Burning Blood":51,"Mercury Hourglass":[69]},"card_choices":[{"not_picked":["Thunderclap","ReplayTheSpireMod:Strike From Hell"],"picked":"Whirlwind","floor":1.0},{"not_picked":["Pommel Strike","Uppercut","Wild Strike"],"picked":"SKIP","floor":2.0},{"not_picked":["ThirdEye","ClearTheMind","ReplayTheSpireMod:Strike From Hell"],"picked":"SKIP","floor":3.0},{"not_picked":["CutThroughFate","Sword Boomerang","Nirvana"],"picked":"SKIP","floor":5.0},{"not_picked":["Cleave","Reaper","ReplayTheSpireMod:Strike From Hell"],"picked":"SKIP","floor":8.0},{"not_picked":["Vengeance","Havoc","Second Wind"],"picked":"SKIP","floor":10.0},{"not_picked":["Iron Wave","Pummel","REME_SingleHolding"],"picked":"SKIP","floor":11.0},{"not_picked":["Flame Barrier","Bullet Time","Wild Strike"],"picked":"SKIP","floor":13.0},{"not_picked":["Eclipse","Die Die Die"],"picked":"Double Tap","floor":16},{"not_picked":["Flex","Clothesline+1","Blood for Blood"],"picked":"SKIP","floor":18},{"not_picked":["Replay:Undeath\u0027s Touch","REME_Cut","AT_GerminateFire"],"picked":"SKIP","floor":21},{"not_picked":["Entrench","Clash","AT_CaressingTears"],"picked":"SKIP","floor":24}],"player_experience":193724,"relics_obtained":[{"floor":1.0,"key":"LetterFromLob"},{"floor":9.0,"key":"Mercury Hourglass"},{"floor":10.0,"key":"vexMod:MemoryStick"},{"floor":12.0,"key":"Vajra"},{"floor":13.0,"key":"AT_ChloranthyRing"},{"floor":14.0,"key":"Dota2Spire:BlackKingBar"},{"floor":15.0,"key":"Dota2Spire:HandOfMidas"}],"event_choices":[{"damage_healed":0,"gold_gain":270,"player_choice":"GOLD GOLD GOLD ","damage_taken":27,"max_hp_gain":0,"max_hp_loss":0,"event_name":"Knowing Skull","floor":19,"potions_obtained":[],"gold_loss":0,"cards_obtained":[]}],"is_beta":false,"boss_relics":[{"not_picked":["Painkiller Herb","vexMod:FluxCapacitor"],"picked":"SacredBark"}],"items_purged_floors":[4,20],"is_endless":false,"potions_floor_spawned":[3,5,8,13],"killed_by":"REME_1_Revenger","ascension_level":0}}