{"host":"o5jvvi5yapo90aia","time":1608283886,"event":{"mods":["BaseMod","CapriCore","Minty Spire (QoL Compilation)","MostiFishMod","Prisma Mod","Spicy Shops","StSLib","TestMod","The Immortal","【东方二次创作】八云紫mod","【人物mod】游戏王New YuGiOh mod","【功能Mod】Neow奖励"],"gold_per_floor":[121,121,46,46,117,147,147,178,178,178,204,233,275,299,299,384,384,407,332,332,371,392,428,428,458,458,490,490,62,62,104,104,191,191,206,206],"floor_reached":35,"playtime":667,"items_purged":["Strike_R","Defend_R+1"],"score":1072,"play_id":"fa51e514-69cc-4746-84a4-5b57dea3bb92","local_time":"20201218173126","is_ascension_mode":true,"campfire_choices":[{"data":"Strike_R","floor":7.0,"key":"PURGE"},{"data":"Strike_R","floor":10.0,"key":"PURGE"},{"data":"Strike_R+1","floor":15.0,"key":"PURGE"},{"data":"Defend_R","floor":24,"key":"PURGE"},{"data":"Defend_R","floor":28,"key":"PURGE"},{"data":"Searing Blow+10","floor":32,"key":"SMITH"}],"circlet_count":0,"master_deck":["AscendersBane","Bash+1","Sword Boomerang+1","Flame Barrier","Searing Blow+12","Feel No Pain","MostiFishMod:CullingBlade","MostiFishMod:DarkDeal+1"],"relics":["DaveBox","testmod-TestBox","testmod-StringDisintegrator","Brimstone","testmod-BloodSacrificeSpiritualization","Question Card","Gremlin Horn","Centennial Puzzle","Turnip","testmod-HeartOfDaVinci","ImportantClient","testmod-EnergyCheck","Red Mask","Art of War","SynthV:C4","Toxic Egg 2","Medical Kit","Self Forming Clay","OneHitWonderSystem"],"acts_visited":["Exordium","TheCity","TheBeyond"],"potions_floor_usage":[33],"damage_taken":[{"damage":7.0,"enemies":"Cultist","floor":1.0,"turns":2.0},{"damage":14.0,"enemies":"Lagavulin","floor":6.0,"turns":3.0},{"damage":7.0,"enemies":"Gremlin Nob","floor":8.0,"turns":2.0},{"damage":7.0,"enemies":"Small Slimes","floor":11.0,"turns":1.0},{"damage":7.0,"enemies":"Jaw Worm","floor":12.0,"turns":1.0},{"damage":7.0,"enemies":"3 Sentries","floor":13.0,"turns":4.0},{"damage":7.0,"enemies":"Exordium Thugs","floor":14.0,"turns":1.0},{"damage":23.0,"enemies":"Hexaghost","floor":16.0,"turns":7.0},{"damage":14.0,"enemies":"Shell Parasite","floor":18.0,"turns":2.0},{"damage":7,"enemies":"Masked Bandits","floor":21,"turns":1},{"damage":7,"enemies":"Spheric Guardian","floor":22,"turns":1},{"damage":7,"enemies":"Book of Stabbing","floor":23,"turns":2},{"damage":7,"enemies":"Chosen and Byrds","floor":25,"turns":2},{"damage":7,"enemies":"Centurion and Healer","floor":27,"turns":2},{"damage":7,"enemies":"Gremlin Leader","floor":31,"turns":1},{"damage":8,"enemies":"Champ","floor":33,"turns":3},{"damage":1,"enemies":"3 Shapes","floor":35,"turns":1}],"seed_played":"-3070774169276835676","potions_obtained":[{"floor":6.0,"key":"Energy Potion"},{"floor":8.0,"key":"AttackPotion"},{"floor":18.0,"key":"Energy Potion"},{"floor":33,"key":"Dexterity Potion"}],"is_trial":false,"path_per_floor":["M","?","$","?","T","E","R","E","T","R","M","M","E","M","R","B",null,"M","?","?","?","M","E","R","M","T","M","R","$","?","E","R","B",null,"M"],"character_chosen":"IRONCLAD","items_purchased":["Toxic Egg 2","Medical Kit"],"campfire_rested":0,"item_purchase_floors":[29,29],"current_hp_per_floor":[63,63,63,63,63,51,51,46,46,46,41,36,31,26,26,5,58,46,46,61,56,51,46,46,43,43,40,40,40,40,37,37,33,1,0,0],"gold":206,"neow_bonus":"BOSS_RELIC","is_daily":false,"chose_seed":false,"campfire_upgraded":1,"win_rate":0.0,"timestamp":1608283886,"path_taken":["M","?","$","?","?","E","R","E","T","R","M","M","E","?","R","BOSS","M","?","?","?","M","E","R","M","T","M","R","$","?","E","R","BOSS","M"],"items_purchased_type":["Relic","Relic"],"build_version":"2020-12-13","purchased_purges":2,"victory":false,"max_hp_per_floor":[75,75,75,75,75,75,75,75,75,75,75,75,75,75,75,75,75,75,75,75,75,75,75,75,75,75,75,75,75,75,75,75,75,1,1,1],"card_choices":[{"not_picked":["Clash","Flame Barrier","Twin Strike"],"picked":"SKIP","floor":1.0},{"not_picked":["Anger","True Grit","Iron Wave"],"picked":"Sword Boomerang","floor":2.0},{"not_picked":["Dropkick","Clash","Clothesline","Inflame"],"picked":"SKIP","floor":6.0},{"not_picked":["Fiend Fire","Sword Boomerang","Entrench","Bloodletting"],"picked":"SKIP","floor":8.0},{"not_picked":["Warcry","Heavy Blade","Entrench","Spot Weakness"],"picked":"SKIP","floor":11.0},{"not_picked":["Pommel Strike","Clothesline","Flame Barrier"],"picked":"Searing Blow","floor":12.0},{"not_picked":["Entrench","Headbutt","MostiFishMod:NewArrival"],"picked":"Feel No Pain","floor":13.0},{"not_picked":["Clash","Body Slam","Perfected Strike","Heavy Blade"],"picked":"SKIP","floor":14.0},{"not_picked":["MostiFishMod:OrdinaryWorld","Reaper","Bludgeon"],"picked":"MostiFishMod:CullingBlade","floor":16.0},{"not_picked":["Clash","Bloodletting","Anger","Clothesline"],"picked":"SKIP","floor":18.0},{"not_picked":["Heavy Blade","Anger+1","Twin Strike","Wild Strike"],"picked":"SKIP","floor":22},{"not_picked":["Iron Wave","Spot Weakness+1","Sword Boomerang","MostiFishMod:UniRed"],"picked":"SKIP","floor":23},{"not_picked":["Inflame+1","Heavy Blade","Rupture","Sword Boomerang"],"picked":"SKIP","floor":25},{"not_picked":["Headbutt","Combust","Warcry","Twin Strike"],"picked":"SKIP","floor":27},{"not_picked":["Fire Breathing","Metallicize","Flex+1","Combust"],"picked":"SKIP","floor":31},{"not_picked":["MostiFishMod:WingOfPhoenix","MostiFishMod:RacingGame+1","Fiend Fire"],"picked":"MostiFishMod:DarkDeal+1","floor":33}],"player_experience":1315553,"relics_obtained":[{"floor":1.0,"key":"Question Card"},{"floor":5.0,"key":"Gremlin Horn"},{"floor":6.0,"key":"Centennial Puzzle"},{"floor":8.0,"key":"Turnip"},{"floor":13.0,"key":"testmod-HeartOfDaVinci"},{"floor":16.0,"key":"ImportantClient"},{"floor":21,"key":"Red Mask"},{"floor":23,"key":"Art of War"},{"floor":26,"key":"SynthV:C4"},{"floor":31,"key":"Self Forming Clay"}],"event_choices":[{"damage_healed":0.0,"max_hp_gain":0.0,"max_hp_loss":0.0,"gold_gain":0.0,"event_name":"给自己的盒子","player_choice":"Swap Relic","floor":2.0,"relics_lost":["Orrery"],"gold_loss":0.0,"damage_taken":0.0,"relics_obtained":["Orrery"]},{"damage_healed":0.0,"max_hp_gain":0.0,"max_hp_loss":0.0,"gold_gain":0.0,"cards_transformed":["Strike_R"],"event_name":"Living Wall","player_choice":"Change","floor":4.0,"gold_loss":0.0,"damage_taken":0.0,"cards_obtained":["Flame Barrier"]},{"cards_removed":["Defend_R"],"damage_healed":0.0,"max_hp_gain":0.0,"max_hp_loss":0.0,"gold_gain":0.0,"event_name":"Beggar","player_choice":"Gave Gold","floor":19.0,"gold_loss":75.0,"damage_taken":0.0},{"damage_healed":15,"gold_gain":0,"player_choice":"Heal","damage_taken":0,"max_hp_gain":0,"max_hp_loss":0,"event_name":"The Library","floor":20,"gold_loss":0},{"damage_healed":0,"gold_gain":0,"player_choice":"Fought Bandits","damage_taken":0,"max_hp_gain":0,"max_hp_loss":0,"event_name":"Masked Bandits","floor":21,"gold_loss":0},{"damage_healed":0,"gold_gain":0,"player_choice":"Ignored","damage_taken":0,"max_hp_gain":0,"max_hp_loss":0,"event_name":"Vampires","floor":30,"gold_loss":0}],"is_beta":false,"boss_relics":[{"not_picked":["Pandora\u0027s Box","testmod-IncinerationGenerator"],"picked":"testmod-EnergyCheck"},{"not_picked":["NightmareShop","Inserter"],"picked":"OneHitWonderSystem"}],"items_purged_floors":[3,29],"is_endless":false,"potions_floor_spawned":[6,8,11,13,18,23,25,31,33],"killed_by":"3 Shapes","ascension_level":20}}