{"host":"o0q01dgb4z8zpo6o","time":1608275873,"event":{"mods":["BaseMod","GifTheSpireLib","Minty Spire (QoL Compilation)","Relic Stats","StSLib"],"gold_per_floor":[117,130,130,130,130,130,174,197,197,211,23,73,91,427,427,427,427],"floor_reached":16,"playtime":531,"items_purged":[],"score":236,"play_id":"9c43097b-46b5-46dc-ada0-8e3d44114ef3","local_time":"20201217231753","is_ascension_mode":true,"campfire_choices":[{"floor":6,"key":"REST"},{"data":"Defragment","floor":15,"key":"SMITH"}],"circlet_count":0,"master_deck":["AscendersBane","Strike_B","Strike_B","Strike_B","Strike_B","Defend_B","Defend_B","Defend_B","Defend_B+1","Zap","Dualcast","Sweeping Beam+1","Glacier","Genetic Algorithm","Recycle","Defragment+1","Self Repair","Genetic Algorithm"],"relics":["Cracked Core","NeowsBlessing","Golden Idol","StrikeDummy","TungstenRod","InkBottle","Happy Flower","Old Coin"],"acts_visited":["Exordium"],"potions_floor_usage":[16,16],"damage_taken":[{"damage":0,"enemies":"2 Louse","floor":1,"turns":1},{"damage":0,"enemies":"Small Slimes","floor":2,"turns":1},{"damage":0,"enemies":"Gremlin Nob","floor":7,"turns":1},{"damage":0,"enemies":"Cultist","floor":8,"turns":4},{"damage":1,"enemies":"3 Louse","floor":10,"turns":5},{"damage":0,"enemies":"Large Slime","floor":13,"turns":4},{"damage":11,"enemies":"3 Sentries","floor":14,"turns":9},{"damage":27,"enemies":"The Guardian","floor":16,"turns":12}],"seed_played":"-5841227352539048714","potions_obtained":[{"floor":1,"key":"FearPotion"},{"floor":10,"key":"PowerPotion"},{"floor":14,"key":"DistilledChaos"}],"is_trial":false,"path_per_floor":["M","M","?","?","?","R","E","M","T","M","$","?","M","E","R","B"],"character_chosen":"DEFECT","items_purchased":["Defragment","Happy Flower"],"campfire_rested":1,"item_purchase_floors":[11,11],"current_hp_per_floor":[64,64,64,29,10,29,29,29,29,28,28,28,28,24,24,0,0],"gold":427,"neow_bonus":"THREE_ENEMY_KILL","is_daily":false,"chose_seed":false,"campfire_upgraded":1,"win_rate":0.0,"timestamp":1608275873,"path_taken":["M","M","?","?","?","R","E","M","T","M","$","?","?","E","R","BOSS"],"items_purchased_type":["Card","Relic"],"build_version":"2020-12-13","purchased_purges":0,"victory":false,"max_hp_per_floor":[71,71,64,64,64,64,64,64,64,64,64,64,64,64,64,64,64],"relic_stats":{"Happy Flower":[8],"counters":[8,37],"Golden Idol":28,"obtain_stats":[{"NeowsBlessing":0,"Happy Flower":11,"Golden Idol":3,"Cracked Core":0,"StrikeDummy":4,"TungstenRod":7,"InkBottle":9,"Old Coin":14},{"NeowsBlessing":0,"Happy Flower":5,"Golden Idol":2,"Cracked Core":0,"StrikeDummy":2,"TungstenRod":3,"InkBottle":4,"Old Coin":7},{"NeowsBlessing":0,"Happy Flower":12,"Golden Idol":2,"Cracked Core":0,"StrikeDummy":2,"TungstenRod":3,"InkBottle":7,"Old Coin":25}],"TungstenRod":7,"InkBottle":[8]},"card_choices":[{"not_picked":["Double Energy","Cold Snap"],"picked":"Sweeping Beam","floor":1},{"not_picked":["Reinforced Body","Gash"],"picked":"Glacier","floor":2},{"not_picked":["Chaos","Rebound"],"picked":"Genetic Algorithm","floor":7},{"not_picked":["Turbo","Chill"],"picked":"Recycle","floor":8},{"not_picked":["Redo","Stack","Go for the Eyes"],"picked":"SKIP","floor":10},{"not_picked":["Storm","Beam Cell"],"picked":"Self Repair","floor":13},{"not_picked":["Streamline","Rebound"],"picked":"Genetic Algorithm","floor":14}],"player_experience":1007818,"relics_obtained":[{"floor":7,"key":"TungstenRod"},{"floor":9,"key":"InkBottle"},{"floor":14,"key":"Old Coin"}],"event_choices":[{"damage_healed":0,"gold_gain":0,"player_choice":"Lose Max HP","damage_taken":0,"relics_obtained":["Golden Idol"],"max_hp_gain":0,"max_hp_loss":7,"event_name":"Golden Idol","floor":3,"gold_loss":0},{"damage_healed":0,"gold_gain":0,"player_choice":"Success","damage_taken":35,"relics_obtained":["StrikeDummy"],"max_hp_gain":0,"max_hp_loss":0,"event_name":"Scrap Ooze","floor":4,"gold_loss":0},{"damage_healed":0,"gold_gain":0,"player_choice":"Entered Light","damage_taken":19,"max_hp_gain":0,"max_hp_loss":0,"event_name":"Shining Light","floor":5,"gold_loss":0,"cards_upgraded":["Defend_B","Sweeping Beam"]},{"damage_healed":0,"gold_gain":50,"player_choice":"Pray","damage_taken":0,"max_hp_gain":0,"max_hp_loss":0,"event_name":"Golden Shrine","floor":12,"gold_loss":0}],"is_beta":false,"boss_relics":[],"items_purged_floors":[],"is_endless":false,"potions_floor_spawned":[1,10,14],"killed_by":"The Guardian","ascension_level":15}}