{"host":"e4wnmsyty9uvvtwf","time":1608276392,"event":{"mods":["Aspiration","BaseMod","Colored Map","Colored Powertips","Marisa£®ÏF”Í°°ƒß¿Ì…≥£©","Minty Spire (QoL Compilation)","Rare Cards Sparkle","Replay The Spire","StSLib"],"gold_per_floor":[117,117,117,133,98,130,130,161,161,161,173,173,30,44,44,141,141,141,141],"floor_reached":18,"playtime":535,"items_purged":[],"score":269,"play_id":"f02238d9-b519-4ba0-9b5e-fbfd6e52080c","local_time":"20201218152632","is_ascension_mode":true,"campfire_choices":[{"data":"BasicCrystalCard","floor":7,"key":"SMITH"},{"floor":10,"key":"REST"},{"data":"Crystallizer","floor":12,"key":"SMITH"},{"data":"Zap","floor":15,"key":"SMITH"}],"circlet_count":0,"master_deck":["AscendersBane","Strike_B","Strike_B","Strike_B","Strike_B","Defend_B","Defend_B","Defend_B","Defend_B","Zap+1","Dualcast","BasicCrystalCard+1","Steam","Hello World","Turbo","Seek","Crystallizer+1","BasicCrystalCard","ReplayRNGCard"],"relics":["Cracked Core","aspiration:Nostalgia","Replay:M_StaffOfTheSnake","Regal Pillow","Replay:Bottled Snecko","Vajra","Runic Capacitor","aspiration:Stellarator"],"acts_visited":["Exordium","TheCity"],"potions_floor_usage":[6],"damage_taken":[{"damage":2,"enemies":"2 Louse","floor":1,"turns":3},{"damage":5,"enemies":"Cultist","floor":4,"turns":4},{"damage":25,"enemies":"3 Sentries","floor":6,"turns":8},{"damage":30,"enemies":"Lagavulin","floor":8,"turns":5},{"damage":0,"enemies":"Small Slimes","floor":11,"turns":3},{"damage":8,"enemies":"Blue Slaver","floor":14,"turns":4},{"damage":26,"enemies":"The Guardian","floor":16,"turns":9},{"damage":61,"enemies":"3 Byrds","floor":18,"turns":5}],"seed_played":"-3536359949151239148","potions_obtained":[{"floor":4,"key":"LifebloodPotion"},{"floor":6,"key":"Ancient Potion"}],"is_trial":false,"path_per_floor":["M","$","?","M","$","E","R","E","T","R","M","R","$","M","R","B",null,"M"],"character_chosen":"DEFECT","items_purchased":["Hello World","Runic Capacitor"],"campfire_rested":1,"item_purchase_floors":[5,13],"current_hp_per_floor":[66,66,66,61,61,36,36,6,6,43,43,43,43,35,35,9,59,0,0],"gold":141,"neow_bonus":"NOSTALGIA","is_daily":false,"chose_seed":false,"campfire_upgraded":3,"win_rate":0.0,"timestamp":1608276392,"path_taken":["M","$","?","M","?","E","R","E","T","R","M","R","$","M","R","BOSS","M"],"items_purchased_type":["Card","Relic"],"build_version":"2020-12-13","purchased_purges":0,"victory":false,"max_hp_per_floor":[75,75,75,75,75,75,75,75,75,75,75,75,75,75,75,75,75,75,75],"card_choices":[{"not_picked":["Cold Snap","Genetic Algorithm"],"picked":"BasicCrystalCard","floor":1},{"not_picked":["Double Energy","Leap"],"picked":"Steam","floor":4},{"not_picked":["Acrobatics","SashWhip"],"picked":"Turbo","floor":6},{"not_picked":["Lockon","Crescendo"],"picked":"Seek","floor":8},{"not_picked":["Stack","JustLucky"],"picked":"Crystallizer","floor":11},{"not_picked":["Acrobatics","Flying Knee"],"picked":"BasicCrystalCard","floor":14},{"not_picked":["Hyperbeam","Phantasmal Killer"],"picked":"ReplayRNGCard","floor":16}],"player_experience":625303,"relics_obtained":[{"floor":6,"key":"Regal Pillow"},{"floor":8,"key":"Replay:Bottled Snecko"},{"floor":9,"key":"Vajra"}],"event_choices":[{"damage_healed":0,"gold_gain":0,"player_choice":"Bought 0 Potions","damage_taken":0,"max_hp_gain":0,"max_hp_loss":0,"event_name":"The Woman in Blue","floor":3,"gold_loss":0}],"is_beta":false,"boss_relics":[{"not_picked":["Tiny House","Replay:Wanted Poster"],"picked":"aspiration:Stellarator"}],"items_purged_floors":[],"is_endless":false,"potions_floor_spawned":[4,6],"killed_by":"3 Byrds","ascension_level":12}}