{"host":"szp1d6dso4pv7ddl","time":1608275269,"event":{"mods":["AchievementEnabler","Alarm Clock","BaseMod","Bestiary","Block Reminder","Colored Map","Colored Powertips","Curses Come First","Displayed Cursed Tome","Highlight Path","Minty Spire (QoL Compilation)","Permanent Neow","Quick Restart","Relic Stats","StSLib"],"gold_per_floor":[13,29,29,29,42,42,69,69,94,110,130,130,170,203,203,203,203],"floor_reached":16,"playtime":678,"items_purged":[],"score":145,"play_id":"b0a76b55-6b71-4e1a-80db-2b0311792416","local_time":"20201217230749","is_ascension_mode":true,"campfire_choices":[{"floor":6,"key":"REST"},{"data":"LikeWater","floor":12,"key":"SMITH"},{"floor":15,"key":"REST"}],"circlet_count":0,"master_deck":["Strike_P+1","Strike_P","Strike_P","Strike_P","Defend_P","Defend_P","Defend_P","Defend_P","Eruption+1","Vigilance","LikeWater+1","PathToVictory","FearNoEvil"],"relics":["PureWater","Mango","Golden Idol","Orichalcum","Omamori","Meat on the Bone","Odd Mushroom"],"acts_visited":["Exordium"],"potions_floor_usage":[8,13,13],"damage_taken":[{"damage":24,"enemies":"Jaw Worm","floor":1,"turns":2},{"damage":0,"enemies":"Small Slimes","floor":2,"turns":2},{"damage":0,"enemies":"Cultist","floor":5,"turns":3},{"damage":0,"enemies":"3 Louse","floor":10,"turns":3},{"damage":5,"enemies":"Exordium Thugs","floor":11,"turns":5},{"damage":10,"enemies":"3 Sentries","floor":13,"turns":13},{"damage":23,"enemies":"The Mushroom Lair","floor":14,"turns":7},{"damage":57,"enemies":"Hexaghost","floor":16,"turns":11}],"seed_played":"3771398585301587355","potions_obtained":[{"floor":1,"key":"BottledMiracle"},{"floor":8,"key":"Fruit Juice"},{"floor":8,"key":"Explosive Potion"},{"floor":8,"key":"Fire Potion"},{"floor":13,"key":"Energy Potion"},{"floor":14,"key":"EntropicBrew"}],"is_trial":false,"path_per_floor":["M","M","?","?","M","R","T","?","T","M","M","R","E","?","R","B"],"character_chosen":"WATCHER","items_purchased":[],"campfire_rested":2,"item_purchase_floors":[],"current_hp_per_floor":[62,62,41,24,24,49,49,54,54,54,49,49,39,28,55,0,0],"gold":203,"neow_bonus":"ONE_RARE_RELIC","is_daily":false,"chose_seed":false,"campfire_upgraded":1,"win_rate":0.0,"timestamp":1608275269,"path_taken":["M","M","?","?","M","R","?","?","T","M","?","R","E","?","R","BOSS"],"items_purchased_type":[],"build_version":"2020-12-13","purchased_purges":0,"victory":false,"max_hp_per_floor":[86,86,86,86,86,86,86,91,91,91,91,91,91,91,91,91,91],"relic_stats":{"counters":[8,46],"Golden Idol":25,"Orichalcum":[66],"obtain_stats":[{"Golden Idol":3,"Mango":0,"Omamori":9,"PureWater":0,"Orichalcum":7,"Odd Mushroom":14,"Meat on the Bone":13},{"Golden Idol":2,"Mango":0,"Omamori":3,"PureWater":0,"Orichalcum":3,"Odd Mushroom":7,"Meat on the Bone":6},{"Golden Idol":4,"Mango":0,"Omamori":7,"PureWater":0,"Orichalcum":7,"Odd Mushroom":35,"Meat on the Bone":28}],"Meat on the Bone":12},"card_choices":[{"not_picked":["BowlingBash","FlurryOfBlows"],"picked":"LikeWater","floor":1},{"not_picked":["Perseverance","Prostrate"],"picked":"PathToVictory","floor":2},{"not_picked":["BowlingBash","WheelKick","WindmillStrike"],"picked":"SKIP","floor":5},{"not_picked":["Vengeance","Evaluate","BowlingBash"],"picked":"SKIP","floor":10},{"not_picked":["Protect","ThirdEye","SignatureMove"],"picked":"SKIP","floor":11},{"not_picked":["Pray","Prostrate","SashWhip"],"picked":"SKIP","floor":13},{"not_picked":["Perseverance","JustLucky"],"picked":"FearNoEvil","floor":14}],"player_experience":974688,"relics_obtained":[{"floor":7,"key":"Orichalcum"},{"floor":9,"key":"Omamori"},{"floor":13,"key":"Meat on the Bone"},{"floor":14,"key":"Odd Mushroom"}],"event_choices":[{"damage_healed":0,"gold_gain":0,"player_choice":"Take Damage","damage_taken":21,"relics_obtained":["Golden Idol"],"max_hp_gain":0,"max_hp_loss":0,"event_name":"Golden Idol","floor":3,"gold_loss":0},{"damage_healed":0,"gold_gain":0,"player_choice":"Entered Light","damage_taken":17,"max_hp_gain":0,"max_hp_loss":0,"event_name":"Shining Light","floor":4,"gold_loss":0,"cards_upgraded":["Eruption","Strike_P"]},{"damage_healed":0,"gold_gain":0,"player_choice":"Got Potions","damage_taken":0,"max_hp_gain":0,"max_hp_loss":0,"event_name":"Lab","floor":8,"gold_loss":0},{"damage_healed":0,"gold_gain":0,"player_choice":"Fought Mushrooms","damage_taken":0,"max_hp_gain":0,"max_hp_loss":0,"event_name":"Mushrooms","floor":14,"gold_loss":0}],"is_beta":false,"boss_relics":[],"items_purged_floors":[],"is_endless":false,"potions_floor_spawned":[1,10,13,14],"killed_by":"Hexaghost","ascension_level":4}}