{"host":"yhemb00fn7g5zwp1","time":1608275738,"event":{"mods":["AchievementEnabler","Act Like it!","BaseMod","CapriCore","Gensokyo","Hallownest","Highlight Path","KinomotoSakuraMod(Ä¾Ö®±¾Ó£)","Koishi","KomeijiMod","Marisa£¨ìFÓê¡¡Ä§ÀíÉ³£©","Minty Spire (QoL Compilation)","MostiFishMod","Pale of the Ancients","Prisma Mod","Reimu£¨²©ÀöÁéÃÎ£©","Remilia£¨ÀÙÃ×ÀòÑÇ£©","StSLib","Td1madao Mod","The Hayseed","The Servant 0.9.4","Youmu£¨»êÆÇÑýÃÎ£©","Yuyuko","¡¾¶«·½¶þ´Î´´×÷¡¿°ËÔÆ×Ïmod","¡¾ÒÅÎï¿¨ÅÆ¡¿REMEMod"],"gold_per_floor":[116,116,116,116,41,41,75,89,138,138,157,178,197,218,218,317,317,317,317,317],"floor_reached":19,"playtime":987,"items_purged":["Injury"],"score":363,"play_id":"17693e4c-3ee9-46ff-ab61-a4bcb354eda0","local_time":"20201218151538","is_ascension_mode":true,"campfire_choices":[{"data":"RidiculousThoughts","floor":6,"key":"SMITH"},{"data":"MostiFishMod:FlyOverUtopia","floor":15,"key":"SMITH"}],"circlet_count":0,"master_deck":["AscendersBane","Strike_R","Strike_R","Defend_R","Defend_R","Defend_R","Defend_R","Bash","True Grit+1","MostiFishMod:WingOfPhoenix+1","Headbutt","RidiculousThoughts+1","Warcry","Wild Strike","Jack Of All Trades","REME_Scribble","True Grit","MostiFishMod:FlyOverUtopia+1","Havoc","Infernal Blade","Disarm","Exhume","Intimidate"],"relics":["Burning Blood","REME_ComplimentaryCards","DaveBox","DiscerningMonocle","Question Card","Paper Frog","Golden Idol","Pocketwatch","Technique","Meat on the Bone","ImprovedEquipment","Oddly Smooth Stone","ImportantClient","Ectoplasm"],"acts_visited":["Exordium","TheCity"],"potions_floor_usage":[7,12,16],"damage_taken":[{"damage":17,"enemies":"Cultist","floor":1,"turns":4},{"damage":41,"enemies":"Lagavulin","floor":7,"turns":7},{"damage":5,"enemies":"Jaw Worm","floor":8,"turns":4},{"damage":9,"enemies":"2 Louse","floor":11,"turns":3},{"damage":32,"enemies":"Large Slime","floor":12,"turns":6},{"damage":19,"enemies":"3 Louse","floor":13,"turns":6},{"damage":14,"enemies":"2 Fungi Beasts","floor":14,"turns":4},{"damage":29,"enemies":"Slime Boss","floor":16,"turns":10},{"damage":56,"enemies":"Spheric Guardian","floor":18,"turns":6},{"damage":49,"enemies":"Masked Bandits","floor":19,"turns":3}],"seed_played":"-8700859142191001441","potions_obtained":[{"floor":8,"key":"SkillPotion"},{"floor":11,"key":"GamblersBrew"},{"floor":13,"key":"ElixirPotion"}],"is_trial":false,"path_per_floor":["M","T","?","$","?","R","E","M","T","?","M","M","M","M","R","B",null,"M","?"],"character_chosen":"IRONCLAD","items_purchased":["RidiculousThoughts","Pocketwatch","Technique","Meat on the Bone","Warcry","Wild Strike","Jack Of All Trades","Ancient Potion"],"campfire_rested":0,"item_purchase_floors":[4,4,4,4,4,4,4,4],"current_hp_per_floor":[57,57,57,57,57,57,34,49,49,49,48,37,38,45,45,40,78,46,0,0],"gold":317,"neow_bonus":"TRANSFORM_CARD","is_daily":false,"chose_seed":false,"campfire_upgraded":2,"win_rate":0.0,"timestamp":1608275738,"path_taken":["M","?","?","$","?","R","E","M","T","?","M","M","M","M","R","BOSS","M","?"],"items_purchased_type":["Card","Relic","Relic","Relic","Card","Card","Card","Potion"],"build_version":"2020-12-13","purchased_purges":1,"victory":false,"max_hp_per_floor":[75,75,75,75,75,75,75,77,77,77,79,82,84,87,87,90,90,96,99,99],"card_choices":[{"not_picked":["True Grit","REME_SingleHolding"],"picked":"Headbutt","floor":1},{"not_picked":["Anger","Combust","Sword Boomerang"],"picked":"REME_Scribble","floor":7},{"not_picked":["Anger","Shrug It Off","Twin Strike"],"picked":"True Grit","floor":8},{"not_picked":["Ghostly Armor","Iron Wave","Heavy Blade"],"picked":"Havoc","floor":11},{"not_picked":["Perfected Strike","Uppercut","Thunderclap","Bloodletting"],"picked":"SKIP","floor":12},{"not_picked":["Headbutt","MostiFishMod:404NotFound","Thunderclap"],"picked":"Infernal Blade","floor":13},{"not_picked":["Headbutt","Shrug It Off","Sword Boomerang"],"picked":"Disarm","floor":14},{"not_picked":["MostiFishMod:PerfectStrikeMKII","MostiFishMod:NewArrival","MostiFishMod:#F4004"],"picked":"Exhume","floor":16},{"not_picked":["Cleave","Havoc+1","Pummel"],"picked":"Intimidate","floor":18}],"player_experience":432828,"relics_obtained":[{"floor":1,"key":"Question Card"},{"floor":2,"key":"Paper Frog"},{"floor":7,"key":"ImprovedEquipment"},{"floor":9,"key":"Oddly Smooth Stone"},{"floor":16,"key":"ImportantClient"}],"event_choices":[{"damage_healed":0,"gold_gain":0,"player_choice":"Take Wound","damage_taken":0,"relics_obtained":["Golden Idol"],"max_hp_gain":0,"max_hp_loss":0,"event_name":"Golden Idol","floor":3,"gold_loss":0,"cards_obtained":["Injury"]},{"cards_removed":["Strike_R"],"damage_healed":0,"gold_gain":0,"player_choice":"Card Removal","damage_taken":0,"max_hp_gain":0,"max_hp_loss":0,"event_name":"The Cleric","floor":5,"gold_loss":75},{"damage_healed":0,"gold_gain":0,"cards_transformed":["Strike_R"],"player_choice":"Change","damage_taken":0,"max_hp_gain":0,"max_hp_loss":0,"event_name":"Living Wall","floor":10,"gold_loss":0,"cards_obtained":["MostiFishMod:FlyOverUtopia"]},{"damage_healed":0,"gold_gain":0,"player_choice":"Fought Bandits","damage_taken":0,"max_hp_gain":0,"max_hp_loss":0,"event_name":"Masked Bandits","floor":19,"gold_loss":0}],"is_beta":false,"boss_relics":[{"not_picked":["OneHitWonderSystem","MostiFishMod:Hod"],"picked":"Ectoplasm"}],"items_purged_floors":[4],"is_endless":false,"potions_floor_spawned":[8,11,13],"killed_by":"Masked Bandits","ascension_level":20}}