{"host":"6bsan6hkua32tfq7","time":1608252949,"event":{"mods":["BaseMod","Better Third Choice","Colored Map","Highlight Path","Minty Spire (QoL Compilation)","StSLib"],"gold_per_floor":[119,119,119,1,13,13,42,42,42,42,42,42,55,55,55,128,128,142,158,174,174,174,208,20,20,20,20,20,37,71,103,115,205,217,241,253,253],"floor_reached":36,"playtime":1219,"items_purged":["Strike_G","Writhe"],"score":796,"play_id":"891a7a13-2af0-4602-9edf-28da21b6f8fd","local_time":"20201218015549","is_ascension_mode":true,"campfire_choices":[{"data":"Neutralize","floor":6,"key":"SMITH"},{"data":"Well Laid Plans","floor":8,"key":"SMITH"},{"data":"Dagger Throw","floor":10,"key":"SMITH"},{"data":"Flying Knee","floor":12,"key":"SMITH"},{"data":"Survivor","floor":15,"key":"SMITH"},{"floor":25,"key":"REST"},{"floor":27,"key":"REST"},{"data":"Accuracy","floor":28,"key":"SMITH"},{"floor":32,"key":"REST"}],"circlet_count":0,"master_deck":["AscendersBane","Strike_G","Strike_G","Defend_G","Defend_G","Defend_G","Survivor+1","Neutralize+1","Flying Knee+1","Well Laid Plans+1","Dagger Throw+1","Eviscerate+1","Backstab+1","After Image","Dagger Spray+1","Prepared","Riddle With Holes+1","Infinite Blades","Accuracy+1","Blade Dance","Infinite Blades","Blur","After Image"],"relics":["Ring of the Serpent","Lantern","Molten Egg 2","WingedGreaves","Happy Flower","Pen Nib","Bag of Preparation","MawBank","Black Star"],"acts_visited":["Exordium","TheCity","TheBeyond"],"potions_floor_usage":[7,23,23,31,33],"damage_taken":[{"damage":8.0,"enemies":"Jaw Worm","floor":1.0,"turns":5.0},{"damage":1,"enemies":"Small Slimes","floor":5,"turns":3},{"damage":27,"enemies":"Gremlin Nob","floor":7,"turns":4},{"damage":0,"enemies":"Cultist","floor":13,"turns":2},{"damage":8,"enemies":"The Guardian","floor":16,"turns":11},{"damage":9,"enemies":"Chosen","floor":18,"turns":4},{"damage":0,"enemies":"Spheric Guardian","floor":19,"turns":3},{"damage":3,"enemies":"Snecko","floor":20,"turns":5},{"damage":30,"enemies":"Slavers","floor":23,"turns":5},{"damage":0,"enemies":"3 Cultists","floor":29,"turns":4},{"damage":30,"enemies":"Book of Stabbing","floor":30,"turns":4},{"damage":16,"enemies":"Snake Plant","floor":31,"turns":3},{"damage":23,"enemies":"Champ","floor":33,"turns":8},{"damage":0,"enemies":"Orb Walker","floor":35,"turns":3},{"damage":66,"enemies":"3 Shapes","floor":36,"turns":13}],"seed_played":"7644981568563139047","potions_obtained":[{"floor":5,"key":"Poison Potion"},{"floor":19,"key":"GamblersBrew"},{"floor":20,"key":"SneckoOil"},{"floor":29,"key":"SkillPotion"},{"floor":30,"key":"Fire Potion"},{"floor":35,"key":"CultistPotion"}],"is_trial":false,"path_per_floor":["M","?","?","$","M","R","E","R","T","R","?","R","M","?","R","B",null,"M","M","M","?","?","E","$","R","T","R","R","M","E","M","R","B",null,"M","M"],"character_chosen":"THE_SILENT","items_purchased":["Well Laid Plans","Accuracy"],"campfire_rested":3,"item_purchase_floors":[4,24],"current_hp_per_floor":[51,44,44,44,43,43,16,16,16,16,21,21,21,21,21,13,57,48,48,45,45,45,15,15,36,36,57,57,57,27,11,32,9,56,56,0,0],"gold":253,"neow_bonus":"RANDOM_COMMON_RELIC","is_daily":false,"chose_seed":false,"campfire_upgraded":6,"win_rate":0.0,"timestamp":1608252949,"path_taken":["M","?","?","$","?","R","E","R","T","R","?","R","M","?","R","BOSS","M","?","M","?","?","E","$","R","T","R","R","M","E","M","R","BOSS","M","M"],"items_purchased_type":["Card","Card"],"build_version":"2020-12-13","purchased_purges":2,"victory":false,"max_hp_per_floor":[66,66,66,66,66,66,66,66,66,66,71,71,71,71,71,71,71,71,71,71,71,71,71,71,71,71,71,71,71,71,71,71,71,71,71,71,71],"card_choices":[{"not_picked":["Deflect","Bane"],"picked":"Flying Knee","floor":1.0},{"not_picked":["Cloak And Dagger","Blade Dance"],"picked":"Dagger Throw","floor":5},{"not_picked":["Deadly Poison","Flechettes+1"],"picked":"Eviscerate+1","floor":7},{"not_picked":["Bane+1","Flying Knee+1"],"picked":"Backstab+1","floor":13},{"not_picked":["Phantasmal Killer","Unload+1"],"picked":"After Image","floor":16},{"not_picked":["Deadly Poison","Concentrate"],"picked":"Dagger Spray+1","floor":18},{"not_picked":["Infinite Blades+1","Heel Hook+1"],"picked":"Prepared","floor":19},{"not_picked":["Masterful Stab+1","Bane+1"],"picked":"Riddle With Holes+1","floor":20},{"not_picked":["Prepared","Accuracy"],"picked":"Infinite Blades","floor":23},{"not_picked":["Prepared","Backflip"],"picked":"Blade Dance","floor":29},{"not_picked":["Poisoned Stab+1","Tactician"],"picked":"Infinite Blades","floor":30},{"not_picked":["Masterful Stab+1","Endless Agony+1"],"picked":"Blur","floor":31},{"not_picked":["Bullet Time","Adrenaline"],"picked":"After Image","floor":33},{"not_picked":["Choke+1","Underhanded Strike+1","Distraction"],"picked":"SKIP","floor":35}],"player_experience":5198143,"relics_obtained":[{"floor":7,"key":"Molten Egg 2"},{"floor":9,"key":"WingedGreaves"},{"floor":23,"key":"Pen Nib"},{"floor":26,"key":"Bag of Preparation"},{"floor":30,"key":"MawBank"}],"event_choices":[{"cards_removed":["Defend_G"],"damage_healed":0.0,"max_hp_gain":0.0,"max_hp_loss":0.0,"gold_gain":0.0,"event_name":"Golden Wing","player_choice":"Card Removal","floor":2.0,"gold_loss":0.0,"damage_taken":7.0},{"cards_removed":["Defend_G"],"damage_healed":0,"gold_gain":0,"player_choice":"Purged","damage_taken":0,"max_hp_gain":0,"max_hp_loss":0,"event_name":"Purifier","floor":3,"gold_loss":0},{"damage_healed":0,"gold_gain":0,"player_choice":"Donut","damage_taken":0,"max_hp_gain":5,"max_hp_loss":0,"event_name":"Big Fish","floor":11,"gold_loss":0},{"cards_removed":["Strike_G"],"damage_healed":0,"gold_gain":0,"player_choice":"Card Removal","damage_taken":0,"max_hp_gain":0,"max_hp_loss":0,"event_name":"Wheel of Change","floor":14,"gold_loss":0},{"cards_removed":["Strike_G"],"damage_healed":0,"gold_gain":0,"player_choice":"Elegance","damage_taken":0,"max_hp_gain":0,"max_hp_loss":0,"event_name":"betterThird:BetterWriting","floor":21,"gold_loss":0},{"damage_healed":0,"gold_gain":0,"player_choice":"Opened","damage_taken":0,"relics_obtained":["Happy Flower"],"max_hp_gain":0,"max_hp_loss":0,"event_name":"The Mausoleum","floor":22,"gold_loss":0,"cards_obtained":["Writhe"]}],"is_beta":false,"boss_relics":[{"not_picked":["Snecko Eye","Coffee Dripper"],"picked":"Ring of the Serpent"},{"not_picked":["Tiny House","HoveringKite"],"picked":"Black Star"}],"items_purged_floors":[4,24],"is_endless":false,"potions_floor_spawned":[5,19,20,29,30,35],"killed_by":"3 Shapes","ascension_level":20}}