{"host":"ou23awlgcm0pi7o1","time":1608324186,"event":{"mods":["BaseMod","Colored Map","Downfall","Minty Spire (QoL Compilation)","StSLib","Unceasing Turn Reminder"],"gold_per_floor":[99,199,199,199,241,166,213,233,233,267,367,388,28,46,72,179,179,179,213,238,257,278,313,336,336,365,215,234,263,287,26,37,141,141,141,169,62,62,102,195,195,204,242,242,242,242,242,263,282,282,282,316,25,25,25],"floor_reached":56,"playtime":4695,"items_purged":["champ:Strike","champ:Strike","champ:Strike"],"score":1503,"play_id":"79c7d85c-cd7c-476a-9470-8f215587c115","local_time":"20201218204306","is_ascension_mode":false,"campfire_choices":[{"floor":1.0,"key":"RECALL"},{"data":"champ:BerserkerStyle","floor":6.0,"key":"SMITH"},{"data":"champ:GutPunch","floor":18.0,"key":"SMITH"},{"data":"champ:Backstep","floor":27.0,"key":"SMITH"},{"data":"champ:PerfectForm","floor":35,"key":"SMITH"},{"data":"champ:ArenaPreparation","floor":38,"key":"SMITH"},{"data":"champ:PerfectForm","floor":44,"key":"SMITH"},{"data":"champ:AdrenalArmor","floor":54,"key":"SMITH"}],"circlet_count":0,"master_deck":["champ:Strike","champ:Defend","champ:Defend","champ:Defend","champ:Execute","champ:Taunt","champ:FlashCut","champ:FanOfKnives","champ:BerserkerStyle+1","champ:BerserkersShout","champ:GladiatorStyle","champ:GutPunch+1","champ:BerserkerStyle","champ:GladiatorsShout","champ:FalseCounter","champ:PerfectForm+1","champ:GladiatorStyle","champ:PerfectForm+1","champ:DefensiveShout","champ:TornadoPunch+1","champ:GutPunch","champ:Backstep+1","champ:StanceDance","champ:SkillfulDodge+1","champ:AdrenalArmor+1","champ:Backstep","Mayhem","champ:HoldFirm","champ:TornadoPunch+1","champ:FaceSlap","champ:DefensiveStyle","champ:ArenaPreparation+1","champ:CrookedStrike","expansioncontent:SuperHexaguard+1","champ:DefensiveStyle","champ:Shatter+1","champ:AdrenalArmor+1","champ:DefensiveStyle","Mayhem"],"relics":["champ:ChampionCrown","downfall:HeartsMalice","CeramicFish","downfall:HeartBlessingRed","hexamod:BolsterEngine","Matryoshka","downfall:GremlinWheel","Mummified Hand","Coffee Dripper","Happy Flower","Darkstone Periapt","Omamori","downfall:HeartBlessingBlue","downfall:HeartBlessingGreen","Runic Pyramid","Regal Pillow","champ:BerserkersGuideToSlaughter","Toxic Egg 2","Bottled Lightning","Blood Vial","InkBottle","Orichalcum"],"acts_visited":["Exordium","TheCity","TheBeyond","TheEnding"],"potions_floor_usage":[33,37,55,55],"damage_taken":[{"damage":0.0,"enemies":"2 Louse","floor":3.0,"turns":1.0},{"damage":0.0,"enemies":"Cultist","floor":4.0,"turns":1.0},{"damage":0.0,"enemies":"Gremlin Nob","floor":5.0,"turns":1.0},{"damage":8.0,"enemies":"Small Slimes","floor":8.0,"turns":3.0},{"damage":33.0,"enemies":"Lagavulin","floor":10.0,"turns":6.0},{"damage":37.0,"enemies":"Lagavulin","floor":11.0,"turns":4.0},{"damage":8.0,"enemies":"Gremlin Gang","floor":12.0,"turns":2.0},{"damage":11.0,"enemies":"downfall:FleeingMerchant","floor":13.0,"turns":4.0},{"damage":3.0,"enemies":"Red Slaver","floor":15.0,"turns":2.0},{"damage":53.0,"enemies":"downfall:Silent","floor":16.0,"turns":6.0},{"damage":48.0,"enemies":"Slavers","floor":19.0,"turns":5.0},{"damage":29.0,"enemies":"Chosen","floor":20.0,"turns":4.0},{"damage":33.0,"enemies":"Shelled Parasite and Fungi","floor":21.0,"turns":3.0},{"damage":23.0,"enemies":"Cultist and Chosen","floor":22.0,"turns":4.0},{"damage":58.0,"enemies":"Book of Stabbing","floor":23.0,"turns":5.0},{"damage":27.0,"enemies":"Chosen and Byrds","floor":26.0,"turns":5.0},{"damage":23,"enemies":"3 Cultists","floor":28,"turns":3},{"damage":23,"enemies":"Cultist and Chosen","floor":29,"turns":3},{"damage":37,"enemies":"Centurion and Healer","floor":30,"turns":4},{"damage":27,"enemies":"downfall:FleeingMerchant","floor":31,"turns":4},{"damage":42,"enemies":"Snecko","floor":32,"turns":4},{"damage":51,"enemies":"downfall:Watcher","floor":33,"turns":7},{"damage":16,"enemies":"3 Shapes","floor":36,"turns":4},{"damage":43,"enemies":"downfall:FleeingMerchant","floor":37,"turns":4},{"damage":69,"enemies":"Nemesis","floor":39,"turns":5},{"damage":47,"enemies":"downfall:FleeingMerchant","floor":40,"turns":4},{"damage":45,"enemies":"Giant Head","floor":43,"turns":6},{"damage":13,"enemies":"Orb Walker","floor":48,"turns":2},{"damage":26,"enemies":"Spire Growth","floor":49,"turns":4},{"damage":62,"enemies":"downfall:Ironclad","floor":50,"turns":6},{"damage":98,"enemies":"downfall:CharBossMerchant","floor":52,"turns":9},{"damage":233,"enemies":"downfall:NeowBoss","floor":55,"turns":16}],"seed_played":"-8798553507011716606","potions_obtained":[{"floor":5.0,"key":"AttackPotion"},{"floor":8.0,"key":"Swift Potion"},{"floor":12.0,"key":"Regen Potion"},{"floor":16.0,"key":"Strength Potion"},{"floor":28,"key":"champ:TechniquePotion"},{"floor":30,"key":"champ:UltimateStancePotion"},{"floor":33,"key":"PowerPotion"},{"floor":43,"key":"GamblersBrew"}],"is_trial":false,"path_per_floor":["R","?","M","M","E","R","T","M","?","E","?","M","$","?","M","B",null,"R","E","M","M","M","E","T","?","M","R","M","M","M","$","M","B",null,"R","M","$","R","E","$","T","?","E","R","?","?","?","M","M","B",null,"E","$","R","B",null],"character_chosen":"THE_CHAMP","items_purchased":["Mummified Hand","champ:BerserkerStyle","champ:GladiatorsShout","Mayhem","champ:DefensiveStyle","champ:ArenaPreparation","champ:BerserkersGuideToSlaughter","Mayhem"],"campfire_rested":0,"item_purchase_floors":[13,13,13,31,37,37,40,53],"current_hp_per_floor":[90,90,90,90,90,90,90,90,90,75,56,56,61,61,60,59,90,90,82,81,78,88,59,59,59,63,73,83,89,87,83,67,82,100,100,100,100,100,90,76,76,76,100,100,100,100,100,100,100,100,100,100,100,100,100],"gold":25,"neow_bonus":"THREE_ENEMY_KILL","is_daily":false,"chose_seed":false,"campfire_upgraded":7,"win_rate":0.0,"timestamp":1608324186,"path_taken":["R","?","M","M","E","R","T","M","?","E","?","?","?","?","M","BOSS","R","E","?","M","M","E","T","?","M","R","M","?","M","?","M","BOSS","R","M","$","R","E","$","T","?","E","R","?","?","?","M","M","BOSS","E","$","R","BOSS"],"items_purchased_type":["Relic","Card","Card","Card","Card","Card","Relic","Card"],"build_version":"2020-12-13","purchased_purges":3,"victory":true,"max_hp_per_floor":[90,90,90,90,90,90,90,90,90,90,90,90,90,90,90,90,90,90,90,90,90,90,90,90,90,90,100,100,100,100,100,100,100,100,100,100,100,100,100,100,100,100,100,100,100,100,100,100,100,100,100,100,100,100,100],"card_choices":[{"not_picked":["champ:Riposte","champ:PerfectedStrike"],"picked":"champ:FlashCut","floor":3.0},{"not_picked":["champ:Haymaker","champ:TornadoPunch"],"picked":"champ:FanOfKnives","floor":4.0},{"not_picked":["champ:CrownThrow","champ:Encircle"],"picked":"champ:BerserkerStyle","floor":5.0},{"not_picked":["champ:PerfectedStrike","champ:FalseCounter"],"picked":"champ:BerserkersShout","floor":8.0},{"not_picked":["champ:DefensiveStyle","champ:BringItOn"],"picked":"champ:GladiatorStyle","floor":10.0},{"not_picked":["champ:BringItOn","champ:AdrenalArmor"],"picked":"champ:GutPunch","floor":12.0},{"not_picked":["champ:RapidStrikes","champ:CrookedStrike","champ:PerfectedStrike"],"picked":"SKIP","floor":13.0},{"not_picked":["champ:Shatter","champ:BerserkersShout"],"picked":"champ:GladiatorStyle","floor":15.0},{"not_picked":["champ:ShieldSlam","champ:MurderStrike"],"picked":"champ:PerfectForm","floor":16.0},{"not_picked":["champ:AdrenalArmor","champ:DeathBlow"],"picked":"champ:DefensiveShout","floor":19.0},{"not_picked":["champ:BringItOn","champ:Devastate"],"picked":"champ:TornadoPunch+1","floor":20.0},{"not_picked":["champ:PerfectedStrike","champ:Lariat"],"picked":"champ:GutPunch","floor":21.0},{"not_picked":["champ:ShieldWall+1","champ:PerfectedStrike+1"],"picked":"champ:Backstep","floor":22.0},{"not_picked":["champ:FaceSlap","champ:PerfectedStrike+1"],"picked":"champ:StanceDance","floor":23.0},{"not_picked":["champ:BladeFlurry","champ:PerfectedStrike"],"picked":"champ:SkillfulDodge+1","floor":26.0},{"not_picked":["champ:BladeFlurry","champ:BerserkersShout"],"picked":"champ:AdrenalArmor","floor":28},{"not_picked":["champ:GladiatorsShout","champ:PerfectedStrike"],"picked":"champ:Backstep","floor":29},{"not_picked":["champ:FalseCounter","champ:FocusedGladiator"],"picked":"champ:SkillfulDodge+1","floor":30},{"not_picked":["champ:Duel+1","champ:ShieldThrow","champ:PreciseThrust"],"picked":"SKIP","floor":31},{"not_picked":["champ:StanceDance","champ:FocusedGladiator","champ:BerserkersShout"],"picked":"SKIP","floor":32},{"not_picked":["champ:SwordThrow","champ:IgnorePain"],"picked":"champ:HoldFirm","floor":33},{"not_picked":["champ:DefensiveShout+1","champ:DeathBlow"],"picked":"champ:TornadoPunch+1","floor":36},{"not_picked":["champ:Shatter","champ:EnragedBash+1"],"picked":"champ:FaceSlap","floor":37},{"not_picked":["champ:FlashCut","champ:DefensiveShout+1"],"picked":"champ:CrookedStrike","floor":39},{"not_picked":["champ:FlashCut","champ:PerfectedStrike","champ:DefensiveShout+1"],"picked":"SKIP","floor":40},{"not_picked":["expansioncontent:GoopSpray+1","expansioncontent:HyperBeam"],"picked":"expansioncontent:SuperHexaguard+1","floor":42},{"not_picked":["champ:BladeFlurry+1","champ:FaceSlap+1"],"picked":"champ:DefensiveStyle","floor":43},{"not_picked":["champ:StanceDance+1","champ:TornadoPunch"],"picked":"champ:Shatter+1","floor":48},{"not_picked":["champ:EnGarde+1","champ:CalledShot+1"],"picked":"champ:AdrenalArmor+1","floor":49},{"not_picked":["champ:BerserkerStyle","champ:FlashCut+1"],"picked":"champ:DefensiveStyle","floor":52}],"player_experience":312124,"relics_obtained":[{"floor":5.0,"key":"CeramicFish"},{"floor":7.0,"key":"hexamod:BolsterEngine"},{"floor":10.0,"key":"Matryoshka"},{"floor":11.0,"key":"downfall:GremlinWheel"},{"floor":19.0,"key":"Happy Flower"},{"floor":23.0,"key":"Darkstone Periapt"},{"floor":24.0,"key":"Omamori"},{"floor":39,"key":"Regal Pillow"},{"floor":41,"key":"Toxic Egg 2"},{"floor":41,"key":"Bottled Lightning"},{"floor":43,"key":"Blood Vial"},{"floor":45,"key":"InkBottle"},{"floor":52,"key":"Orichalcum"}],"event_choices":[{"cards_removed":["champ:Defend"],"damage_healed":0,"gold_gain":0,"player_choice":"Card Removal","damage_taken":0,"max_hp_gain":0,"max_hp_loss":0,"event_name":"Wheel of Change","floor":35,"gold_loss":0},{"cards_removed":["champ:SkillfulDodge"],"damage_healed":0,"gold_gain":0,"player_choice":"Removed Skill","damage_taken":0,"max_hp_gain":0,"max_hp_loss":0,"event_name":"Falling","floor":47,"gold_loss":0}],"is_beta":false,"boss_relics":[{"not_picked":["Fusion Hammer","Black Star"],"picked":"Coffee Dripper"},{"not_picked":["Philosopher\u0027s Stone","Astrolabe"],"picked":"Runic Pyramid"}],"items_purged_floors":[31,40,53],"is_endless":false,"potions_floor_spawned":[5,8,12,15,16,20,28,29,30,33,36,43,48,49],"ascension_level":0}}