{"host":"6gzy6nvr8uokwcne","time":1608327882,"event":{"mods":["2.2 Compatiblity","AchievementEnabler","BaseMod","Marisa????????","Minty Spire (QoL Compilation)","Quick Restart","StSLib","The Alterego","The Cursed","The Disciple","The Dragon Tamer","The Necromancer","The Servant 0.9.4"],"gold_per_floor":[115,115,131,143,157,157,192,192,192,209,8,8,27,127,127,228,228,245,264,275,134,149,149,47,62,62,74,92,112,212,241,241,345,345,360,360,370,25,41,54,74,86,109,128,179,196,9,9,9,9,9,9,9,9,9,9],"floor_reached":54,"playtime":6777,"items_purged":[],"score":744,"play_id":"0deee205-2064-4616-be8b-45ba99e311e2","local_time":"20201218144442","daily_mods":["Heirloom"],"is_ascension_mode":false,"metric_token":851,"campfire_choices":[{"floor":6,"key":"RECALL"},{"floor":8,"key":"REST"},{"floor":15,"key":"REST"},{"data":"DTMod:InvisibleFlame","floor":23,"key":"SMITH"},{"floor":32,"key":"REST"},{"floor":49,"key":"REST"},{"floor":52,"key":"REST"}],"dtmod_dragon_data":[0,50,1,3,13,3],"circlet_count":0,"master_deck":["DTMod:Strike","DTMod:Strike","DTMod:Strike","DTMod:Strike","DTMod:DoubleHit","DTMod:TargetDefense","DTMod:TargetDefense","DTMod:TargetDefense","DTMod:TargetDefense","DTMod:SwitchingTactic+1","DTMod:RunningTactic","DTMod:ComboAttack","DTMod:WarmUp","DTMod:QuickFly","DTMod:FlameSlash","DTMod:Observe","DTMod:BizarreTactic","DTMod:DarkBreath","DTMod:FlameSlash","DTMod:ForkedFire","DTMod:Haste","DTMod:Dissolve","DTMod:Conduct","DTMod:RepeatStrike","DTMod:Observe","DTMod:InvisibleFlame+1","DTMod:Adaptation","DTMod:BalancedStrike","DTMod:DragonDance","DTMod:Training","DTMod:CalculatedDefense","DTMod:ComboAttack","DTMod:HeatWave+1","DTMod:Coolant","DTMod:QuickFly","Flash of Steel","DTMod:QuickFly","DTMod:InvisibleFlame","DTMod:Harmonize","DTMod:HeadStart","Madness","Madness"],"relics":["DTMod:MagicStone","Gambling Chip","DTMod:BindingString","Nunchaku","StoneCalendar","DTMod:SolidMemories","Bottled Tornado","CaptainsWheel","Fusion Hammer","White Beast Statue","Akabeko","CatCart","Membership Card","Unceasing Top"],"acts_visited":["Exordium","TheCity","TheBeyond","TheEnding"],"potions_floor_usage":[7,16,16,16,16,16,20,25,28,29,39,45,50,50],"damage_taken":[{"damage":0,"enemies":"Small Slimes","floor":1,"turns":3},{"damage":0,"enemies":"Cultist","floor":3,"turns":4},{"damage":0,"enemies":"2 Louse","floor":4,"turns":3},{"damage":0,"enemies":"Lots of Slimes","floor":5,"turns":5},{"damage":37,"enemies":"Gremlin Nob","floor":7,"turns":7},{"damage":2,"enemies":"Blue Slaver","floor":10,"turns":4},{"damage":0,"enemies":"Exordium Thugs","floor":13,"turns":4},{"damage":0,"enemies":"Slime Boss","floor":16,"turns":8},{"damage":10,"enemies":"Shell Parasite","floor":18,"turns":7},{"damage":4,"enemies":"Chosen","floor":19,"turns":4},{"damage":4,"enemies":"Snake Plant","floor":20,"turns":4},{"damage":13,"enemies":"Centurion and Healer","floor":22,"turns":6},{"damage":26,"enemies":"Shelled Parasite and Fungi","floor":25,"turns":7},{"damage":22,"enemies":"Cultist and Chosen","floor":27,"turns":7},{"damage":0,"enemies":"Snecko","floor":28,"turns":5},{"damage":6,"enemies":"Snake Plant","floor":29,"turns":5},{"damage":39,"enemies":"Colosseum Slavers","floor":30,"turns":5},{"damage":8,"enemies":"Colosseum Nobs","floor":30,"turns":5},{"damage":15,"enemies":"Slavers","floor":31,"turns":5},{"damage":32,"enemies":"Automaton","floor":33,"turns":7},{"damage":0,"enemies":"Orb Walker","floor":35,"turns":2},{"damage":0,"enemies":"3 Shapes","floor":37,"turns":2},{"damage":0,"enemies":"Sphere and 2 Shapes","floor":39,"turns":2},{"damage":0,"enemies":"Maw","floor":40,"turns":5},{"damage":0,"enemies":"3 Darklings","floor":41,"turns":2},{"damage":0,"enemies":"Jaw Worm Horde","floor":42,"turns":2},{"damage":0,"enemies":"4 Shapes","floor":44,"turns":1},{"damage":0,"enemies":"Orin","floor":45,"turns":5},{"damage":0,"enemies":"3 Darklings","floor":46,"turns":2},{"damage":44,"enemies":"Donu and Deca","floor":50,"turns":6},{"damage":104,"enemies":"Shield and Spear","floor":54,"turns":6}],"seed_played":"1829545149690109453","potions_obtained":[{"floor":4,"key":"SteroidPotion"},{"floor":10,"key":"Strength Potion"},{"floor":13,"key":"EntropicBrew"},{"floor":18,"key":"Strength Potion"},{"floor":22,"key":"Regen Potion"},{"floor":27,"key":"CultistPotion"},{"floor":28,"key":"Fire Potion"},{"floor":37,"key":"Swift Potion"},{"floor":39,"key":"Dexterity Potion"},{"floor":40,"key":"PowerPotion"},{"floor":45,"key":"SteroidPotion"},{"floor":46,"key":"LiquidMemories"}],"is_trial":true,"path_per_floor":["M","?","M","M","M","R","E","R","T","M","$","?","M","?","R","B",null,"M","M","M","$","M","R","$","M","T","M","M","M","?","E","R","B",null,"M","?","M","$","M","M","M","M","T","M","?","M","$","?","R","B",null,"R","$","E"],"character_chosen":"THE_DT","items_purchased":["DTMod:BizarreTactic","Nunchaku","DTMod:Adaptation","DTMod:BalancedStrike","DTMod:Training","DTMod:CalculatedDefense","White Beast Statue","PowerPotion","DTMod:QuickFly","Membership Card","DTMod:HeadStart"],"campfire_rested":5,"item_purchase_floors":[11,11,21,21,24,24,38,38,38,47,47],"current_hp_per_floor":[45,45,45,45,45,45,8,21,21,19,19,19,19,19,32,32,45,35,38,41,41,32,32,32,45,45,23,30,31,32,24,37,12,45,45,45,45,45,45,45,45,45,45,45,45,45,45,39,45,1,45,45,45,0,0,0],"gold":9,"neow_bonus":"","is_daily":false,"chose_seed":false,"campfire_upgraded":1,"win_rate":0.0,"timestamp":1608327882,"path_taken":["M","?","?","M","M","R","E","R","T","M","$","?","M","?","R","BOSS","M","M","?","$","M","R","$","M","T","M","M","?","?","E","R","BOSS","M","?","M","$","M","M","M","M","T","M","?","M","$","?","R","BOSS","R","$","E"],"items_purchased_type":["Card","Relic","Card","Card","Card","Card","Relic","Potion","Card","Relic","Card"],"build_version":"2020-12-13","purchased_purges":0,"victory":false,"max_hp_per_floor":[45,45,45,45,45,45,45,45,45,45,45,45,45,45,45,45,45,45,45,45,45,45,45,45,45,45,45,45,45,45,45,45,45,45,45,45,45,45,45,45,45,45,45,45,45,45,45,45,45,45,45,45,45,45,45,45],"card_choices":[{"not_picked":["DTMod:CleansingStrike","DTMod:Punisher"],"picked":"DTMod:RunningTactic","floor":1},{"not_picked":["DTMod:BuildUp","DTMod:Punisher"],"picked":"DTMod:ComboAttack","floor":3},{"not_picked":["DTMod:MasterPlan","DTMod:Dissolve"],"picked":"DTMod:WarmUp","floor":4},{"not_picked":["DTMod:Astonish","DTMod:DeepFocus"],"picked":"DTMod:QuickFly","floor":5},{"not_picked":["DTMod:MagicField","DTMod:Astonish"],"picked":"DTMod:FlameSlash","floor":7},{"not_picked":["DTMod:LowKick","DTMod:CleansingStrike"],"picked":"DTMod:Observe","floor":10},{"not_picked":["DTMod:Punisher","DTMod:Hide"],"picked":"DTMod:Conduct","floor":13},{"not_picked":["DTMod:Outburst","DTMod:Safeguard"],"picked":"DTMod:RepeatStrike","floor":16},{"not_picked":["DTMod:Weaken+1","DTMod:CleansingStrike"],"picked":"DTMod:Observe","floor":18},{"not_picked":["DTMod:QuickFly","DTMod:Cover"],"picked":"DTMod:InvisibleFlame","floor":19},{"not_picked":["DTMod:Hide+1","DTMod:MasterPlan","DTMod:BizarreTactic"],"picked":"SKIP","floor":20},{"not_picked":["DTMod:ComboAttack","DTMod:BurningEnergy+1"],"picked":"DTMod:DragonDance","floor":22},{"not_picked":["DTMod:CleansingStrike","DTMod:Threaten"],"picked":"DTMod:ComboAttack","floor":25},{"not_picked":["DTMod:StunTrap","DTMod:Punisher"],"picked":"DTMod:HeatWave+1","floor":27},{"not_picked":["DTMod:CalculatedDefense","DTMod:Conduct","DTMod:BuildUp"],"picked":"SKIP","floor":28},{"not_picked":["DTMod:CrossStep","DTMod:BurningEnergy","DTMod:PurifyingFlame+1"],"picked":"SKIP","floor":29},{"not_picked":["DTMod:BurningEnergy","DTMod:Threaten"],"picked":"DTMod:Coolant","floor":30},{"not_picked":["DTMod:MasterPlan","DTMod:BreakAttack"],"picked":"DTMod:QuickFly","floor":31},{"not_picked":["DTMod:Cover+1","DTMod:BlazingStrike+1","DTMod:GhostSkin"],"picked":"SKIP","floor":35},{"not_picked":["Sadistic Nature","Thinking Ahead"],"picked":"Flash of Steel","floor":36},{"not_picked":["DTMod:Hide","DTMod:Threaten","DTMod:LastStand"],"picked":"SKIP","floor":37},{"not_picked":["DTMod:Coolant","DTMod:BlazingStrike+1","DTMod:BalancedStrike"],"picked":"SKIP","floor":39},{"not_picked":["DTMod:HeatWave","DTMod:Weaken"],"picked":"DTMod:InvisibleFlame","floor":40},{"not_picked":["DTMod:BurningForce","DTMod:FlameSlash","DTMod:ComboAttack+1"],"picked":"SKIP","floor":41},{"not_picked":["DTMod:Hide","DTMod:Feint"],"picked":"DTMod:Harmonize","floor":42},{"not_picked":["DTMod:Punisher+1","DTMod:ForkedFire+1","DTMod:BreakAttack+1"],"picked":"SKIP","floor":44},{"not_picked":["DTMod:Weaken","DTMod:BlazingStrike+1","DTMod:MasterPlan+1"],"picked":"SKIP","floor":46}],"player_experience":418445,"relics_obtained":[{"floor":7,"key":"DTMod:BindingString"},{"floor":26,"key":"StoneCalendar"},{"floor":30,"key":"DTMod:SolidMemories"},{"floor":30,"key":"Bottled Tornado"},{"floor":31,"key":"CaptainsWheel"},{"floor":43,"key":"Akabeko"},{"floor":45,"key":"CatCart"}],"event_choices":[{"damage_healed":0,"gold_gain":0,"player_choice":"Forge","damage_taken":0,"max_hp_gain":0,"max_hp_loss":0,"event_name":"Accursed Blacksmith","floor":2,"gold_loss":0,"cards_upgraded":["DTMod:SwitchingTactic"]},{"damage_healed":0,"gold_gain":100,"player_choice":"Pray","damage_taken":0,"max_hp_gain":0,"max_hp_loss":0,"event_name":"Golden Shrine","floor":14,"gold_loss":0},{"damage_healed":0,"gold_gain":0,"player_choice":"Fight","damage_taken":0,"max_hp_gain":0,"max_hp_loss":0,"event_name":"Colosseum","floor":30,"gold_loss":0},{"damage_healed":0,"gold_gain":0,"player_choice":"Fought Nobs","damage_taken":0,"max_hp_gain":0,"max_hp_loss":0,"event_name":"Colosseum","floor":30,"gold_loss":0},{"damage_healed":0,"gold_gain":0,"player_choice":"Memory 1","damage_taken":0,"max_hp_gain":0,"max_hp_loss":0,"event_name":"SensoryStone","floor":36,"gold_loss":0},{"damage_healed":0,"gold_gain":0,"player_choice":"Fight","damage_taken":0,"max_hp_gain":0,"max_hp_loss":0,"event_name":"OrinTheCat","floor":45,"gold_loss":0},{"damage_healed":0,"gold_gain":0,"player_choice":"Embrace Madness","damage_taken":6,"max_hp_gain":0,"max_hp_loss":0,"event_name":"Winding Halls","floor":48,"gold_loss":0,"cards_obtained":["Madness","Madness"]}],"is_beta":false,"boss_relics":[{"not_picked":["Calling Bell","SlaversCollar"],"picked":"DTMod:MagicStone"},{"not_picked":["Runic Pyramid","Empty Cage"],"picked":"Fusion Hammer"}],"items_purged_floors":[],"is_endless":false,"potions_floor_spawned":[4,10,13,18,22,27,28,30,37,39,40,41,42,44,45,46],"killed_by":"Shield and Spear","ascension_level":0}}