{"host":"iptgt7xajlx4idp5","time":1608253314,"event":{"mods":["BaseMod","Bestiary","Block Reminder","Colored Map","Minty Spire (QoL Compilation)","Rare Cards Sparkle","Slay-I"],"gold_per_floor":[210,220,170,188,198,198,214,214,214,62,62,89,89,99,99,195,195,211,194,212,212,137,137,137,137,161,161,161,175,175,194,194,294,294,308,43,43,55,0,0,0,0,23,23,23,38,57,74,74,74],"floor_reached":51,"playtime":2480,"items_purged":["Strike_G"],"score":647,"play_id":"df2d8472-b695-4034-9c1f-d367754fcba1","local_time":"20201217180154","is_ascension_mode":false,"campfire_choices":[{"data":"Neutralize","floor":6,"key":"SMITH"},{"data":"Flying Knee","floor":8,"key":"SMITH"},{"data":"Defend_G","floor":11,"key":"SMITH"},{"data":"Blur","floor":15,"key":"SMITH"},{"floor":23,"key":"REST"},{"data":"Noxious Fumes","floor":25,"key":"SMITH"},{"data":"Dagger Spray","floor":28,"key":"SMITH"},{"floor":30,"key":"REST"},{"data":"Defend_G","floor":32,"key":"SMITH"},{"data":"Defend_G","floor":40,"key":"SMITH"},{"data":"Dash","floor":42,"key":"SMITH"},{"floor":49,"key":"REST"}],"circlet_count":0,"master_deck":["Defend_G+1","Defend_G","Defend_G","Defend_G+1","Defend_G+1","Survivor","Neutralize+1","Flying Knee+1","Dash+1","Catalyst+1","Blur+1","Bullet Time","Dagger Spray+1","Noxious Fumes+1","Blur+1","Noxious Fumes+1","Dagger Spray+1","Master of Strategy","Jack Of All Trades","Blur"],"relics":["Ring of the Snake","Tough Bandages","Blood Vial","The Specimen","Sozu","Ice Cream","Bronze Scales","Empty Cage","Red Mask","Centennial Puzzle"],"acts_visited":["Exordium","TheCity","TheBeyond"],"potions_floor_usage":[12,12,14,16],"damage_taken":[{"damage":0,"enemies":"Jaw Worm","floor":1,"turns":4},{"damage":0,"enemies":"2 Louse","floor":2,"turns":4},{"damage":0,"enemies":"Small Slimes","floor":4,"turns":5},{"damage":0,"enemies":"Exordium Wildlife","floor":5,"turns":5},{"damage":0,"enemies":"3 Louse","floor":7,"turns":3},{"damage":4,"enemies":"Gremlin Nob","floor":12,"turns":5},{"damage":6,"enemies":"Gremlin Gang","floor":14,"turns":6},{"damage":45,"enemies":"The Guardian","floor":16,"turns":19},{"damage":19,"enemies":"Spheric Guardian","floor":18,"turns":8},{"damage":6,"enemies":"2 Thieves","floor":19,"turns":4},{"damage":37,"enemies":"3 Cultists","floor":20,"turns":7},{"damage":12,"enemies":"Snake Plant","floor":29,"turns":5},{"damage":0,"enemies":"Centurion and Healer","floor":31,"turns":4},{"damage":55,"enemies":"Collector","floor":33,"turns":9},{"damage":6,"enemies":"Orb Walker","floor":35,"turns":5},{"damage":0,"enemies":"3 Shapes","floor":38,"turns":3},{"damage":9,"enemies":"3 Darklings","floor":46,"turns":4},{"damage":0,"enemies":"Maw","floor":47,"turns":8},{"damage":12,"enemies":"4 Shapes","floor":48,"turns":4},{"damage":67,"enemies":"Donu and Deca","floor":50,"turns":10}],"seed_played":"-8545750822886067387","potions_obtained":[{"floor":1,"key":"Poison Potion"},{"floor":2,"key":"GhostInAJar"},{"floor":7,"key":"Block Potion"},{"floor":12,"key":"SpeedPotion"}],"is_trial":false,"path_per_floor":["M","M","?","M","M","R","M","R","T","$","R","E","?","M","R","B",null,"M","M","M","?","?","R","?","R","T","?","R","M","R","M","R","B",null,"M","$","?","M","?","R","?","R","T","?","$","M","M","M","R","B",null],"character_chosen":"THE_SILENT","items_purchased":["Blood Vial","Master of Strategy"],"campfire_rested":3,"item_purchase_floors":[10,36],"current_hp_per_floor":[70,70,70,70,70,70,70,70,70,70,70,66,71,67,67,24,75,56,52,17,17,17,39,64,64,64,64,64,54,75,75,75,20,75,69,69,69,71,71,71,71,71,71,71,71,64,66,56,75,8],"gold":74,"neow_bonus":"HUNDRED_GOLD","is_daily":false,"chose_seed":false,"campfire_upgraded":9,"win_rate":0.0,"timestamp":1608253314,"path_taken":["M","M","?","M","M","R","M","R","T","$","R","E","?","M","R","BOSS","M","M","M","?","?","R","?","R","T","?","R","?","R","M","R","BOSS","M","$","?","M","?","R","?","R","T","?","?","?","M","M","R","BOSS"],"items_purchased_type":["Relic","Card"],"build_version":"2020-12-13","purchased_purges":1,"victory":true,"max_hp_per_floor":[70,70,70,70,70,70,70,70,70,70,70,70,75,75,75,75,75,75,75,75,75,75,75,75,75,75,75,75,75,75,75,75,75,75,75,75,75,75,75,75,75,75,75,75,75,75,75,75,75,75],"card_choices":[{"not_picked":["Skewer","Acrobatics","Escape Plan"],"picked":"SKIP","floor":1},{"not_picked":["Deflect","Blade Dance"],"picked":"Flying Knee","floor":2},{"not_picked":["Distraction","Reflex"],"picked":"Dash","floor":4},{"not_picked":["Heel Hook","Prepared","Underhanded Strike"],"picked":"SKIP","floor":5},{"not_picked":["Well Laid Plans","Acrobatics"],"picked":"Catalyst","floor":7},{"not_picked":["Underhanded Strike","Outmaneuver","Slice"],"picked":"SKIP","floor":12},{"not_picked":["Underhanded Strike","Outmaneuver","Slice"],"picked":"SKIP","floor":12},{"not_picked":["Catalyst","Reflex"],"picked":"Blur","floor":14},{"not_picked":["Tools of the Trade","Malaise"],"picked":"Bullet Time","floor":16},{"not_picked":["Flechettes","Outmaneuver+1"],"picked":"Dagger Spray","floor":18},{"not_picked":["PiercingWail+1","Eviscerate"],"picked":"Noxious Fumes","floor":19},{"not_picked":["Outmaneuver","Blade Dance"],"picked":"Blur+1","floor":20},{"not_picked":["Dagger Throw","Cloak And Dagger"],"picked":"Noxious Fumes+1","floor":29},{"not_picked":["Concentrate+1","Dagger Spray","PiercingWail"],"picked":"SKIP","floor":31},{"not_picked":["Flying Knee","Skewer+1"],"picked":"Dagger Spray+1","floor":35},{"not_picked":["Deflect","Prepared","Dagger Spray"],"picked":"SKIP","floor":38},{"not_picked":["Enlightenment","Mayhem"],"picked":"Jack Of All Trades","floor":44},{"not_picked":["Calculated Gamble","Blade Dance","Cloak And Dagger"],"picked":"SKIP","floor":46},{"not_picked":["Flying Knee+1","Blade Dance","Night Terror"],"picked":"SKIP","floor":47},{"not_picked":["Infinite Blades+1","Sucker Punch"],"picked":"Blur","floor":48}],"player_experience":497547,"relics_obtained":[{"floor":9,"key":"Tough Bandages"},{"floor":12,"key":"The Specimen"},{"floor":26,"key":"Bronze Scales"},{"floor":43,"key":"Centennial Puzzle"}],"event_choices":[{"cards_removed":["Strike_G"],"damage_healed":0,"gold_gain":0,"player_choice":"Card Removal","damage_taken":0,"max_hp_gain":0,"max_hp_loss":0,"event_name":"The Cleric","floor":3,"gold_loss":50},{"damage_healed":0,"gold_gain":0,"player_choice":"Donut","damage_taken":0,"max_hp_gain":5,"max_hp_loss":0,"event_name":"Big Fish","floor":13,"gold_loss":0},{"damage_healed":0,"gold_gain":0,"player_choice":"Opened","damage_taken":0,"relics_obtained":["Ice Cream"],"max_hp_gain":0,"max_hp_loss":0,"event_name":"The Mausoleum","floor":21,"gold_loss":0,"cards_obtained":["Writhe"]},{"cards_removed":["Writhe"],"damage_healed":0,"gold_gain":0,"player_choice":"Gave Gold","damage_taken":0,"max_hp_gain":0,"max_hp_loss":0,"event_name":"Beggar","floor":22,"gold_loss":75},{"damage_healed":25,"gold_gain":0,"player_choice":"Heal","damage_taken":0,"max_hp_gain":0,"max_hp_loss":0,"event_name":"The Library","floor":24,"gold_loss":0},{"damage_healed":0,"gold_gain":0,"player_choice":"Upgraded","damage_taken":0,"max_hp_gain":0,"max_hp_loss":0,"event_name":"Upgrade Shrine","floor":27,"gold_loss":0,"cards_upgraded":["Catalyst"]},{"cards_removed":["Strike_G"],"damage_healed":0,"gold_gain":0,"player_choice":"Removed Attack","damage_taken":0,"max_hp_gain":0,"max_hp_loss":0,"event_name":"Falling","floor":37,"gold_loss":0},{"damage_healed":0,"gold_gain":0,"player_choice":"Paid","damage_taken":0,"relics_obtained":["Red Mask"],"max_hp_gain":0,"max_hp_loss":0,"event_name":"Tomb of Lord Red Mask","floor":39,"gold_loss":55},{"damage_healed":0,"gold_gain":0,"player_choice":"Ignored","damage_taken":0,"max_hp_gain":0,"max_hp_loss":0,"event_name":"Mysterious Sphere","floor":41,"gold_loss":0},{"damage_healed":0,"gold_gain":0,"player_choice":"Memory 1","damage_taken":0,"max_hp_gain":0,"max_hp_loss":0,"event_name":"SensoryStone","floor":44,"gold_loss":0}],"is_beta":false,"boss_relics":[{"not_picked":["Fusion Hammer","Runic Dome"],"picked":"Sozu"},{"not_picked":["Black Star","SlaversCollar"],"picked":"Empty Cage"}],"items_purged_floors":[36],"is_endless":false,"potions_floor_spawned":[1,2,7,12,29,31,35,46,47],"ascension_level":0}}