{"host":"phzz6vgtixj4nwio","time":1608293788,"event":{"mods":["BaseMod","GifTheSpireLib","Minty Spire (QoL Compilation)","StSLib","The Animator"],"gold_per_floor":[110,126,156,156,168,168,168,168,168,183,193,223,223,242,242,242,242],"floor_reached":16,"playtime":845,"items_purged":[],"score":104,"play_id":"858fe239-3093-4234-9889-f6aef65cfd48","local_time":"20201218121628","is_ascension_mode":false,"campfire_choices":[{"floor":6,"key":"RECALL"},{"data":"animator:HighElfArcher","floor":8,"key":"SMITH"},{"floor":15,"key":"REST"}],"circlet_count":0,"master_deck":["animator:Strike_GoblinSlayer","animator:Defend_GoblinSlayer","animator:Strike","animator:Strike","animator:Strike","animator:Defend","animator:Defend","animator:Defend","animator:LizardPriest","animator:DwarfShaman+1","animator:Spearman","animator:HighElfArcher+1","animator:Hero"],"relics":["animator:LivingPicture","animator:TheMissingPiece","NeowsBlessing","Frozen Egg 2","animator:BattleDrones","animator:CursedGlyph"],"acts_visited":["Exordium"],"potions_floor_usage":[5,10,12,16],"damage_taken":[{"damage":0,"enemies":"Cultist","floor":1,"turns":1},{"damage":0,"enemies":"Small Slimes","floor":2,"turns":1},{"damage":0,"enemies":"Jaw Worm","floor":3,"turns":1},{"damage":11,"enemies":"Exordium Thugs","floor":5,"turns":6},{"damage":9,"enemies":"Exordium Wildlife","floor":10,"turns":4},{"damage":10,"enemies":"Lots of Slimes","floor":11,"turns":4},{"damage":16,"enemies":"Lagavulin","floor":12,"turns":8},{"damage":7,"enemies":"Gremlin Gang","floor":14,"turns":5},{"damage":51,"enemies":"Slime Boss","floor":16,"turns":8}],"seed_played":"-8463995824400798167","potions_obtained":[{"floor":3,"key":"PowerPotion"},{"floor":5,"key":"Fruit Juice"},{"floor":11,"key":"Ancient Potion"},{"floor":12,"key":"PowerPotion"}],"is_trial":false,"path_per_floor":["M","M","M","$","M","R","?","R","T","M","M","E","?","M","R","B"],"character_chosen":"THE_ANIMATOR","items_purchased":[],"campfire_rested":1,"item_purchase_floors":[],"current_hp_per_floor":[66,66,66,66,56,56,56,56,56,52,42,26,26,19,39,0,0],"gold":242,"neow_bonus":"THREE_ENEMY_KILL","is_daily":false,"chose_seed":false,"campfire_upgraded":1,"win_rate":0.0,"timestamp":1608293788,"path_taken":["M","M","M","$","?","R","?","R","T","M","M","E","?","M","R","BOSS"],"items_purchased_type":[],"build_version":"2020-12-13","purchased_purges":0,"victory":false,"max_hp_per_floor":[66,66,66,66,67,67,67,67,67,72,72,72,72,68,68,68,68],"card_choices":[{"not_picked":["animator:TukaLunaMarceau","animator:Megumin","animator:Gluttony"],"picked":"SKIP","floor":1},{"not_picked":["animator:Vanir","animator:YaoHaDucy","animator:DolaCouronne"],"picked":"SKIP","floor":2},{"not_picked":["animator:Azekura","animator:IzunaHatsuse"],"picked":"animator:Spearman","floor":3},{"not_picked":["animator:GuildGirl","animator:Witch"],"picked":"animator:HighElfArcher","floor":5},{"not_picked":["animator:Darkness+1","animator:Shizu","animator:DolaRiku"],"picked":"SKIP","floor":10},{"not_picked":["animator:Megumin","animator:Shuna","animator:Scar"],"picked":"SKIP","floor":11},{"not_picked":["animator:Shizu","animator:Kazuma","animator:Vanir"],"picked":"SKIP","floor":12},{"not_picked":["animator:Spearman","animator:DwarfShaman"],"picked":"animator:Hero","floor":14}],"player_experience":566053,"relics_obtained":[{"floor":9,"key":"Frozen Egg 2"},{"floor":12,"key":"animator:BattleDrones"},{"floor":14,"key":"animator:CursedGlyph"}],"event_choices":[{"damage_healed":0,"gold_gain":0,"player_choice":"Grow","damage_taken":0,"max_hp_gain":0,"max_hp_loss":0,"event_name":"Living Wall","floor":7,"gold_loss":0,"cards_upgraded":["animator:DwarfShaman"]},{"damage_healed":0,"gold_gain":0,"player_choice":"Ignored","damage_taken":0,"max_hp_gain":0,"max_hp_loss":0,"event_name":"Golden Wing","floor":13,"gold_loss":0}],"is_beta":false,"boss_relics":[],"items_purged_floors":[],"is_endless":false,"potions_floor_spawned":[3,5,11,12],"killed_by":"Slime Boss","ascension_level":0}}