{"host":"o3b7ow6d1xe49css","time":1608273955,"event":{"mods":["2.2 Compatiblity","Act Like it!","Aspiration","BaseMod","Bestiary","Better Altar","Better Match","Better Note","Better Sensory Stone","Better Skull","Better Third Choice","Colored Powertips","Conspire","Downfall","Elementarium","Energized Spire","Force Act Four","GifTheSpireLib","Halation","Hermit","Hubris","Infinite Spire","Minty Spire (QoL Compilation)","Quick Restart","Replay The Spire","Spicy Shops","Spikes Relics","StSLib","Stuff the Spire","The Blue Laboratory","The Jungle","Wandering Minibosses","vexMod"],"gold_per_floor":[114,129,129,140,156,184,218,218,218,251,6,41,41,59,59,158,158,169,185,33,44,44,69,69,102,102,127,127,154,189,200,200,302,302,312,17,68,79,79,113,140,140,140,172,172,172],"floor_reached":45,"playtime":1666,"items_purged":["Strike_P"],"score":1221,"play_id":"3d829c60-fae4-4a15-bf71-c1743c7a2fe5","local_time":"20201217214555","daily_mods":["Heirloom","Flight"],"is_ascension_mode":true,"campfire_choices":[{"data":"CrushJoints","floor":8,"key":"SMITH"},{"data":"BattleHymn","floor":15,"key":"SMITH"},{"floor":28,"key":"RECALL"},{"data":"Scrawl","floor":32,"key":"SMITH"},{"data":"hubris:Fate","floor":42,"key":"SMITH"}],"circlet_count":0,"master_deck":["Defend_P","Defend_P","Defend_P","Defend_P","Eruption","Vigilance+1","Tantrum","CrushJoints+1","Devotion","Replay:Vibes","Protect+1","Consecrate","MentalFortress","BattleHymn+1","CutThroughFate","Vault","Prostrate","FlyingSleeves","Wallop","Scrawl+1","DeusExMachina","AbeCurse","DeusExMachina","Crescendo+1","hubris:Fate+1","Blasphemy"],"relics":["PureWater","Ring of Chaos","hubris:Spice","CaptainsWheel","Eternal Feather","Toy Ornithopter","Melange","infinitespire:Lucky Rock","wanderingMiniBosses:OtherGremlinHorn","Bronze Scales","aspiration:AnachronicSnailShell","StuffTheSpire:MayFlowers","hubris:MedicalManual","StuffTheSpire:Tea","Abe\u0027s Treasure","War Paint","DollysMirror","Pen Nib"],"acts_visited":["Exordium","TheCity","TheBeyond"],"potions_floor_usage":[6,7,14,25,30],"damage_taken":[{"damage":2,"enemies":"Small Slimes","floor":1,"turns":3},{"damage":0,"enemies":"Cultist","floor":2,"turns":2},{"damage":0,"enemies":"Jaw Worm","floor":4,"turns":2},{"damage":22,"enemies":"Gremlin Gang","floor":5,"turns":7},{"damage":0,"enemies":"Lagavulin","floor":6,"turns":3},{"damage":15,"enemies":"3 Sentries","floor":7,"turns":5},{"damage":0,"enemies":"Gremlin Nob","floor":10,"turns":2},{"damage":0,"enemies":"Lagavulin","floor":12,"turns":4},{"damage":5,"enemies":"Looter","floor":14,"turns":3},{"damage":0,"enemies":"The Guardian","floor":16,"turns":3},{"damage":0,"enemies":"Spheric Guardian","floor":18,"turns":2},{"damage":2,"enemies":"2 Thieves","floor":19,"turns":3},{"damage":0,"enemies":"Cultist and Chosen","floor":21,"turns":3},{"damage":15,"enemies":"Nightmare","floor":23,"turns":4},{"damage":0,"enemies":"Book of Stabbing","floor":25,"turns":3},{"damage":0,"enemies":"conspire:SneckoGhost","floor":27,"turns":4},{"damage":0,"enemies":"Gremlin Leader","floor":29,"turns":3},{"damage":9,"enemies":"Slavers","floor":30,"turns":2},{"damage":0,"enemies":"Snake Plant","floor":31,"turns":1},{"damage":0,"enemies":"Automaton","floor":33,"turns":4},{"damage":0,"enemies":"3 Shapes","floor":35,"turns":2},{"damage":0,"enemies":"3 Darklings","floor":38,"turns":3},{"damage":0,"enemies":"Nightmare","floor":40,"turns":2},{"damage":0,"enemies":"R_Hoarder","floor":41,"turns":4},{"damage":0,"enemies":"Giant Head","floor":44,"turns":2},{"damage":99999,"enemies":"Sphere and 2 Shapes","floor":45,"turns":2}],"seed_played":"-2791219732974222310","potions_obtained":[{"floor":1,"key":"Adrenaline Potion"},{"floor":5,"key":"blueLaboratory:HummingbirdPotion"},{"floor":7,"key":"LiquidMemories"},{"floor":10,"key":"champ:CounterPotion"},{"floor":14,"key":"SpeedPotion"},{"floor":19,"key":"blueLaboratory:FaithlessPotion"},{"floor":27,"key":"blueLaboratory:BottledHope"},{"floor":30,"key":"blueLaboratory:EnragingPotion"},{"floor":33,"key":"EntropicBrew"},{"floor":44,"key":"EssenceOfSteel"}],"is_trial":true,"path_per_floor":["M","M","?","M","M","E","E","R","T","E","$","E","?","M","R","B",null,"M","M","$","M","?","NM","AVR","E","T","E","R","E","E","M","R","B",null,"M","$","?","M","?","NM","E","R","T","E","M"],"character_chosen":"WATCHER","items_purchased":["BattleHymn","Melange","CutThroughFate","Bronze Scales","War Paint","DollysMirror"],"campfire_rested":0,"item_purchase_floors":[11,11,11,20,36,36],"current_hp_per_floor":[78,78,78,78,56,56,41,41,41,41,41,41,41,41,50,50,81,81,79,79,79,79,64,64,75,75,75,84,84,70,70,70,70,70,70,70,53,53,47,47,47,62,62,62,0,0],"gold":172,"neow_bonus":"","is_daily":false,"chose_seed":false,"campfire_upgraded":4,"win_rate":0.0,"timestamp":1608273955,"path_taken":["M","M","?","M","?","E","E","R","T","E","$","E","?","?","R","BOSS","M","M","$","?","?","NM","AVR","E","T","E","R","E","E","?","R","BOSS","M","$","?","?","?","NM","E","R","T","E","?"],"items_purchased_type":["Card","Relic","Card","Relic","Relic","Relic"],"build_version":"2020-12-13","purchased_purges":1,"victory":false,"max_hp_per_floor":[80,80,80,80,80,80,80,80,80,80,80,80,80,80,80,80,88,88,88,88,88,88,88,88,94,94,86,86,86,70,70,70,70,70,70,70,62,62,62,62,62,62,62,62,62,62],"card_choices":[{"not_picked":["Perseverance","Consecrate"],"picked":"Tantrum","floor":1},{"not_picked":["FlyingSleeves","CutThroughFate"],"picked":"CrushJoints","floor":2},{"not_picked":["Sanctity","JustLucky"],"picked":"Replay:Vibes","floor":4},{"not_picked":["JustLucky","Replay:Cycle","Replay:Anticipation"],"picked":"SKIP","floor":5},{"not_picked":["Replay:Battleflow","Replay:Cycle"],"picked":"Protect","floor":6},{"not_picked":["Protect","Blasphemy"],"picked":"Consecrate","floor":7},{"not_picked":["CrushJoints","Halt"],"picked":"MentalFortress","floor":10},{"not_picked":["SashWhip","Wish","EmptyBody"],"picked":"SKIP","floor":12},{"not_picked":["Swivel","Conclude","Wireheading"],"picked":"SKIP","floor":14},{"not_picked":["Judgement","Devotion"],"picked":"Vault","floor":16},{"not_picked":["PathToVictory+1","ClearTheMind+1"],"picked":"Prostrate","floor":18},{"not_picked":["ClearTheMind+1","hubris:SpiceAddiction","LikeWater"],"picked":"SKIP","floor":19},{"not_picked":["EmptyBody","Sanctity+1","Replay:Anticipation+1"],"picked":"SKIP","floor":21},{"not_picked":["Fasting2","Evaluate"],"picked":"FlyingSleeves","floor":23},{"not_picked":["FlyingSleeves+1","CarveReality","Replay:Anticipation"],"picked":"SKIP","floor":25},{"not_picked":["FlyingSleeves+1","CarveReality","Replay:Anticipation"],"picked":"SKIP","floor":25},{"not_picked":["Crescendo+1","ClearTheMind"],"picked":"Wallop","floor":27},{"not_picked":["ClearTheMind","WaveOfTheHand","Evaluate"],"picked":"SKIP","floor":29},{"not_picked":["Protect+1","hubris:SpiceAddiction"],"picked":"hubris:SpiceAddiction","floor":30},{"not_picked":["hubris:SpiceAddiction","hubris:SpiceAddiction"],"picked":"Scrawl","floor":31},{"not_picked":["Vault","SpiritShield"],"picked":"DeusExMachina","floor":33},{"not_picked":["EmptyFist+1","EmptyBody+1","PathToVictory"],"picked":"SKIP","floor":35},{"not_picked":["ThirdEye+1","FollowUp"],"picked":"Crescendo+1","floor":37},{"not_picked":["FlyingSleeves","Halt+1","hubris:SpiceAddiction"],"picked":"SKIP","floor":38},{"not_picked":["infinitespire:Oblivion","ReplayTheSpireMod:??????????????????????"],"picked":"hubris:Fate","floor":40},{"not_picked":["EmptyFist","Replay:AtTheReady+1","PathToVictory+1"],"picked":"SKIP","floor":40},{"not_picked":["WaveOfTheHand+1","Replay:Hum+1"],"picked":"Blasphemy","floor":41},{"not_picked":["hubris:SpiceAddiction","Sanctity+1","hubris:SpiceAddiction"],"picked":"SKIP","floor":44}],"player_experience":1738009,"relics_obtained":[{"floor":7,"key":"CaptainsWheel"},{"floor":9,"key":"Eternal Feather"},{"floor":10,"key":"Toy Ornithopter"},{"floor":12,"key":"infinitespire:Lucky Rock"},{"floor":14,"key":"wanderingMiniBosses:OtherGremlinHorn"},{"floor":23,"key":"aspiration:AnachronicSnailShell"},{"floor":25,"key":"vexMod:BerryBomb"},{"floor":26,"key":"hubris:MedicalManual"},{"floor":27,"key":"hubris:Spice"},{"floor":29,"key":"StuffTheSpire:Tea"},{"floor":30,"key":"hubris:Spice"},{"floor":37,"key":"hubris:Spice"},{"floor":44,"key":"Pen Nib"}],"event_choices":[{"damage_healed":0,"gold_gain":0,"cards_transformed":["Strike_P"],"player_choice":"Transformed","damage_taken":0,"max_hp_gain":0,"max_hp_loss":0,"event_name":"Transmorgrifier","floor":3,"gold_loss":0,"cards_obtained":["Devotion"]},{"cards_removed":["Strike_P"],"damage_healed":0,"gold_gain":0,"player_choice":"Card Removal","damage_taken":0,"max_hp_gain":0,"max_hp_loss":0,"event_name":"Wheel of Change","floor":13,"gold_loss":0},{"cards_removed":["Strike_P"],"damage_healed":0,"gold_gain":0,"player_choice":"Give","damage_taken":0,"max_hp_gain":0,"max_hp_loss":0,"event_name":"betterNote:BetterNote","floor":22,"gold_loss":0,"cards_obtained":["Strike_B"]},{"damage_healed":0,"gold_gain":0,"player_choice":"Damaged","damage_taken":6,"max_hp_gain":0,"max_hp_loss":0,"event_name":"Wheel of Change","floor":39,"gold_loss":0}],"is_beta":false,"boss_relics":[{"not_picked":["hubris:HollowSoul","conspire:SeveredTorchhead"],"picked":"hubris:Spice"},{"not_picked":["hubris:Spice","hubris:Spice"],"picked":"Abe\u0027s Treasure"}],"items_purged_floors":[24],"is_endless":false,"potions_floor_spawned":[1,5,7,10,14,19,21,27,30,33,44],"killed_by":"Sphere and 2 Shapes","ascension_level":5}}