{"host":"bpszg8uald72z2zd","time":1608304882,"event":{"mods":["AchievementEnabler","BaseMod","Colored Map","DeckTracker","Keyboard Shortcuts","Minty Spire (QoL Compilation)","Relic Stats","SuperFastMode"],"gold_per_floor":[109,284,284,124,22,34,65,120,132,187,214,240,271,364,376,519,531,559,670,682,175,175,175,175,175],"floor_reached":24,"playtime":464,"items_purged":["Doubt","Strike_G"],"score":403,"play_id":"e62126ba-3921-43a7-b930-6190ad5f9ab0","local_time":"20201219002122","is_ascension_mode":true,"campfire_choices":[{"data":"Bouncing Flask","floor":6.0,"key":"SMITH"},{"floor":15.0,"key":"REST"},{"data":"Catalyst","floor":23.0,"key":"SMITH"}],"circlet_count":0,"master_deck":["AscendersBane","Strike_G","Strike_G","Strike_G","Strike_G","Defend_G","Defend_G","Defend_G","Defend_G","Defend_G","Survivor","Neutralize","Bouncing Flask+1","Deadly Poison","PiercingWail","Catalyst+1","Acrobatics","Well Laid Plans+1","Catalyst","Adrenaline","Backflip","Crippling Poison"],"relics":["Ring of the Snake","NeowsBlessing","Bloody Idol","MawBank","Pear","Frozen Egg 2","Blood Vial","Meat on the Bone","Black Star","Turnip"],"acts_visited":["Exordium","TheCity"],"potions_floor_usage":[24,24,24],"damage_taken":[{"damage":0.0,"enemies":"Small Slimes","floor":1.0,"turns":1.0},{"damage":0.0,"enemies":"2 Louse","floor":7.0,"turns":1.0},{"damage":0.0,"enemies":"Lagavulin","floor":8.0,"turns":1.0},{"damage":45.0,"enemies":"3 Sentries","floor":10.0,"turns":8.0},{"damage":0.0,"enemies":"Cultist","floor":11.0,"turns":2.0},{"damage":8.0,"enemies":"Blue Slaver","floor":12.0,"turns":3.0},{"damage":7.0,"enemies":"Exordium Wildlife","floor":13.0,"turns":3.0},{"damage":14.0,"enemies":"3 Sentries","floor":14.0,"turns":10.0},{"damage":25.0,"enemies":"Slime Boss","floor":16.0,"turns":5.0},{"damage":24.0,"enemies":"Spheric Guardian","floor":18.0,"turns":4.0},{"damage":48,"enemies":"Slavers","floor":24,"turns":6}],"seed_played":"-2765805289868773737","potions_obtained":[{"floor":7.0,"key":"Fire Potion"},{"floor":11.0,"key":"EntropicBrew"},{"floor":12.0,"key":"SpeedPotion"},{"floor":13.0,"key":"GhostInAJar"},{"floor":22.0,"key":"EntropicBrew"},{"floor":22.0,"key":"EntropicBrew"}],"is_trial":false,"path_per_floor":["M","?","?","$","?","R","M","E","T","E","M","M","M","?","R","B",null,"M","?","?","$","?","R","E"],"character_chosen":"THE_SILENT","items_purchased":["Bouncing Flask","Deadly Poison","Backflip","Crippling Poison","Turnip"],"campfire_rested":1,"item_purchase_floors":[4,4,21,21,21],"current_hp_per_floor":[63,63,63,63,63,63,63,73,73,28,30,24,19,7,29,18,61,39,39,39,44,44,44,0,0],"gold":175,"neow_bonus":"THREE_ENEMY_KILL","is_daily":false,"chose_seed":false,"campfire_upgraded":2,"win_rate":0.0,"timestamp":1608304882,"path_taken":["M","?","?","$","?","R","M","E","T","E","?","M","M","?","R","BOSS","M","?","?","$","?","R","E"],"items_purchased_type":["Card","Card","Card","Card","Relic"],"build_version":"2020-12-13","purchased_purges":2,"victory":false,"max_hp_per_floor":[70,70,65,65,65,65,65,75,75,75,75,75,75,75,75,75,75,75,75,75,75,75,75,75,75],"relic_stats":{"Blood Vial":14,"counters":[11,44],"Bloody Idol":5,"Turnip":[0],"Black Star":0,"MawBank":192,"obtain_stats":[{"Blood Vial":10,"Pear":8,"NeowsBlessing":0,"Golden Idol":3,"Bloody Idol":20,"Turnip":21,"Black Star":17,"Frozen Egg 2":9,"MawBank":5,"Ring of the Snake":0,"Meat on the Bone":14},{"Blood Vial":4,"Pear":3,"NeowsBlessing":0,"Golden Idol":1,"Bloody Idol":10,"Turnip":10,"Black Star":9,"Frozen Egg 2":3,"MawBank":1,"Ring of the Snake":0,"Meat on the Bone":8},{"Blood Vial":11,"Pear":3,"NeowsBlessing":0,"Golden Idol":1,"Bloody Idol":38,"Turnip":38,"Black Star":34,"Frozen Egg 2":3,"MawBank":1,"Ring of the Snake":0,"Meat on the Bone":29}],"Ring of the Snake":[22],"Meat on the Bone":12},"card_choices":[{"not_picked":["Outmaneuver","Leg Sweep","Flying Knee"],"picked":"SKIP","floor":1.0},{"not_picked":["Dodge and Roll","Masterful Stab"],"picked":"PiercingWail","floor":7.0},{"not_picked":["PiercingWail","Underhanded Strike"],"picked":"Catalyst","floor":8.0},{"not_picked":["PiercingWail","Sucker Punch"],"picked":"Acrobatics","floor":10.0},{"not_picked":["Prepared","Unload","Poisoned Stab"],"picked":"SKIP","floor":11.0},{"not_picked":["Flying Knee","Predator"],"picked":"Well Laid Plans+1","floor":12.0},{"not_picked":["Blade Dance","Endless Agony","Dagger Spray"],"picked":"SKIP","floor":13.0},{"not_picked":["PiercingWail","Caltrops+1"],"picked":"Catalyst","floor":14.0},{"not_picked":["Bullet Time","Unload"],"picked":"Adrenaline","floor":16.0},{"not_picked":["Outmaneuver","Cloak And Dagger","Caltrops+1"],"picked":"SKIP","floor":18.0}],"player_experience":435059,"relics_obtained":[{"floor":8.0,"key":"Pear"},{"floor":9.0,"key":"Frozen Egg 2"},{"floor":10.0,"key":"Blood Vial"},{"floor":14.0,"key":"Meat on the Bone"}],"event_choices":[{"damage_healed":0.0,"max_hp_gain":0.0,"max_hp_loss":0.0,"gold_gain":175.0,"event_name":"Liars Game","player_choice":"AGREE","floor":2.0,"gold_loss":0.0,"damage_taken":0.0,"cards_obtained":["Doubt"]},{"damage_healed":0.0,"max_hp_gain":0.0,"max_hp_loss":5.0,"gold_gain":0.0,"event_name":"Golden Idol","player_choice":"Lose Max HP","floor":3.0,"gold_loss":0.0,"damage_taken":0.0,"relics_obtained":["Golden Idol"]},{"damage_healed":0.0,"max_hp_gain":0.0,"max_hp_loss":0.0,"gold_gain":0.0,"event_name":"WeMeetAgain","player_choice":"Paid Gold","floor":5.0,"gold_loss":102.0,"damage_taken":0.0,"relics_obtained":["MawBank"]},{"damage_healed":0.0,"max_hp_gain":0.0,"max_hp_loss":0.0,"gold_gain":0.0,"event_name":"Dead Adventurer","player_choice":"Searched \u00271\u0027 times","floor":14.0,"gold_loss":0.0,"damage_taken":0.0},{"damage_healed":0.0,"max_hp_gain":0.0,"max_hp_loss":0.0,"gold_gain":99.0,"event_name":"Nest","player_choice":"Stole From Cult","floor":19.0,"gold_loss":0.0,"damage_taken":0.0},{"damage_healed":0.0,"max_hp_gain":0.0,"max_hp_loss":0.0,"gold_gain":0.0,"event_name":"Forgotten Altar","player_choice":"Gave Idol","floor":20.0,"relics_lost":["Golden Idol"],"gold_loss":0.0,"damage_taken":0.0,"relics_obtained":["Bloody Idol"]},{"damage_healed":0.0,"max_hp_gain":0.0,"max_hp_loss":0.0,"gold_gain":0.0,"event_name":"Lab","player_choice":"Got Potions","floor":22.0,"gold_loss":0.0,"damage_taken":0.0}],"is_beta":false,"boss_relics":[{"not_picked":["Empty Cage","WristBlade"],"picked":"Black Star"}],"items_purged_floors":[4,21],"is_endless":false,"potions_floor_spawned":[7,11,12,13,16],"killed_by":"Slavers","ascension_level":12}}