{"host":"x5a6cvihdukvwm3n","time":1608290661,"event":{"mods":["AlwaysNeverKeys","Aspiration","BaseMod","Beaked The Cultist","BetterRewards","Colored Map","Colored Powertips","Conspire","Curses Come First","Downfall","Friendly Minions","GifTheSpireLib","Gremlin Mod","Halation","Highlight Path","Hubris","Minty Spire (QoL Compilation)","Replay The Spire","Shop Mod","StSLib","Stuff the Spire","SuperFastMode","Synergy Search","Td1madao Mod","The Bladedancer","The Construct","The Disciple","The Jungle","The Servant 0.9.4","vexMod"],"gold_per_floor":[180,198,298,318,330,347,347,375,392,392,411,431,26,46,65,65,65],"floor_reached":16,"playtime":1116,"items_purged":[],"score":108,"play_id":"d4c41d18-4fc1-4e94-bc29-8c7712671759","local_time":"20201218122421","is_ascension_mode":false,"campfire_choices":[{"data":"hexamod:EmpoweredFlame","floor":10,"key":"SMITH"}],"circlet_count":0,"master_deck":["hexamod:Strike","hexamod:Strike","hexamod:Strike","hexamod:Strike","hexamod:Defend","hexamod:Defend","hexamod:Defend","hexamod:Defend","hexamod:Sear","hexamod:Float","hexamod:EmpoweredFlame+1","hexamod:Firestarter","hexamod:FourthSeal","hexamod:SpectralAdrenaline","hexamod:StepThrough","hexamod:GhostflameBarrier","hexamod:BurningTouch","hexamod:SecondSeal","hexamod:AdvancingGuard","hexamod:VolcanoVisage","hexamod:RadiantFlame","hexamod:Rewind"],"relics":["hexamod:SpiritBrand","Nunchaku","hexamod:SoulConsumer","aspiration:HummingbirdHeart"],"acts_visited":["Exordium"],"potions_floor_usage":[6,6,11,12,13,14,16,16,16],"damage_taken":[{"damage":0,"enemies":"2 Louse","floor":2,"turns":4},{"damage":1,"enemies":"Cultist","floor":4,"turns":4},{"damage":5,"enemies":"Small Slimes","floor":5,"turns":4},{"damage":2,"enemies":"2 Fungi Beasts","floor":6,"turns":4},{"damage":25,"enemies":"Lagavulin","floor":8,"turns":8},{"damage":10,"enemies":"Large Slime","floor":9,"turns":5},{"damage":1,"enemies":"Blue Slaver","floor":11,"turns":3},{"damage":24,"enemies":"Gremlin Gang","floor":12,"turns":6},{"damage":0,"enemies":"downfall:FleeingMerchant","floor":13,"turns":4},{"damage":5,"enemies":"Large Slime","floor":14,"turns":4},{"damage":3,"enemies":"Red Slaver","floor":15,"turns":5},{"damage":14,"enemies":"downfall:Ironclad","floor":16,"turns":6}],"seed_played":"2797986929358488468","potions_obtained":[{"floor":2,"key":"Adrenaline Potion"},{"floor":4,"key":"SpeedPotion"},{"floor":5,"key":"DuplicationPotion"},{"floor":6,"key":"SteroidPotion"},{"floor":8,"key":"Block Potion"},{"floor":9,"key":"Energy Potion"},{"floor":11,"key":"Toxic Potion"},{"floor":11,"key":"DuplicationPotion"},{"floor":12,"key":"LiquidMemories"},{"floor":13,"key":"SpeedPotion"},{"floor":14,"key":"BlessingOfTheForge"},{"floor":15,"key":"AttackPotion"}],"is_trial":false,"path_per_floor":["R_BF","M","?","M","M","M","T","E","M","R","M","M","$","M","M","B"],"character_chosen":"THE_SPIRIT","items_purchased":["aspiration:HummingbirdHeart","hexamod:VolcanoVisage"],"campfire_rested":0,"item_purchase_floors":[13,13],"current_hp_per_floor":[77,77,77,76,71,69,69,44,34,34,33,9,9,4,1,0,0],"gold":65,"neow_bonus":"TEN_PERCENT_HP_BONUS","is_daily":false,"chose_seed":false,"campfire_upgraded":1,"win_rate":0.0,"timestamp":1608290661,"path_taken":["R_BF","M","?","M","?","M","T","E","M","R","M","M","$","M","M","BOSS"],"items_purchased_type":["Relic","Card"],"build_version":"2020-12-13","purchased_purges":0,"victory":false,"max_hp_per_floor":[77,77,77,77,77,77,77,77,77,77,77,77,77,77,77,77,77],"card_choices":[{"not_picked":["hexamod:HeatCrush","hexamod:FastForward"],"picked":"hexamod:EmpoweredFlame","floor":2},{"not_picked":["hexamod:ShieldOfDarkness","hexamod:RetreatToShadows"],"picked":"hexamod:Firestarter","floor":4},{"not_picked":["hexamod:SwordOfDarkness","hexamod:NightmareGuise"],"picked":"hexamod:FourthSeal","floor":5},{"not_picked":["hexamod:ShieldOfDarkness","hexamod:RainOfEmbers"],"picked":"hexamod:SpectralAdrenaline","floor":6},{"not_picked":["hexamod:GhostOfSpireFuture","hexamod:InspiringFlames"],"picked":"hexamod:StepThrough","floor":8},{"not_picked":["hexamod:Haunt","hexamod:CatchUp"],"picked":"hexamod:GhostflameBarrier","floor":9},{"not_picked":["hexamod:RainOfEmbers","hexamod:Hexaguard"],"picked":"hexamod:BurningTouch","floor":11},{"not_picked":["hexamod:BurningTouch","hexamod:SwordOfDarkness"],"picked":"hexamod:SecondSeal","floor":12},{"not_picked":["hexamod:BurningTouch","hexamod:NightmareGuise"],"picked":"hexamod:AdvancingGuard","floor":13},{"not_picked":["hexamod:FastForward","hexamod:GhostLash"],"picked":"hexamod:RadiantFlame","floor":14},{"not_picked":["hexamod:Hexaguard","hexamod:BurningTouch"],"picked":"hexamod:Rewind","floor":15}],"player_experience":268336,"relics_obtained":[{"floor":7,"key":"Nunchaku"},{"floor":8,"key":"hexamod:SoulConsumer"}],"event_choices":[],"is_beta":false,"boss_relics":[],"items_purged_floors":[],"is_endless":false,"potions_floor_spawned":[2,4,5,11,12,15],"killed_by":"downfall:Ironclad","ascension_level":0}}