{"host":"qg7fj05lalo09o61","time":1608296874,"event":{"mods":["Act Like it!","Always Whale","BaseMod","CapriCore","Gensokyo","Minty Spire (QoL Compilation)","StSLib","Yuyuko"],"gold_per_floor":[114,11,30,42,52,80,34,34,34,69,16,16,32,32,32,137,137,157,168,16,16,30,30,55,55,80,330,17,33,59,86,86,181,181,198,198,33,49,49,49,64,64,64,64,79,99,130,149,149,149],"floor_reached":51,"playtime":4049,"items_purged":[],"score":913,"play_id":"e02240cf-1edb-4e1a-9857-614d2f722c09","local_time":"20201218160754","is_ascension_mode":true,"campfire_choices":[{"data":"Fondling of Papilio","floor":8.0,"key":"SMITH"},{"data":"Become Phantom","floor":15.0,"key":"SMITH"},{"data":"Death Dancing","floor":23.0,"key":"SMITH"},{"data":"Reinforced Body","floor":25.0,"key":"SMITH"},{"data":"Unfulfilling Attachment","floor":32.0,"key":"SMITH"},{"data":"Dark Shackles","floor":40,"key":"SMITH"},{"floor":42,"key":"REST"},{"data":"Become Phantom","floor":44,"key":"SMITH"},{"floor":49,"key":"REST"}],"circlet_count":0,"master_deck":["Fantasy Butterflies","Fantasy Butterflies","Fantasy Butterflies","Fantasy Butterflies","Fantasy Butterflies+1","Dreamy Sakura","Dreamy Sakura","Dreamy Sakura","Dreamy Sakura","Dreamy Sakura","Deathly Ground+1","Faramita\u0027s Temptation","Death Dancing+1","Spear of Papilio","Unknown Petal","Redemption of Death","Final of Final","Final of Final","Fondling of Papilio+1","Gather the Spring+1","Become Phantom+1","Final of Final","Final of Final","Spear of Papilio+1","Dream of Spring","Wandering Soul+1","Final of Final","Reinforced Body+1","Injury","Unfulfilling Attachment+1","Dark Shackles+1","Childlike+1","Gather the Spring","Doubt","CurseOfTheBell","All Wander+1","Apotheosis+1","Dark Wind+1","PanicButton+1","Become Phantom+1","Regret","Sakura Ward+1","Sakura Ward+1","Bloom+1"],"relics":["Coronal","Yuyuko\u0027s fan","Lizard Tail","Darkstone Periapt","InkBottle","Cursed Key","Membership Card","PreservedInsect","Chemical X","MealTicket","Trap Lamp","Pear","Nunchaku","Calling Bell","Toxic Egg 2","CaptainsWheel","Smiling Mask","Ghost Lamp","Whetstone"],"acts_visited":["Exordium","Gensokyo:Gensokyo","TheBeyond"],"potions_floor_usage":[39,39,41,45],"damage_taken":[{"damage":16.0,"enemies":"Gensokyo:Gryphon","floor":1.0,"turns":4.0},{"damage":12.0,"enemies":"Gensokyo:2_Kodama","floor":3.0,"turns":2.0},{"damage":6.0,"enemies":"Gensokyo:3_Fairies","floor":4.0,"turns":3.0},{"damage":27.0,"enemies":"Gensokyo:3_Kodama","floor":5.0,"turns":3.0},{"damage":29.0,"enemies":"Gensokyo:Cirno","floor":6.0,"turns":6.0},{"damage":10.0,"enemies":"Gensokyo:Aya","floor":10.0,"turns":3.0},{"damage":15.0,"enemies":"Gensokyo:Gryphon_and_Rabbit","floor":13.0,"turns":4.0},{"damage":58.0,"enemies":"Gensokyo:Kokoro","floor":16.0,"turns":9.0},{"damage":7.0,"enemies":"Gensokyo:Chomper","floor":18.0,"turns":3.0},{"damage":15.0,"enemies":"Gensokyo:3_Dogs","floor":19.0,"turns":3.0},{"damage":19.0,"enemies":"Gensokyo:3_Gloops","floor":22.0,"turns":4.0},{"damage":10.0,"enemies":"Gensokyo:Tenshi","floor":24.0,"turns":4.0},{"damage":3.0,"enemies":"Gensokyo:Wraith","floor":29.0,"turns":3.0},{"damage":12.0,"enemies":"Gensokyo:Reisen","floor":30.0,"turns":4.0},{"damage":0.0,"enemies":"Gensokyo:Eternal_Rivals","floor":33.0,"turns":6.0},{"damage":13,"enemies":"Orb Walker","floor":35,"turns":3},{"damage":12,"enemies":"3 Shapes","floor":38,"turns":3},{"damage":1,"enemies":"Writhing Mass","floor":39,"turns":1},{"damage":43,"enemies":"Jaw Worm Horde","floor":41,"turns":4},{"damage":35,"enemies":"Spire Growth","floor":45,"turns":3},{"damage":5,"enemies":"Writhing Mass","floor":46,"turns":5},{"damage":5,"enemies":"Giant Head","floor":47,"turns":5},{"damage":17,"enemies":"Transient","floor":48,"turns":5},{"damage":54,"enemies":"Time Eater","floor":50,"turns":10}],"seed_played":"7027603652682187369","potions_obtained":[{"floor":1.0,"key":"SteroidPotion"},{"floor":3.0,"key":"Energy Potion"},{"floor":6.0,"key":"Turbid Wine"},{"floor":10.0,"key":"Turbid Wine"},{"floor":13.0,"key":"Turbid Wine"},{"floor":16.0,"key":"Turbid Wine"},{"floor":19.0,"key":"Turbid Wine"},{"floor":22.0,"key":"Turbid Wine"},{"floor":24.0,"key":"Turbid Wine"},{"floor":29.0,"key":"Turbid Wine"},{"floor":29.0,"key":"SmokeBomb"},{"floor":30.0,"key":"Turbid Wine"},{"floor":35,"key":"Regen Potion"},{"floor":41,"key":"AttackPotion"}],"is_trial":false,"path_per_floor":["M","$","M","M","M","E","?","R","T","E","$","?","M","?","R","B",null,"M","M","$","?","M","R","E","R","T","?","$","M","E","T","R","B",null,"M","?","$","M","M","R","M","R","T","R","M","M","E","M","R","B",null],"character_chosen":"YUYOKO","items_purchased":["Spear of Papilio","Unknown Petal","Become Phantom","Membership Card","Chemical X","MealTicket","Unfulfilling Attachment","Trap Lamp","Dark Shackles","Apotheosis+1","Dark Wind+1","PanicButton+1"],"campfire_rested":2,"item_purchase_floors":[2,2,11,20,28,28,28,28,28,37,37,37],"current_hp_per_floor":[36,36,35,37,24,17,40,40,40,32,32,32,26,26,26,11,40,35,28,28,28,21,21,26,26,32,32,32,40,44,50,50,1,68,57,57,68,57,56,56,34,54,60,60,31,45,65,53,74,51],"gold":149,"neow_bonus":"UPGRADE_CARD","is_daily":false,"chose_seed":false,"campfire_upgraded":7,"win_rate":0.0,"timestamp":1608296874,"path_taken":["M","$","M","M","M","E","?","R","T","E","$","?","M","?","R","BOSS","M","M","$","?","M","R","E","R","T","?","$","M","E","?","R","BOSS","M","?","?","M","M","R","M","R","T","R","M","M","E","M","R","BOSS"],"items_purchased_type":["Card","Card","Card","Relic","Relic","Relic","Card","Card","Card","Card","Card","Card"],"build_version":"2020-12-13","purchased_purges":0,"victory":true,"max_hp_per_floor":[40,40,40,40,40,40,40,40,40,40,40,40,40,40,40,40,40,40,40,40,40,40,40,40,40,46,46,46,46,56,62,62,62,68,68,68,68,68,68,68,68,68,74,74,74,74,74,74,74,74],"card_choices":[{"not_picked":["Monster Cherry Tree","Infinite Sin"],"picked":"Death Dancing","floor":1.0},{"not_picked":["Spear of Papilio","Wandering Soul"],"picked":"Redemption of Death","floor":3.0},{"not_picked":["Linger over Flower","The Forgotten Winter"],"picked":"Final of Final","floor":4.0},{"not_picked":["Open The Fan","Gone"],"picked":"Final of Final","floor":5.0},{"not_picked":["Snow","Ghastly Dream"],"picked":"Fondling of Papilio","floor":6.0},{"not_picked":["The Nether","Monster Cherry Tree"],"picked":"Gather the Spring","floor":10.0},{"not_picked":["Steamed Phantom","Open The Fan"],"picked":"Final of Final","floor":13.0},{"not_picked":["Elegance","Postpone Bloom"],"picked":"Final of Final","floor":14.0},{"not_picked":["End of Faramita","Open The Fan"],"picked":"Spear of Papilio","floor":14.0},{"not_picked":["Float on Moon","Supernatural Nether"],"picked":"Dream of Spring","floor":16.0},{"not_picked":["Cerasus Subhirtella","Snow"],"picked":"Wandering Soul+1","floor":18.0},{"not_picked":["Butterflies in Dream","Spear of Papilio"],"picked":"Final of Final","floor":19.0},{"not_picked":["Ghostdom Sakura","End of Faramita","Unreal"],"picked":"SKIP","floor":22.0},{"not_picked":["Phantom Village","Dying Sakura","Wandering Soul"],"picked":"SKIP","floor":24.0},{"not_picked":["Bomb","Song of Papilio"],"picked":"Childlike+1","floor":29.0},{"not_picked":["Unreal","Gauzy Sakura"],"picked":"Gather the Spring","floor":30.0},{"not_picked":["Bomb+1","Wandering Soul+1"],"picked":"All Wander+1","floor":35},{"not_picked":["Reverse The Screen+1","End of Faramita+1","Triple Snow+1"],"picked":"SKIP","floor":38},{"not_picked":["Spear of Papilio+1","Gauzy Sakura+1"],"picked":"Become Phantom","floor":41},{"not_picked":["Unborn Light+1","Unknown Petal+1"],"picked":"Sakura Ward+1","floor":45},{"not_picked":["Snow+1","Trap Lamp+1"],"picked":"Sakura Ward+1","floor":46},{"not_picked":["Mirror of Mind+1","Full Moon+1","Open The Fan+1"],"picked":"SKIP","floor":47},{"not_picked":["Bomb+1","Final of Final+1"],"picked":"Bloom+1","floor":48}],"player_experience":198412,"relics_obtained":[{"floor":6.0,"key":"Lizard Tail"},{"floor":9.0,"key":"Darkstone Periapt"},{"floor":10.0,"key":"InkBottle"},{"floor":24.0,"key":"PreservedInsect"},{"floor":26.0,"key":"Bag of Preparation"},{"floor":30.0,"key":"Pear"},{"floor":31.0,"key":"Nunchaku"},{"floor":34,"key":"Toxic Egg 2"},{"floor":34,"key":"CaptainsWheel"},{"floor":34,"key":"Smiling Mask"},{"floor":43,"key":"Ghost Lamp"},{"floor":47,"key":"Whetstone"}],"event_choices":[{"damage_healed":0,"gold_gain":0,"player_choice":"0 cards matched","damage_taken":0,"max_hp_gain":0,"max_hp_loss":0,"event_name":"Match and Keep!","floor":36,"gold_loss":0,"cards_obtained":[]}],"is_beta":false,"boss_relics":[{"not_picked":["Black Star","Fusion Hammer"],"picked":"Cursed Key"},{"not_picked":["Busted Crown","Runic Pyramid"],"picked":"Calling Bell"}],"items_purged_floors":[],"is_endless":false,"potions_floor_spawned":[1,3,6,22,29,33,35,39,41],"ascension_level":1}}