{"host":"0gl1h2c0bid0oqhv","time":1608313590,"event":{"mods":["BaseMod","Colored Map","Downfall","Googly Eyes","Highlight Path","Minty Spire (QoL Compilation)","Replay The Spire","StSLib"],"gold_per_floor":[99,99,131,56,56,88,111,129,139,139,139,41,26,38,56,160,160,160,177,177,189,189,189,189,189,241,166,166,200,210,223,163,187,197,297,347,272,272,286,296,296,316,316,327,339,339,66,66,92,102,113,113],"floor_reached":53,"playtime":2914,"items_purged":[],"score":737,"play_id":"5a169f85-0844-4e63-a7d1-a1ee68aa170b","local_time":"20201218174630","is_ascension_mode":false,"campfire_choices":[{"floor":1,"key":"RECALL"},{"data":"Guardian:TwinSlam","floor":4,"key":"SMITH"},{"data":"Guardian:TimeSifter","floor":10,"key":"SMITH"},{"data":"Guardian:Incinerate","floor":18,"key":"SMITH"},{"data":"Guardian:RefractedBeam+1","floor":25,"key":"SMITH"},{"data":"Guardian:RefractedBeam+2","floor":27,"key":"SMITH"},{"data":"Guardian:RefractedBeam+3","floor":37,"key":"SMITH"},{"data":"Guardian:PrismaticBeam","floor":41,"key":"SMITH"},{"floor":46,"key":"REST"}],"circlet_count":0,"master_deck":["Guardian:Strike_Guardian","Guardian:Strike_Guardian","Guardian:Strike_Guardian","Guardian:Strike_Guardian","Guardian:Defend_Guardian","Guardian:Defend_Guardian","Guardian:Defend_Guardian","Guardian:Defend_Guardian","Guardian:CurlUp+1","Guardian:TwinSlam+1","Guardian:TimeSifter+1","Guardian:ChargeUp+1","Guardian:SpikerProtocol","Regret","Guardian:BronzeOrb","Guardian:Incinerate+1","Guardian:TemporalShield","Guardian:StasisStrike","Guardian:RefractedBeam+5","RitualDagger+1","Guardian:CrystalBeam+1","Guardian:BronzeOrb","Guardian:Suspension","Guardian:CrystalBeam","Guardian:StasisField","Guardian:ChargeUp+1","Guardian:PiercingHide+1","Guardian:PrismaticBeam+1","Guardian:TemporalStrike+1","Guardian:Repulse+1","Guardian:RollAttack+1","Guardian:PiercingHide+1","Guardian:Repulse+1"],"relics":["Guardian:ModeShifter","downfall:HeartsMalice","Potion Belt","downfall:HeartBlessingRed","Bag of Marbles","Nunchaku","ReplayTheSpireMod:CursedCoin","PreservedInsect","Velvet Choker","downfall:HeartBlessingBlue","Ornamental Fan","Replay:WaspNest","Guardian:SackOfGems","Tiny House","downfall:HeartBlessingGreen","Mirror","Replay:Ringing Soul","Bag of Preparation"],"acts_visited":["Exordium","TheCity","TheBeyond"],"potions_floor_usage":[12,12,15,35,35,35,42,50,52,52,52],"damage_taken":[{"damage":0,"enemies":"Small Slimes","floor":2,"turns":1},{"damage":0,"enemies":"Replay:BlueRogue","floor":3,"turns":1},{"damage":0,"enemies":"Gremlin Nob","floor":6,"turns":1},{"damage":0,"enemies":"2 Louse","floor":8,"turns":2},{"damage":0,"enemies":"Cultist","floor":9,"turns":3},{"damage":5,"enemies":"downfall:FleeingMerchant","floor":12,"turns":4},{"damage":1,"enemies":"downfall:FleeingMerchant","floor":13,"turns":4},{"damage":3,"enemies":"2 Fungi Beasts","floor":14,"turns":3},{"damage":2,"enemies":"Gremlin Gang","floor":15,"turns":4},{"damage":20,"enemies":"downfall:Watcher","floor":16,"turns":10},{"damage":6,"enemies":"Shell Parasite","floor":19,"turns":4},{"damage":1,"enemies":"Chosen","floor":21,"turns":4},{"damage":2,"enemies":"Book of Stabbing","floor":29,"turns":4},{"damage":1,"enemies":"Centurion and Healer","floor":30,"turns":3},{"damage":0,"enemies":"Snecko","floor":31,"turns":3},{"damage":0,"enemies":"3 Cultists","floor":34,"turns":4},{"damage":6,"enemies":"downfall:Silent","floor":35,"turns":5},{"damage":0,"enemies":"Orb Walker","floor":39,"turns":2},{"damage":3,"enemies":"3 Shapes","floor":40,"turns":4},{"damage":3,"enemies":"Spire Growth","floor":42,"turns":3},{"damage":9,"enemies":"Maw","floor":44,"turns":6},{"damage":6,"enemies":"4 Shapes","floor":45,"turns":4},{"damage":0,"enemies":"downfall:FleeingMerchant","floor":47,"turns":4},{"damage":8,"enemies":"Spire Growth","floor":50,"turns":4},{"damage":8,"enemies":"Jaw Worm Horde","floor":51,"turns":3},{"damage":6,"enemies":"downfall:Defect","floor":52,"turns":6}],"seed_played":"5262318813603940981","potions_obtained":[{"floor":3,"key":"sneckomod:MuddlingPotion"},{"floor":8,"key":"champ:CounterPotion"},{"floor":14,"key":"SkillPotion"},{"floor":20,"key":"downfall:CursedFountainPotion"},{"floor":24,"key":"CultistPotion"},{"floor":30,"key":"Elixir"},{"floor":31,"key":"Energy Potion"},{"floor":35,"key":"LiquidBronze"},{"floor":36,"key":"champ:CounterPotion"},{"floor":39,"key":"FearPotion"},{"floor":44,"key":"SteroidPotion"},{"floor":45,"key":"Languid Potion"}],"is_trial":false,"path_per_floor":["R_BF","M","E","R","?","E","T","M","M","R","?","$","$","M","M","B",null,"R","M","?","M","PTL","PTL","?","R","T","R","T","E","M","M","?","?","M","B",null,"R","?","M","M","R","M","T","M","M","R","$","?","?","M","M","B",null],"character_chosen":"GUARDIAN","items_purchased":["ReplayTheSpireMod:CursedCoin","PreservedInsect","Guardian:BronzeOrb","Replay:Ringing Soul"],"campfire_rested":1,"item_purchase_floors":[12,12,12,47],"current_hp_per_floor":[80,80,80,80,85,85,85,85,85,85,85,80,79,76,74,54,85,85,79,79,78,78,78,78,78,78,88,88,86,85,85,85,62,62,56,100,100,92,92,89,89,86,86,77,71,100,100,100,100,95,87,81],"gold":113,"neow_bonus":"THREE_ENEMY_KILL","is_daily":false,"chose_seed":false,"campfire_upgraded":7,"win_rate":0.0,"timestamp":1608313590,"path_taken":["R_BF","M","E","R","?","E","T","M","M","R","?","$","$","?","M","BOSS","R","M","?","?","PTL","PTL","?","R","T","R","?","E","M","M","?","?","M","BOSS","R","?","M","M","R","?","T","M","M","R","$","?","?","M","M","BOSS"],"items_purchased_type":["Relic","Relic","Card","Relic"],"build_version":"2020-12-13","purchased_purges":0,"victory":true,"max_hp_per_floor":[80,80,80,80,85,85,85,85,85,85,85,85,85,85,85,85,85,85,85,85,85,85,85,85,85,85,95,95,95,95,95,95,95,95,95,100,100,100,100,100,100,100,100,100,100,100,100,100,100,103,103,103],"card_choices":[{"not_picked":["Guardian:BronzeOrb","Guardian:Recover"],"picked":"Guardian:Gem_Cyan","floor":2},{"not_picked":["Guardian:PrimingBeam","Guardian:WalkerClaw"],"picked":"Guardian:Gem_Lightblue","floor":3},{"not_picked":["Guardian:Incinerate","Guardian:WalkerClaw"],"picked":"Guardian:TimeSifter","floor":6},{"not_picked":["Guardian:Repulse","Guardian:Planning"],"picked":"Guardian:ChargeUp","floor":8},{"not_picked":["Guardian:VentSteam","Guardian:EvasiveProtocol"],"picked":"Guardian:Gem_White","floor":9},{"not_picked":["Guardian:CrystalBeam","Guardian:Gem_Lightblue"],"picked":"Guardian:SpikerProtocol","floor":12},{"not_picked":["Guardian:ChargeCore","Guardian:SphericShield"],"picked":"Guardian:Gem_Orange","floor":13},{"not_picked":["Guardian:PiercingHide","Guardian:Recover"],"picked":"Guardian:Incinerate","floor":14},{"not_picked":["Guardian:ShieldCharger","Guardian:Preprogram"],"picked":"Guardian:TemporalShield","floor":15},{"not_picked":["Guardian:AncientConstruct","Guardian:ExploitGems"],"picked":"Guardian:StasisStrike","floor":16},{"not_picked":["Guardian:Reroute","Guardian:Incinerate"],"picked":"Guardian:Gem_Blue","floor":19},{"not_picked":["Guardian:Planning+1","Guardian:TemporalStrike"],"picked":"Guardian:RefractedBeam+1","floor":21},{"not_picked":["Guardian:DecasProtection+1","Guardian:DonusPower"],"picked":"Guardian:Gem_Crimson","floor":29},{"not_picked":["Guardian:DonusPower","Guardian:Gem_Cyan"],"picked":"Guardian:CrystalBeam+1","floor":30},{"not_picked":["Guardian:ChargeCore","Guardian:PolyBeam"],"picked":"Guardian:BronzeOrb","floor":31},{"not_picked":["Guardian:Repulse","Guardian:ShieldCharger+1"],"picked":"Guardian:Suspension","floor":33},{"not_picked":["Guardian:Gem_Green","Guardian:Gem_Crimson"],"picked":"Guardian:CrystalBeam","floor":34},{"not_picked":["Guardian:StasisStrike","Guardian:SphericShield"],"picked":"Guardian:StasisField","floor":35},{"not_picked":["Guardian:Suspension+1","Guardian:WalkerClaw"],"picked":"Guardian:ChargeUp+1","floor":36},{"not_picked":["Guardian:Emergency","Guardian:Gem_Red"],"picked":"Guardian:PiercingHide+1","floor":39},{"not_picked":["Guardian:PrimingBeam+1","Guardian:Harden+1"],"picked":"Guardian:PrismaticBeam","floor":40},{"not_picked":["Guardian:Incinerate+1","Guardian:PiercingHide+1"],"picked":"Guardian:TemporalStrike+1","floor":42},{"not_picked":["Guardian:ChargeUp+1","Guardian:CrystalBeam"],"picked":"Guardian:Repulse+1","floor":44},{"not_picked":["Guardian:Gem_Blue","Guardian:Reroute+1"],"picked":"Guardian:RollAttack+1","floor":45},{"not_picked":["Guardian:StasisStrike","Guardian:Gem_Orange"],"picked":"Guardian:PiercingHide+1","floor":47},{"not_picked":["Guardian:Incinerate+1","Guardian:Suspension"],"picked":"Guardian:Repulse+1","floor":50},{"not_picked":["Guardian:ShieldCharger+1","Guardian:MultiBeam","Guardian:PiercingHide"],"picked":"SKIP","floor":51}],"player_experience":4110,"relics_obtained":[{"floor":3,"key":"Potion Belt"},{"floor":6,"key":"Bag of Marbles"},{"floor":7,"key":"Nunchaku"},{"floor":28,"key":"Ornamental Fan"},{"floor":29,"key":"Replay:WaspNest"},{"floor":33,"key":"Guardian:SackOfGems"},{"floor":43,"key":"Mirror"},{"floor":49,"key":"Bag of Preparation"}],"event_choices":[{"damage_healed":0,"gold_gain":0,"player_choice":"Donut","damage_taken":0,"max_hp_gain":5,"max_hp_loss":0,"event_name":"Big Fish","floor":5,"gold_loss":0},{"damage_healed":0,"gold_gain":0,"player_choice":"Upgraded","damage_taken":0,"max_hp_gain":0,"max_hp_loss":0,"event_name":"Upgrade Shrine","floor":11,"gold_loss":0,"cards_upgraded":["Guardian:CurlUp"]}],"is_beta":false,"boss_relics":[{"not_picked":["ReplayTheSpireMod:DimensionalGlitch","Painkiller Herb"],"picked":"Velvet Choker"},{"not_picked":["Black Star","Philosopher\u0027s Stone"],"picked":"Tiny House"}],"items_purged_floors":[],"is_endless":false,"potions_floor_spawned":[3,8,14,30,31,35,39,44,45],"ascension_level":0}}