{"host":"raai0vtvcfkt8csp","time":1608252777,"event":{"mods":["2.2 Compatiblity","AchievementEnabler","BaseMod","Block Reminder","Booster Modes","DeckTracker","Defective Defect","GifTheSpireLib","Minty Spire (QoL Compilation)","Quick Restart","Random Character Button","Rare Cards Sparkle","StSLib","Unceasing Turn Reminder"],"gold_per_floor":[110,127,202,213,213,248,248,280,280,8,8,28,40,67,67,165,165,183,196,122,134,146,175,175,208,233,247,274,274,287,302,302,407,407,417,417,431,431,86,86,119,139,185,219,1,1,1,18,18,18,18],"floor_reached":50,"playtime":3764,"items_purged":["Injury","Regret"],"score":661,"play_id":"5358b89d-aab9-4175-967d-a1792ccce818","local_time":"20201218015257","is_ascension_mode":true,"campfire_choices":[{"data":"Accuracy","floor":7,"key":"SMITH"},{"floor":15,"key":"REST"},{"floor":24,"key":"REST"},{"floor":32,"key":"REST"},{"floor":40,"key":"RECALL"},{"data":"Noxious Fumes","floor":46,"key":"SMITH"},{"data":"Noxious Fumes","floor":49,"key":"SMITH"}],"circlet_count":0,"master_deck":["Strike_G","Strike_G","Defend_G","Defend_G","Defend_G","Defend_G","Defend_G","Survivor","Neutralize","Deadly Poison","Poisoned Stab","Storm of Steel","Accuracy+1","Calculated Gamble","Footwork","Cloak And Dagger","Blade Dance","Flying Knee","Caltrops","Expertise","Corpse Explosion","Unload+1","Cloak And Dagger+1","Skewer+1","Underhanded Strike","Footwork","Terror","Escape Plan","Underhanded Strike","Blade Dance","Reflex+1","Setup","Noxious Fumes+1","Venomology","Infinite Blades","Noxious Fumes+1","Flash of Steel","Well Laid Plans","Expertise+1","Accuracy+1","Blur","The Bomb","Parasite","Tactician+1"],"relics":["Ring of the Snake","Centennial Puzzle","Mango","Ginger","InkBottle","Astrolabe","Paper Crane","Lizard Tail","PreservedInsect","Gremlin Horn","CultistMask","Cursed Key","Bird Faced Urn","Orichalcum","Frozen Egg 2","Smiling Mask","Pen Nib"],"acts_visited":["Exordium","TheCity","TheBeyond"],"potions_floor_usage":[13,16,18,23,25,25,27,28,33,41,41,50,50],"damage_taken":[{"damage":2,"enemies":"Small Slimes","floor":1,"turns":4},{"damage":0,"enemies":"2 Louse","floor":2,"turns":3},{"damage":0,"enemies":"Jaw Worm","floor":4,"turns":4},{"damage":24,"enemies":"Lagavulin","floor":6,"turns":8},{"damage":10,"enemies":"Gremlin Nob","floor":8,"turns":3},{"damage":1,"enemies":"Red Slaver","floor":12,"turns":4},{"damage":1,"enemies":"Looter","floor":13,"turns":4},{"damage":4,"enemies":"Lagavulin","floor":14,"turns":5},{"damage":29,"enemies":"The Guardian","floor":16,"turns":12},{"damage":12,"enemies":"2 Thieves","floor":18,"turns":3},{"damage":10,"enemies":"3 Byrds","floor":19,"turns":3},{"damage":4,"enemies":"Snecko","floor":21,"turns":4},{"damage":16,"enemies":"Chosen and Byrds","floor":22,"turns":6},{"damage":29,"enemies":"Slavers","floor":23,"turns":4},{"damage":34,"enemies":"Gremlin Leader","floor":25,"turns":5},{"damage":13,"enemies":"Centurion and Healer","floor":27,"turns":4},{"damage":26,"enemies":"Book of Stabbing","floor":28,"turns":7},{"damage":15,"enemies":"Snecko","floor":30,"turns":3},{"damage":1,"enemies":"3 Cultists","floor":31,"turns":3},{"damage":38,"enemies":"Collector","floor":33,"turns":10},{"damage":0,"enemies":"3 Shapes","floor":35,"turns":1},{"damage":18,"enemies":"3 Darklings","floor":37,"turns":4},{"damage":11,"enemies":"Giant Head","floor":41,"turns":6},{"damage":6,"enemies":"Sphere and 2 Shapes","floor":42,"turns":7},{"damage":23,"enemies":"Nemesis","floor":44,"turns":7},{"damage":28,"enemies":"Writhing Mass","floor":48,"turns":6},{"damage":91,"enemies":"Awakened One","floor":50,"turns":3}],"seed_played":"6682049557782309257","potions_obtained":[{"floor":2,"key":"LiquidBronze"},{"floor":12,"key":"Fruit Juice"},{"floor":13,"key":"BlessingOfTheForge"},{"floor":18,"key":"BlessingOfTheForge"},{"floor":23,"key":"Regen Potion"},{"floor":25,"key":"Energy Potion"},{"floor":27,"key":"Poison Potion"},{"floor":31,"key":"LiquidBronze"},{"floor":37,"key":"SkillPotion"}],"is_trial":false,"path_per_floor":["M","M","?","M","?","E","R","E","T","$","?","M","M","E","R","B",null,"M","M","$","M","M","E","R","E","T","M","E","?","M","M","R","B",null,"M","T","M","?","$","R","E","M","T","E","$","R","$","M","R","B"],"character_chosen":"THE_SILENT","items_purchased":["Footwork","Cloak And Dagger","Blade Dance","Flying Knee","Regen Potion","Footwork","Orichalcum","Well Laid Plans","Energy Potion","The Bomb"],"campfire_rested":3,"item_purchase_floors":[10,10,10,10,10,20,39,39,39,45],"current_hp_per_floor":[75,75,64,64,64,40,40,44,44,44,37,36,40,36,64,50,96,84,74,74,70,54,25,53,33,33,20,42,42,27,26,54,16,96,96,96,84,84,84,84,89,93,93,85,85,85,85,75,75,0,0],"gold":18,"neow_bonus":"TEN_PERCENT_HP_BONUS","is_daily":false,"chose_seed":false,"campfire_upgraded":3,"win_rate":0.0,"timestamp":1608252777,"path_taken":["M","M","?","M","?","E","R","E","T","$","?","M","M","E","R","BOSS","M","M","$","M","M","E","R","E","T","M","E","?","M","M","R","BOSS","M","?","M","?","?","R","E","M","T","E","$","R","$","M","R","BOSS"],"items_purchased_type":["Card","Card","Card","Card","Potion","Card","Relic","Card","Potion","Card"],"build_version":"2020-12-13","purchased_purges":2,"victory":false,"max_hp_per_floor":[77,77,77,77,77,77,77,91,91,91,91,91,96,96,96,96,96,96,96,96,96,96,96,96,96,96,96,96,96,96,96,96,96,96,96,96,96,96,96,96,96,96,96,96,96,96,96,96,96,96,96],"card_choices":[{"not_picked":["Underhanded Strike","Acrobatics"],"picked":"Deadly Poison","floor":1},{"not_picked":["Underhanded Strike","Expertise"],"picked":"Poisoned Stab","floor":2},{"not_picked":["Expertise","Concentrate"],"picked":"Storm of Steel","floor":4},{"not_picked":["Prepared","Catalyst"],"picked":"Accuracy","floor":6},{"not_picked":["Sucker Punch","Deflect"],"picked":"Calculated Gamble","floor":8},{"not_picked":["Poisoned Stab","Deflect","Sucker Punch"],"picked":"SKIP","floor":12},{"not_picked":["Dagger Throw","Prepared"],"picked":"Caltrops","floor":13},{"not_picked":["Deadly Poison","Corpse Explosion"],"picked":"Expertise","floor":14},{"not_picked":["Wraith Form v2","Night Terror"],"picked":"Corpse Explosion","floor":16},{"not_picked":["Prepared","Flying Knee","Slice"],"picked":"SKIP","floor":18},{"not_picked":["Concentrate","Sucker Punch+1"],"picked":"Underhanded Strike","floor":19},{"not_picked":["Slice+1","Deflect","Sucker Punch+1"],"picked":"SKIP","floor":21},{"not_picked":["Deflect","Flechettes"],"picked":"Terror","floor":22},{"not_picked":["Deflect","Masterful Stab+1"],"picked":"Escape Plan","floor":23},{"not_picked":["Dodge and Roll","Corpse Explosion"],"picked":"Underhanded Strike","floor":25},{"not_picked":["Sucker Punch","Concentrate"],"picked":"Blade Dance","floor":27},{"not_picked":["Bane+1","Backflip"],"picked":"Reflex+1","floor":28},{"not_picked":["Prepared+1","Catalyst"],"picked":"Setup","floor":30},{"not_picked":["Predator","Quick Slash"],"picked":"Noxious Fumes","floor":31},{"not_picked":["Glass Knife","Adrenaline"],"picked":"Venomology","floor":33},{"not_picked":["Predator","Outmaneuver"],"picked":"Infinite Blades","floor":35},{"not_picked":["Dodge and Roll","Distraction+1"],"picked":"Noxious Fumes","floor":37},{"not_picked":["Secret Weapon","Impatience"],"picked":"Flash of Steel","floor":38},{"not_picked":["Dagger Spray+1","Outmaneuver+1"],"picked":"Expertise+1","floor":41},{"not_picked":["Riddle With Holes+1","Dodge and Roll+1"],"picked":"Accuracy+1","floor":42},{"not_picked":["Eviscerate","Dodge and Roll"],"picked":"Blur","floor":44},{"not_picked":["Quick Slash","Terror+1"],"picked":"Tactician+1","floor":48}],"player_experience":404699,"relics_obtained":[{"floor":6,"key":"Centennial Puzzle"},{"floor":8,"key":"Mango"},{"floor":14,"key":"InkBottle"},{"floor":23,"key":"Paper Crane"},{"floor":25,"key":"Lizard Tail"},{"floor":26,"key":"PreservedInsect"},{"floor":28,"key":"Gremlin Horn"},{"floor":36,"key":"Bird Faced Urn"},{"floor":41,"key":"Frozen Egg 2"},{"floor":43,"key":"Smiling Mask"},{"floor":44,"key":"Pen Nib"}],"event_choices":[{"damage_healed":0,"gold_gain":75,"player_choice":"Gather Gold","damage_taken":11,"max_hp_gain":0,"max_hp_loss":0,"event_name":"World of Goop","floor":3,"gold_loss":0},{"damage_healed":0,"gold_gain":0,"player_choice":"Leave","damage_taken":0,"max_hp_gain":0,"max_hp_loss":0,"event_name":"The Cleric","floor":5,"gold_loss":0},{"damage_healed":0,"gold_gain":0,"player_choice":"Success","damage_taken":7,"relics_obtained":["Ginger"],"max_hp_gain":0,"max_hp_loss":0,"event_name":"Scrap Ooze","floor":11,"gold_loss":0},{"damage_healed":0,"gold_gain":0,"player_choice":"Trade","damage_taken":0,"relics_obtained":["CultistMask"],"max_hp_gain":0,"max_hp_loss":0,"event_name":"FaceTrader","floor":29,"gold_loss":0},{"damage_healed":0,"gold_gain":0,"player_choice":"Memory 1","damage_taken":0,"max_hp_gain":0,"max_hp_loss":0,"event_name":"SensoryStone","floor":38,"gold_loss":0}],"is_beta":false,"boss_relics":[{"not_picked":["Runic Pyramid","Busted Crown"],"picked":"Astrolabe"},{"not_picked":["Velvet Choker","Snecko Eye"],"picked":"Cursed Key"}],"items_purged_floors":[39,45],"is_endless":false,"potions_floor_spawned":[2,12,13,18,23,25,27,31,37,44],"killed_by":"Awakened One","ascension_level":1}}