{"host":"naykp6d9ulahlwib","time":1608273537,"event":{"mods":["BaseMod","Highlight Path","Minty Spire (QoL Compilation)","Shop Mod","StSLib"],"gold_per_floor":[114,133,133,21,21,52,52,52,100,120,145,74,74,94,103,217,244,258,300,314,75,95,95,124,124,124,134,134,160,170,33,42,150,150,164,386,6,25,25,58,58,58,81,81,81,96,117,117,117,117,117,117,57,99,99,99],"floor_reached":55,"playtime":5637,"items_purged":["Strike_G","Strike_G","Strike_G+1"],"score":1146,"play_id":"2c732137-39a6-4f7d-8863-d2a1b7a70896","local_time":"20201218003857","is_ascension_mode":true,"campfire_choices":[{"data":"Footwork","floor":8.0,"key":"SMITH"},{"data":"Neutralize","floor":13.0,"key":"SMITH"},{"floor":15.0,"key":"REST"},{"data":"Burst","floor":23.0,"key":"SMITH"},{"floor":28.0,"key":"REST"},{"floor":32.0,"key":"REST"},{"data":"Accuracy","floor":41.0,"key":"SMITH"},{"data":"A Thousand Cuts","floor":45.0,"key":"SMITH"},{"floor":49.0,"key":"RECALL"},{"data":"Accuracy","floor":52.0,"key":"SMITH"}],"circlet_count":0,"master_deck":["Defend_G","Defend_G+1","Defend_G+1","Defend_G","Survivor","Neutralize+1","Footwork+1","Blade Dance+1","Infinite Blades","Accuracy+1","Blade Dance","Blade Dance","A Thousand Cuts+1","Unload+1","Cloak And Dagger+1","Cloak And Dagger","Burst+1","Blade Dance+1","Accuracy+1","Cloak And Dagger+1","Malaise+1","Escape Plan+1","Cloak And Dagger+1","Well Laid Plans","Tools of the Trade"],"relics":["Ring of the Snake","NeowsBlessing","Art of War","CeramicFish","Dream Catcher","Astrolabe","Red Mask","Eternal Feather","Toxic Egg 2","Kunai","DollysMirror","Philosopher\u0027s Stone","Bottled Tornado","MealTicket","War Paint"],"acts_visited":["Exordium","TheCity","TheBeyond","TheEnding"],"potions_floor_usage":[55],"damage_taken":[{"damage":0.0,"enemies":"Cultist","floor":1.0,"turns":1.0},{"damage":0.0,"enemies":"Jaw Worm","floor":2.0,"turns":1.0},{"damage":0.0,"enemies":"Lagavulin","floor":6.0,"turns":1.0},{"damage":0.0,"enemies":"2 Louse","floor":10.0,"turns":2.0},{"damage":0.0,"enemies":"Looter","floor":11.0,"turns":5.0},{"damage":14.0,"enemies":"Exordium Wildlife","floor":14.0,"turns":7.0},{"damage":0.0,"enemies":"Slime Boss","floor":16.0,"turns":5.0},{"damage":2.0,"enemies":"Chosen","floor":18.0,"turns":4.0},{"damage":13.0,"enemies":"Masked Bandits","floor":19.0,"turns":5.0},{"damage":2.0,"enemies":"Shell Parasite","floor":20.0,"turns":4.0},{"damage":9.0,"enemies":"Shelled Parasite and Fungi","floor":22.0,"turns":6.0},{"damage":31.0,"enemies":"Book of Stabbing","floor":24.0,"turns":5.0},{"damage":3.0,"enemies":"Chosen and Byrds","floor":27.0,"turns":5.0},{"damage":0.0,"enemies":"Snecko","floor":29.0,"turns":5.0},{"damage":9.0,"enemies":"Centurion and Healer","floor":30.0,"turns":3.0},{"damage":38.0,"enemies":"Automaton","floor":33.0,"turns":8.0},{"damage":2.0,"enemies":"3 Darklings","floor":35.0,"turns":4.0},{"damage":0.0,"enemies":"Orb Walker","floor":38.0,"turns":3.0},{"damage":3.0,"enemies":"Reptomancer","floor":40.0,"turns":6.0},{"damage":0.0,"enemies":"Spire Growth","floor":46.0,"turns":4.0},{"damage":11.0,"enemies":"Transient","floor":47.0,"turns":5.0},{"damage":11.0,"enemies":"Awakened One","floor":50.0,"turns":7.0},{"damage":29.0,"enemies":"Shield and Spear","floor":54.0,"turns":6.0},{"damage":117,"enemies":"The Heart","floor":55,"turns":6}],"seed_played":"-4871989780162155342","potions_obtained":[{"floor":2.0,"key":"SteroidPotion"},{"floor":10.0,"key":"SteroidPotion"},{"floor":16.0,"key":"Fruit Juice"},{"floor":18.0,"key":"EssenceOfSteel"},{"floor":19.0,"key":"Strength Potion"},{"floor":29.0,"key":"Explosive Potion"},{"floor":35.0,"key":"EssenceOfSteel"},{"floor":44.0,"key":"EssenceOfSteel"},{"floor":44.0,"key":"FairyPotion"},{"floor":44.0,"key":"DuplicationPotion"}],"is_trial":false,"path_per_floor":["M","M","?","$","$","E","?","R","T","M","M","$","R","M","R","B",null,"M","?","M","$","M","R","E","T","T","M","R","M","M","$","R","B",null,"M","?","$","M","?","E","R","$","T","?","R","M","M","?","R","B",null,"R","$","E","B"],"character_chosen":"THE_SILENT","items_purchased":["Footwork","Accuracy","Burst","DollysMirror","Bottled Tornado","Well Laid Plans"],"campfire_rested":3,"item_purchase_floors":[4,12,21,31,37,53],"current_hp_per_floor":[63,63,63,63,63,63,49,49,49,49,49,49,49,35,56,61,72,70,57,55,55,46,46,15,15,15,12,43,43,34,34,68,30,64,62,62,62,62,62,59,71,71,71,71,71,71,60,60,71,60,68,71,71,42,0,0],"gold":99,"neow_bonus":"THREE_ENEMY_KILL","is_daily":false,"chose_seed":false,"campfire_upgraded":6,"win_rate":0.0,"timestamp":1608273537,"path_taken":["M","?","?","?","$","E","?","R","T","M","M","$","R","M","R","BOSS","M","?","M","$","M","R","E","?","T","M","R","M","M","?","R","BOSS","M","?","$","M","?","E","R","$","T","?","R","?","M","?","R","BOSS","R","$","E","BOSS"],"items_purchased_type":["Card","Card","Card","Relic","Relic","Card"],"build_version":"2020-12-13","purchased_purges":3,"victory":false,"max_hp_per_floor":[70,70,70,70,70,70,70,70,70,70,70,70,70,70,70,75,75,75,75,75,75,75,75,75,75,75,75,75,75,75,75,75,75,75,75,75,75,75,71,71,71,71,71,71,71,71,71,71,71,71,71,71,71,71,71,71],"card_choices":[{"not_picked":["Sucker Punch","Acrobatics","Riddle With Holes"],"picked":"SKIP","floor":1.0},{"not_picked":["Flechettes","Expertise","Deadly Poison"],"picked":"SKIP","floor":2.0},{"not_picked":["Flying Knee","Calculated Gamble","Masterful Stab"],"picked":"SKIP","floor":6.0},{"not_picked":["Setup","Flechettes"],"picked":"Blade Dance","floor":10.0},{"not_picked":["Flechettes","Slice"],"picked":"Infinite Blades","floor":11.0},{"not_picked":["Dagger Throw","Prepared"],"picked":"Blade Dance","floor":14.0},{"not_picked":["Endless Agony","Bane"],"picked":"Blade Dance","floor":15.0},{"not_picked":["Malaise","Grand Finale"],"picked":"A Thousand Cuts","floor":16.0},{"not_picked":["Outmaneuver","Deadly Poison","Quick Slash"],"picked":"SKIP","floor":18.0},{"not_picked":["Quick Slash","Skewer"],"picked":"Cloak And Dagger","floor":19.0},{"not_picked":["Predator+1","Underhanded Strike","Infinite Blades+1"],"picked":"SKIP","floor":20.0},{"not_picked":["Backflip","Storm of Steel","PiercingWail"],"picked":"SKIP","floor":22.0},{"not_picked":["Underhanded Strike+1","Flying Knee","Crippling Poison"],"picked":"SKIP","floor":24.0},{"not_picked":["Sucker Punch","Flying Knee","Noxious Fumes"],"picked":"SKIP","floor":27.0},{"not_picked":["Predator+1","Dagger Spray"],"picked":"Blade Dance+1","floor":29.0},{"not_picked":["Outmaneuver+1","Flying Knee","Eviscerate"],"picked":"SKIP","floor":30.0},{"not_picked":["Endless Agony+1","Reflex+1"],"picked":"Cloak And Dagger+1","floor":32.0},{"not_picked":["Wraith Form v2","Night Terror+1"],"picked":"Malaise+1","floor":33.0},{"not_picked":["Acrobatics+1","PiercingWail+1","Underhanded Strike+1"],"picked":"SKIP","floor":35.0},{"not_picked":["Dagger Spray+1","Acrobatics+1"],"picked":"Escape Plan+1","floor":38.0},{"not_picked":["Backstab","Wraith Form v2","Leg Sweep+1"],"picked":"SKIP","floor":40.0},{"not_picked":["Backstab","Wraith Form v2","Leg Sweep+1"],"picked":"SKIP","floor":40.0},{"not_picked":["Infinite Blades+1","Backflip+1","Eviscerate+1"],"picked":"SKIP","floor":46.0},{"not_picked":["Acrobatics+1","Dagger Throw+1"],"picked":"Cloak And Dagger+1","floor":47.0},{"not_picked":["Dagger Throw+1","Setup+1"],"picked":"Tools of the Trade","floor":54.0}],"player_experience":806461,"relics_obtained":[{"floor":6.0,"key":"CeramicFish"},{"floor":9.0,"key":"Dream Catcher"},{"floor":19.0,"key":"Red Mask"},{"floor":24.0,"key":"Eternal Feather"},{"floor":25.0,"key":"Toxic Egg 2"},{"floor":26.0,"key":"Kunai"},{"floor":40.0,"key":"MealTicket"},{"floor":54.0,"key":"War Paint"}],"event_choices":[{"damage_healed":0.0,"max_hp_gain":0.0,"max_hp_loss":0.0,"gold_gain":0.0,"event_name":"WeMeetAgain","player_choice":"Gave Potion","floor":3.0,"gold_loss":0.0,"damage_taken":0.0,"relics_obtained":["Art of War"]},{"damage_healed":0.0,"max_hp_gain":0.0,"max_hp_loss":0.0,"gold_gain":0.0,"event_name":"Shining Light","player_choice":"Entered Light","floor":7.0,"gold_loss":0.0,"damage_taken":14.0,"cards_upgraded":["Defend_G","Strike_G"]},{"damage_healed":0.0,"max_hp_gain":0.0,"max_hp_loss":0.0,"gold_gain":0.0,"event_name":"Masked Bandits","player_choice":"Fought Bandits","floor":19.0,"gold_loss":0.0,"damage_taken":0.0},{"damage_healed":0.0,"max_hp_gain":0.0,"max_hp_loss":0.0,"gold_gain":222.0,"event_name":"Tomb of Lord Red Mask","player_choice":"Wore Mask","floor":36.0,"gold_loss":0.0,"damage_taken":0.0},{"damage_healed":0.0,"max_hp_gain":0.0,"max_hp_loss":4.0,"gold_gain":0.0,"event_name":"Winding Halls","player_choice":"Max HP","floor":39.0,"gold_loss":0.0,"damage_taken":0.0},{"damage_healed":0.0,"max_hp_gain":0.0,"max_hp_loss":0.0,"gold_gain":0.0,"event_name":"Lab","player_choice":"Got Potions","floor":44.0,"gold_loss":0.0,"damage_taken":0.0},{"cards_removed":["Infinite Blades"],"damage_healed":0.0,"max_hp_gain":0.0,"max_hp_loss":0.0,"gold_gain":0.0,"event_name":"Falling","player_choice":"Removed Power","floor":48.0,"gold_loss":0.0,"damage_taken":0.0}],"is_beta":false,"boss_relics":[{"not_picked":["Sozu","Snecko Eye"],"picked":"Astrolabe"},{"not_picked":["Ring of the Serpent","WristBlade"],"picked":"Philosopher\u0027s Stone"}],"items_purged_floors":[4,21,37],"is_endless":false,"potions_floor_spawned":[2,10,16,18,19,29,35,46],"killed_by":"The Heart","ascension_level":8}}