{"host":"yfjjw6nzi6ujtde1","time":1608313507,"event":{"mods":["2.2 Compatiblity","Act Like it!","BaseMod","Better Match","Colored Powertips","Downfall","Friendly Minions","Gensokyo","Hallownest","HololiveMod","Koishi","Marisa（F雨　魔理沙）","Minty Spire (QoL Compilation)","Quick Restart","Rare Cards Sparkle","Replay The Spire","StSLib","Td1madao Mod","The Gatherer","The Runesmith","The Senshi","The Servant 0.9.4","WarShipGirlsR/战舰少女R mod"],"gold_per_floor":[114,114,114,114,39,60,87,115,115,134,134,165,90,103,103,103,103],"floor_reached":16,"playtime":1040,"items_purged":["Hallownest:curseDreamersLament"],"score":150,"play_id":"407677cc-6462-4cf7-b979-a8c15928eddc","local_time":"20201219014507","is_ascension_mode":true,"campfire_choices":[{"data":"PropBag","floor":11.0,"key":"SMITH"},{"floor":15,"key":"DIG"}],"circlet_count":0,"master_deck":["Strike_MRS","Strike_MRS","Strike_MRS+1","Strike_MRS","Defend_MRS","Defend_MRS","Defend_MRS","Defend_MRS","MasterSpark","UpSweep+1","Injury","ReplayTheSpireMod:Restless Dread","ShootTheMoon","Pot Of Greed","Pot Of Greed","PowerUp","DarkSpark","WitchOfGreed","PropBag+1","Hallownest:skillGreenpathMap","MaximisePower"],"relics":["MiniHakkero","Ring of Chaos","Hallownest:TeacherSealRelic","Hallownest:DreamNailRelic","Grinning Jar","Replay:Multitool","Bottled Flame","Onion Ring","Frozen Egg 2","Letter Opener","Shuriken"],"acts_visited":["Hallownest:Greenpath"],"potions_floor_usage":[14],"damage_taken":[{"damage":0.0,"enemies":"2_ Uuma","floor":1.0,"turns":4.0},{"damage":24.0,"enemies":"Hallownest:eliteMossKnight","floor":6.0,"turns":7.0},{"damage":0.0,"enemies":"Hallownest:eliteVengeflyKing","floor":8.0,"turns":5.0},{"damage":2.0,"enemies":"Hallownest:2_Tiktiks_and_1_Crawlid","floor":10.0,"turns":3.0},{"damage":0.0,"enemies":"Hallownest:2_MossCreeps","floor":12.0,"turns":2.0},{"damage":0,"enemies":"Hallownest:monsterFoolEater","floor":14,"turns":2},{"damage":52,"enemies":"Hallownest:BossHornet","floor":16,"turns":7}],"seed_played":"180236120984334905","potions_obtained":[{"floor":6.0,"key":"Explosive Potion"},{"floor":12.0,"key":"Toxic Potion"}],"is_trial":false,"path_per_floor":["M","?","?","?","$","E","?","E","T","M","R","M","?","M","R","B"],"character_chosen":"MARISA","items_purchased":[],"campfire_rested":0,"item_purchase_floors":[],"current_hp_per_floor":[75,75,75,75,75,51,51,51,51,49,49,49,49,49,49,0,0],"gold":103,"neow_bonus":"CURSED_BOSS_RELIC","is_daily":false,"chose_seed":false,"campfire_upgraded":1,"win_rate":0.0,"timestamp":1608313507,"path_taken":["M","?","?","?","?","E","?","E","T","?","R","M","?","M","R","BOSS"],"items_purchased_type":[],"build_version":"2020-12-13","purchased_purges":1,"victory":false,"max_hp_per_floor":[75,75,75,75,75,75,75,75,75,75,75,75,75,75,75,75,75],"card_choices":[{"not_picked":["AsteroidBelt","GalacticHalo"],"picked":"ShootTheMoon","floor":1.0},{"not_picked":["MachineGunSpark","NonDirectionalLaser"],"picked":"PowerUp","floor":6.0},{"not_picked":["DeepEcoloBomb","IllusionStar"],"picked":"DarkSpark","floor":7.0},{"not_picked":["6A","MeteoricShower"],"picked":"WitchOfGreed","floor":8.0},{"not_picked":["ShootingEcho","GravityBeat"],"picked":"PropBag","floor":10.0},{"not_picked":["UnstableBomb","GasGiant","GalacticHalo"],"picked":"SKIP","floor":12.0},{"not_picked":["MeteoricShower","MagicAbsorber"],"picked":"MaximisePower","floor":14}],"player_experience":158806,"relics_obtained":[{"floor":6.0,"key":"Grinning Jar"},{"floor":7.0,"key":"Replay:Multitool"},{"floor":8.0,"key":"Bottled Flame"},{"floor":9.0,"key":"Onion Ring"},{"floor":15,"key":"Frozen Egg 2"}],"event_choices":[],"is_beta":false,"boss_relics":[],"items_purged_floors":[5],"is_endless":false,"potions_floor_spawned":[6],"killed_by":"Hallownest:BossHornet","ascension_level":3}}