{"host":"a61r67bv2jut9r88","time":1608257896,"event":{"mods":["BaseMod","Minty Spire (QoL Compilation)","Replay The Spire","Shop Mod","StSLib","SuperFastMode","The Runesmith"],"gold_per_floor":[118,118,137,155,169,197,215,250,250,250,265,265,265,143,143,244,244,263,313,323,333,333,333,353,353,353],"floor_reached":25,"playtime":1058,"items_purged":["Strike_G"],"score":215,"play_id":"81016eab-0045-4319-a201-a7f2e34d015d","local_time":"20201218101816","is_ascension_mode":false,"campfire_choices":[{"floor":10,"key":"REST"},{"floor":12,"key":"REST"},{"floor":15,"key":"REST"},{"floor":23,"key":"REST"}],"circlet_count":0,"master_deck":["Strike_G","Strike_G","Strike_G","Strike_G","Defend_G","Defend_G","Defend_G","Defend_G","Defend_G","Survivor","Neutralize","ReplayTheSpireMod:The Works","Endless Agony","Slice","All Out Attack","Bouncing Flask","Calculated Gamble","Deadly Poison","Poisoned Stab","Envenom","Toxin Wave"],"relics":["Ring of the Snake","Dream Catcher","Strawberry","Torii","Blue Candle","WristBlade","Runesmith:AutoHammer"],"acts_visited":["Exordium","TheCity"],"potions_floor_usage":[3,8,8,16,16,16,25,25,25],"damage_taken":[{"damage":0,"enemies":"Small Slimes","floor":1,"turns":3},{"damage":5,"enemies":"Cultist","floor":3,"turns":5},{"damage":0,"enemies":"2 Louse","floor":4,"turns":2},{"damage":8,"enemies":"Lots of Slimes","floor":5,"turns":5},{"damage":36,"enemies":"Gremlin Nob","floor":6,"turns":6},{"damage":12,"enemies":"Exordium Thugs","floor":7,"turns":4},{"damage":8,"enemies":"Lagavulin","floor":8,"turns":5},{"damage":7,"enemies":"Red Slaver","floor":11,"turns":4},{"damage":28,"enemies":"Hexaghost","floor":16,"turns":8},{"damage":17,"enemies":"2 Thieves","floor":18,"turns":4},{"damage":11,"enemies":"Shell Parasite","floor":20,"turns":5},{"damage":22,"enemies":"Shelled Parasite and Fungi","floor":21,"turns":4},{"damage":28,"enemies":"Centurion and Healer","floor":24,"turns":8},{"damage":26,"enemies":"3 Cultists","floor":25,"turns":4}],"seed_played":"-226150620544900458","potions_obtained":[{"floor":1,"key":"ColorlessPotion"},{"floor":5,"key":"EntropicBrew"},{"floor":8,"key":"LiquidBronze"},{"floor":16,"key":"Venom Potion"},{"floor":18,"key":"Weak Potion"},{"floor":21,"key":"Poison Potion"},{"floor":24,"key":"Fire Potion"}],"is_trial":false,"path_per_floor":["M","?","M","M","M","E","M","E","T","R","M","R","T","$","R","B",null,"M","?","M","M","T","R","M","M"],"character_chosen":"THE_SILENT","items_purchased":["Deadly Poison"],"campfire_rested":4,"item_purchase_floors":[14],"current_hp_per_floor":[70,70,65,65,57,21,9,8,8,31,24,47,47,47,70,42,77,60,60,49,27,27,50,22,0,0],"gold":353,"neow_bonus":"THREE_CARDS","is_daily":false,"chose_seed":false,"campfire_upgraded":0,"win_rate":0.0,"timestamp":1608257896,"path_taken":["M","?","?","M","?","E","M","E","T","R","M","R","?","$","R","BOSS","M","?","?","M","?","R","M","?"],"items_purchased_type":["Card"],"build_version":"2020-12-13","purchased_purges":1,"victory":false,"max_hp_per_floor":[70,70,70,70,70,70,70,77,77,77,77,77,77,77,77,77,77,77,77,77,77,77,77,77,77,77],"card_choices":[{"not_picked":["Leg Sweep","Crippling Poison"],"picked":"ReplayTheSpireMod:The Works","floor":0},{"not_picked":["Escape Plan","PiercingWail"],"picked":"Endless Agony","floor":1},{"not_picked":["Hidden Blade","Well Laid Plans"],"picked":"Slice","floor":3},{"not_picked":["ReplayTheSpireMod:Scrap Shanks","Finisher","ReplayTheSpireMod:Shiv Toss"],"picked":"SKIP","floor":4},{"not_picked":["Masterful Stab","Skewer"],"picked":"All Out Attack","floor":5},{"not_picked":["Flechettes","Draining Mist"],"picked":"Bouncing Flask","floor":6},{"not_picked":["Backflip","Blur","Reflex"],"picked":"SKIP","floor":7},{"not_picked":["Slice","Sucker Punch","Finisher"],"picked":"SKIP","floor":8},{"not_picked":["Blade Dance","Quick Slash"],"picked":"Calculated Gamble","floor":10},{"not_picked":["Flying Knee","PiercingWail","Outmaneuver"],"picked":"SKIP","floor":11},{"not_picked":["Flechettes","Cloak And Dagger"],"picked":"Poisoned Stab","floor":15},{"not_picked":["Tools of the Trade","Doppelganger"],"picked":"Envenom","floor":16},{"not_picked":["Tactician","PiercingWail+1","Terror"],"picked":"SKIP","floor":18},{"not_picked":["Riddle With Holes","Tactician"],"picked":"Toxin Wave","floor":20},{"not_picked":["Deflect","Distraction","Bane+1"],"picked":"SKIP","floor":21},{"not_picked":["Backflip","All Out Attack","Dodge and Roll"],"picked":"SKIP","floor":24}],"player_experience":345996,"relics_obtained":[{"floor":6,"key":"Dream Catcher"},{"floor":8,"key":"Strawberry"},{"floor":9,"key":"Torii"},{"floor":13,"key":"Blue Candle"},{"floor":22,"key":"Runesmith:AutoHammer"}],"event_choices":[{"damage_healed":0,"gold_gain":0,"player_choice":"Ignored","damage_taken":0,"max_hp_gain":0,"max_hp_loss":0,"event_name":"NoteForYourself","floor":2,"gold_loss":0},{"damage_healed":0,"gold_gain":100,"player_choice":"Bet on Murderer","damage_taken":0,"max_hp_gain":0,"max_hp_loss":0,"event_name":"The Joust","floor":19,"gold_loss":50}],"is_beta":false,"boss_relics":[{"not_picked":["Replay:Wanted Poster","Black Star"],"picked":"WristBlade"}],"items_purged_floors":[14],"is_endless":false,"potions_floor_spawned":[1,5,8,16,18,21,24],"killed_by":"3 Cultists","ascension_level":0}}