{"host":"dntw6kil9p09eemm","time":1608250218,"event":{"mods":["BaseMod","BetterRewards","Colored Powertips","Downfall","Hermit","Minty Spire (QoL Compilation)","Permanent Neow","Shop Mod","Spicy Shops","StSLib","The Factory","The Runesmith","Waifu the Spire","vexMod"],"gold_per_floor":[114,114,133,148,19,19,40,40,66,66,81,95,270,270,270,390,390,404,418,15,15,15],"floor_reached":21,"playtime":739,"items_purged":["Doubt"],"score":171,"play_id":"c82601aa-6257-40b5-8d3d-34f26def44e3","local_time":"20201218091018","is_ascension_mode":false,"campfire_choices":[{"data":"hexamod:Float","floor":6,"key":"SMITH"},{"data":"hexamod:Incineration","floor":15,"key":"SMITH"}],"circlet_count":0,"master_deck":["hexamod:Strike","hexamod:Strike","hexamod:Strike+1","hexamod:Strike","hexamod:Defend","hexamod:Defend","hexamod:Defend+1","hexamod:Sear","hexamod:Float+1","hexamod:PowerFromBeyond","hexamod:Firestarter","hexamod:Incineration+1","hexamod:SwordOfDarkness","hexamod:BurningTouch","hexamod:PhantomFireball","hexamod:HexaLevel","hexamod:SixthSeal","hexamod:FastForward"],"relics":["hexamod:SpiritBrand","Golden Idol","vexMod:InvisibilityCloak","Tiny Chest","Juzu Bracelet","Busted Crown","MerchantsRug","Toxic Egg 2"],"acts_visited":["Exordium","TheCity"],"potions_floor_usage":[18,20],"damage_taken":[{"damage":2,"enemies":"2 Louse","floor":1,"turns":2},{"damage":0,"enemies":"Jaw Worm","floor":3,"turns":3},{"damage":2,"enemies":"Small Slimes","floor":4,"turns":3},{"damage":1,"enemies":"Exordium Wildlife","floor":7,"turns":3},{"damage":0,"enemies":"Looter","floor":11,"turns":3},{"damage":0,"enemies":"2 Fungi Beasts","floor":12,"turns":3},{"damage":27,"enemies":"Slime Boss","floor":16,"turns":7},{"damage":9,"enemies":"Chosen","floor":18,"turns":5},{"damage":17,"enemies":"3 Byrds","floor":19,"turns":5},{"damage":44,"enemies":"Shelled Parasite and Fungi","floor":21,"turns":4}],"seed_played":"-6846758953444780425","potions_obtained":[{"floor":4,"key":"EntropicBrew"},{"floor":11,"key":"CultistPotion"},{"floor":12,"key":"SteroidPotion"}],"is_trial":false,"path_per_floor":["M","?","M","M","$","R","M","?","T","?","M","M","?","?","R","B",null,"M","M","$","M"],"character_chosen":"THE_SPIRIT","items_purchased":["vexMod:InvisibilityCloak","MerchantsRug","Toxic Egg 2"],"campfire_rested":0,"item_purchase_floors":[5,20,20],"current_hp_per_floor":[68,65,65,63,63,63,62,62,62,55,55,55,55,55,55,28,65,56,39,39,0,0],"gold":15,"neow_bonus":"THREE_CARDS","is_daily":false,"chose_seed":false,"campfire_upgraded":2,"win_rate":0.0,"timestamp":1608250218,"path_taken":["M","?","M","M","$","R","M","?","T","?","M","M","?","?","R","BOSS","M","M","$","M"],"items_purchased_type":["Relic","Relic","Relic"],"build_version":"2020-12-13","purchased_purges":1,"victory":false,"max_hp_per_floor":[70,65,65,65,65,65,65,65,65,65,65,65,65,65,65,65,65,65,65,65,65,65],"card_choices":[{"not_picked":["hexamod:GhostShield","hexamod:GhostOfSpirePresent"],"picked":"hexamod:PowerFromBeyond","floor":0},{"not_picked":["hexamod:SwordOfDarkness","hexamod:InspiringFlames"],"picked":"hexamod:Firestarter","floor":1},{"not_picked":["hexamod:PowerFromBeyond","hexamod:ThirdSeal"],"picked":"hexamod:Incineration","floor":3},{"not_picked":["hexamod:BacktrackSmack","hexamod:RainOfEmbers"],"picked":"hexamod:SwordOfDarkness","floor":4},{"not_picked":["hexamod:HauntingEcho","hexamod:FourthSeal"],"picked":"hexamod:BurningTouch","floor":7},{"not_picked":["hexamod:BurningTouch","hexamod:GhostLash","hexamod:NecessarySacrifice"],"picked":"SKIP","floor":11},{"not_picked":["hexamod:HeatShield","hexamod:SpectralAdrenaline"],"picked":"hexamod:PhantomFireball","floor":12},{"not_picked":["hexamod:ParanormalForm","hexamod:GhostflameInferno"],"picked":"hexamod:SixthSeal","floor":16},{"not_picked":[],"picked":"hexamod:FastForward","floor":18},{"not_picked":["hexamod:RecurringNightmare"],"picked":"SKIP","floor":19}],"player_experience":392615,"relics_obtained":[{"floor":9,"key":"Tiny Chest"}],"event_choices":[{"damage_healed":0,"gold_gain":0,"player_choice":"Lose Max HP","damage_taken":0,"relics_obtained":["Golden Idol"],"max_hp_gain":0,"max_hp_loss":5,"event_name":"Golden Idol","floor":2,"gold_loss":0},{"damage_healed":0,"gold_gain":0,"player_choice":"Leave","damage_taken":0,"max_hp_gain":0,"max_hp_loss":0,"event_name":"The Cleric","floor":8,"gold_loss":0},{"damage_healed":0,"gold_gain":0,"player_choice":"Success","damage_taken":7,"relics_obtained":["Juzu Bracelet"],"max_hp_gain":0,"max_hp_loss":0,"event_name":"Scrap Ooze","floor":10,"gold_loss":0},{"damage_healed":0,"gold_gain":175,"player_choice":"AGREE","damage_taken":0,"max_hp_gain":0,"max_hp_loss":0,"event_name":"Liars Game","floor":13,"gold_loss":0,"cards_obtained":["Doubt"]},{"damage_healed":0,"gold_gain":0,"cards_transformed":["hexamod:Defend"],"player_choice":"Change","damage_taken":0,"max_hp_gain":0,"max_hp_loss":0,"event_name":"Living Wall","floor":14,"gold_loss":0,"cards_obtained":["hexamod:HexaLevel"]}],"is_beta":false,"boss_relics":[{"not_picked":["SacredBark","Empty Cage"],"picked":"Busted Crown"}],"items_purged_floors":[20],"is_endless":false,"potions_floor_spawned":[4,11,12],"killed_by":"Shelled Parasite and Fungi","ascension_level":0}}