{"host":"a7kkotolxcg5vljr","time":1608326717,"event":{"mods":["2.2 Compatiblity","AchievementEnabler","Act Like it!","BaseMod","Better Altar","Better Skull","Better Third Choice","Colored Map","Colored Powertips","Downfall","Hermit","Highlight Path","Marisa????????","Minty Spire (QoL Compilation)","Quick Restart","Rare Cards Sparkle","Replay The Spire","Spicy Shops","StSLib","The Cursed","The Disciple","The Servant 0.9.4"],"gold_per_floor":[99,154,180,180,234,234,260,276,293,322,337,360,360,371,393,503,503,278,306,414,438,438,485,485,503,69,98,98,98,123,123,144,256,256,256,278,278,278,314,342,342,358,377,377,377,66,118,140,160,160,160,160,160],"floor_reached":52,"playtime":3193,"items_purged":[],"score":864,"play_id":"91f7635e-1eba-4050-9acc-57ac4d9d550e","local_time":"20201218162517","is_ascension_mode":false,"campfire_choices":[{"floor":1,"key":"RECALL"},{"data":"hexamod:TimeWarp","floor":18,"key":"SMITH"},{"data":"Panache","floor":35,"key":"SMITH"},{"data":"Replay:BasicMightCard","floor":44,"key":"SMITH"}],"circlet_count":0,"master_deck":["hexamod:Strike+1","hexamod:Strike","hexamod:Strike","hexamod:Strike","hexamod:Defend","hexamod:Defend","hexamod:Defend","hexamod:Defend","hexamod:Sear","hexamod:Float+1","hexamod:SwordOfDarkness","hexamod:TimeWarp","hexamod:SpectersWail","hexamod:EmpoweredFlame","hexamod:AdvancingGuard","hexamod:GhostflameInferno","hexamod:SoulSteal","hexamod:SecondSeal","hexamod:SwordOfDarkness+1","hexamod:EtherealExpedition","hexamod:TimeWarp+1","hexamod:CrushingStance","CurseOfTheBell","hexamod:StepThrough","hexamod:HexaLevel","hexamod:VolcanoVisage","Replay:BasicMightCard+1","hexamod:CatchUp","hexamod:FastForward+1","Panache+1","hexamod:FirstSeal","hexamod:Hexaguard","hexamod:FifthSeal","hexamod:SixthSeal","hexamod:SpectersWail+1","hexamod:ThirdSeal","hexamod:FourthSeal","hexamod:HauntingEcho+1","hexamod:HeatCrush","hexamod:ShieldOfDarkness","hexamod:EmpoweringStance","hexamod:GhostOfSpirePresent+1","hexamod:TimeOfNeed","hexamod:ThirdSeal","hexamod:WildfireWeapon","hexamod:GhostOfSpireFuture+1"],"relics":["hexamod:SpiritBrand","downfall:HeartsMalice","White Beast Statue","Ornamental Fan","Pantograph","hexamod:MatchstickCase","Lantern","Calling Bell","Tiny Chest","Quantum Egg","Counterbalance","downfall:HeartBlessingRed","downfall:HeartBlessingGreen","downfall:HeartBlessingBlue","downfall:GremlinWheel","Omamori","Singing Bowl","Matryoshka","Toy Ornithopter","Bag of Preparation","Thread and Needle","Honey Jar","ReplayTheSpireMod:Ring of Exchange","ReplayTheSpireMod:Ring of Addiction","SacredBark","Potion Belt","Bag of Marbles","The Courier","Onion Ring","Replay:Baseball","ReplayTheSpireMod:TigerMarble","ReplayTheSpireMod:Lightbulb"],"acts_visited":["Exordium","TheCity","TheBeyond","TheEnding"],"potions_floor_usage":[10,10,10,12,12,16,16,16,21,21,25,27,27,30,32,33,33,33,36,39,39,39,39,40,42,43,50,52,52,52],"damage_taken":[{"damage":0,"enemies":"Lagavulin Event","floor":2,"turns":1},{"damage":0,"enemies":"3 Sentries","floor":3,"turns":1},{"damage":0,"enemies":"Small Slimes","floor":4,"turns":1},{"damage":0,"enemies":"2 Louse","floor":8,"turns":2},{"damage":0,"enemies":"Jaw Worm","floor":9,"turns":3},{"damage":0,"enemies":"Gremlin Nob","floor":10,"turns":3},{"damage":0,"enemies":"Red Slaver","floor":11,"turns":3},{"damage":3,"enemies":"Large Slime","floor":12,"turns":4},{"damage":0,"enemies":"Red Slaver","floor":14,"turns":2},{"damage":4,"enemies":"Exordium Thugs","floor":15,"turns":3},{"damage":4,"enemies":"downfall:Defect","floor":16,"turns":4},{"damage":7,"enemies":"3 Byrds","floor":19,"turns":4},{"damage":2,"enemies":"3 Byrds","floor":20,"turns":4},{"damage":10,"enemies":"Spheric Guardian","floor":21,"turns":4},{"damage":0,"enemies":"Snake Plant","floor":25,"turns":4},{"damage":0,"enemies":"downfall:FleeingMerchant","floor":26,"turns":4},{"damage":22,"enemies":"Slavers","floor":27,"turns":4},{"damage":2,"enemies":"3 Cultists","floor":30,"turns":4},{"damage":5,"enemies":"Shelled Parasite and Fungi","floor":32,"turns":4},{"damage":49,"enemies":"downfall:Watcher","floor":33,"turns":8},{"damage":62,"enemies":"3 Darklings","floor":36,"turns":6},{"damage":3,"enemies":"R_Hoarder","floor":39,"turns":4},{"damage":16,"enemies":"3 Shapes","floor":40,"turns":4},{"damage":22,"enemies":"Jaw Worm Horde","floor":42,"turns":3},{"damage":6,"enemies":"Spire Growth","floor":43,"turns":3},{"damage":0,"enemies":"downfall:FleeingMerchant","floor":46,"turns":4},{"damage":15,"enemies":"Maw","floor":48,"turns":6},{"damage":0,"enemies":"3 Darklings","floor":49,"turns":4},{"damage":2,"enemies":"downfall:Ironclad","floor":50,"turns":10},{"damage":122,"enemies":"downfall:CharBossMerchant","floor":52,"turns":8}],"seed_played":"5047204112219322490","potions_obtained":[{"floor":2,"key":"Adrenaline Potion"},{"floor":3,"key":"champ:CounterPotion"},{"floor":4,"key":"GamblersBrew"},{"floor":5,"key":"Strength Potion"},{"floor":10,"key":"PowerPotion"},{"floor":11,"key":"Fire Potion"},{"floor":12,"key":"Ancient Potion"},{"floor":14,"key":"SteroidPotion"},{"floor":15,"key":"PowerPotion"},{"floor":16,"key":"BlessingOfTheForge"},{"floor":19,"key":"Block Potion"},{"floor":20,"key":"Weak Potion"},{"floor":21,"key":"Regen Potion"},{"floor":25,"key":"Fire Potion"},{"floor":26,"key":"ColorlessPotion"},{"floor":27,"key":"Ancient Potion"},{"floor":29,"key":"Doom Potion"},{"floor":30,"key":"SkillPotion"},{"floor":32,"key":"Strength Potion"},{"floor":33,"key":"ColorlessPotion"},{"floor":36,"key":"Fire Potion"},{"floor":37,"key":"sneckomod:MuddlingPotion"},{"floor":37,"key":"hexamod:DoubleChargePotion"},{"floor":37,"key":"Toxic Potion"},{"floor":39,"key":"Explosive Potion"},{"floor":40,"key":"ColorlessPotion"},{"floor":42,"key":"ColorlessPotion"},{"floor":43,"key":"Doom Potion"},{"floor":46,"key":"SpeedPotion"},{"floor":46,"key":"SkillPotion"},{"floor":48,"key":"Guardian:BlockOnCardUsePotion"},{"floor":49,"key":"hexamod:EctoCoolerPotion"}],"is_trial":false,"path_per_floor":["R","?","E","M","?","T","T","M","M","E","M","M","?","M","M","B",null,"R","M","?","M","?","T","T","M","$","E","?","?","M","T","M","B",null,"R","M","?","?","E","M","T","M","M","R","?","$","T","M","M","B",null,"E"],"character_chosen":"THE_SPIRIT","items_purchased":["Panache","Matryoshka","Replay:Baseball","hexamod:GhostOfSpirePresent+1","ReplayTheSpireMod:TigerMarble","hexamod:TimeOfNeed"],"campfire_rested":0,"item_purchase_floors":[26,26,46,46,46,46],"current_hp_per_floor":[70,70,70,70,70,70,70,70,70,70,70,67,67,67,63,66,70,80,73,71,61,61,61,61,61,61,51,51,51,56,56,56,33,82,82,20,20,20,37,33,33,41,48,84,94,94,92,86,93,90,92,0,0],"gold":160,"neow_bonus":"THREE_ENEMY_KILL","is_daily":false,"chose_seed":false,"campfire_upgraded":3,"win_rate":0.0,"timestamp":1608326717,"path_taken":["R","?","E","M","?","?","T","?","M","E","M","M","?","M","M","BOSS","R","M","?","?","?","?","T","M","$","E","?","?","?","?","M","BOSS","R","M","?","?","E","M","T","M","M","R","?","$","?","?","M","BOSS","E"],"items_purchased_type":["Card","Relic","Relic","Card","Relic","Card"],"build_version":"2020-12-13","purchased_purges":0,"victory":false,"max_hp_per_floor":[70,70,70,70,70,70,70,70,70,70,70,70,70,70,70,70,70,80,80,80,80,80,80,80,80,80,80,80,80,82,82,82,82,82,82,82,82,82,82,82,82,84,84,84,94,94,92,94,94,92,92,92,92],"card_choices":[{"not_picked":["hexamod:PowerFromBeyond","hexamod:HeatMetal"],"picked":"hexamod:SwordOfDarkness","floor":2},{"not_picked":["hexamod:SwordOfDarkness","hexamod:GhostLash"],"picked":"hexamod:TimeWarp","floor":3},{"not_picked":["hexamod:GhostLash","hexamod:RainOfEmbers"],"picked":"hexamod:SpectersWail","floor":4},{"not_picked":["hexamod:Firestarter","hexamod:BurningTouch"],"picked":"hexamod:EmpoweredFlame","floor":5},{"not_picked":["hexamod:NightmareGuise","hexamod:GhostLash"],"picked":"hexamod:AdvancingGuard","floor":8},{"not_picked":["hexamod:PhantomCloak","hexamod:DynamicBlow"],"picked":"hexamod:GhostflameInferno","floor":9},{"not_picked":["hexamod:TurnItUp","hexamod:RainOfEmbers"],"picked":"hexamod:SoulSteal","floor":10},{"not_picked":["hexamod:InspiringFlames","hexamod:Rewind"],"picked":"hexamod:SecondSeal","floor":11},{"not_picked":["hexamod:RainOfEmbers","hexamod:NightmareStrike"],"picked":"hexamod:SwordOfDarkness","floor":12},{"not_picked":["hexamod:Incineration","hexamod:InspiringFlames"],"picked":"hexamod:EtherealExpedition","floor":14},{"not_picked":["hexamod:SpectralAdrenaline","hexamod:GhostShield"],"picked":"hexamod:TimeWarp","floor":15},{"not_picked":["hexamod:VolcanoVisage","hexamod:TurnItUp"],"picked":"hexamod:CrushingStance","floor":16},{"not_picked":["hexamod:GhostLash","hexamod:FastForward"],"picked":"hexamod:StepThrough","floor":19},{"not_picked":["hexamod:EtherealExpedition+1","hexamod:SpectralAdrenaline"],"picked":"hexamod:HexaLevel","floor":21},{"not_picked":["hexamod:RainOfEmbers","hexamod:GhostflameBarrier"],"picked":"hexamod:CatchUp","floor":25},{"not_picked":["hexamod:GhostOfSpireFuture+1","hexamod:HauntingEcho"],"picked":"hexamod:FastForward+1","floor":26},{"not_picked":["hexamod:PhantomCloak","hexamod:Firestarter"],"picked":"hexamod:InspiringFlames","floor":27},{"not_picked":["hexamod:PhantomCloak","hexamod:FirstSeal","hexamod:HeatMetal"],"picked":"Singing Bowl","floor":30},{"not_picked":["hexamod:NightmareGuise","hexamod:RainOfEmbers"],"picked":"hexamod:Hexaguard","floor":32},{"not_picked":["hexamod:TimeWarp","hexamod:UnleashSpirits"],"picked":"hexamod:FifthSeal","floor":33},{"not_picked":["hexamod:ThirdSeal","hexamod:FourthSeal","hexamod:SecondSeal"],"picked":"hexamod:SixthSeal","floor":36},{"not_picked":["hexamod:BacktrackSmack+1","hexamod:InspiringFlames","hexamod:HauntingEcho+1"],"picked":"hexamod:SpectersWail+1","floor":36},{"not_picked":["hexamod:Haunt+1","hexamod:RecurringNightmare+1","hexamod:ThermalTransfer"],"picked":"hexamod:TimeOfNeed","floor":39},{"not_picked":["hexamod:SecondSeal","hexamod:SixthSeal","hexamod:FirstSeal"],"picked":"hexamod:FourthSeal","floor":40},{"not_picked":["hexamod:ThermalTransfer+1","hexamod:ThirdSeal","hexamod:GhostShield+1"],"picked":"hexamod:HauntingEcho+1","floor":40},{"not_picked":["hexamod:DynamicBlow","hexamod:HeatCrush","hexamod:NightmareStrike","hexamod:SecondSeal"],"picked":"Singing Bowl","floor":42},{"not_picked":["hexamod:GhostflameInferno","hexamod:Haunt+1","hexamod:FastForward"],"picked":"hexamod:ShieldOfDarkness","floor":43},{"not_picked":["hexamod:RadiantFlame+1","hexamod:NecessarySacrifice+1","hexamod:RainOfEmbers"],"picked":"hexamod:EmpoweringStance","floor":46},{"not_picked":["hexamod:FirstSeal","hexamod:SecondSeal","hexamod:FourthSeal","hexamod:ThirdSeal"],"picked":"Singing Bowl","floor":48},{"not_picked":["hexamod:InspiringFlames","hexamod:CatchUp","hexamod:Firestarter"],"picked":"hexamod:WildfireWeapon","floor":48},{"not_picked":["hexamod:Firestarter","hexamod:NightmareGuise","hexamod:ThermalTransfer+1"],"picked":"hexamod:GhostOfSpireFuture+1","floor":49}],"player_experience":374891,"relics_obtained":[{"floor":3,"key":"Ornamental Fan"},{"floor":5,"key":"Pantograph"},{"floor":7,"key":"hexamod:MatchstickCase"},{"floor":10,"key":"Lantern"},{"floor":17,"key":"Tiny Chest"},{"floor":17,"key":"Quantum Egg"},{"floor":17,"key":"Counterbalance"},{"floor":20,"key":"downfall:GremlinWheel"},{"floor":23,"key":"Omamori"},{"floor":24,"key":"Singing Bowl"},{"floor":27,"key":"Toy Ornithopter"},{"floor":31,"key":"Bag of Preparation"},{"floor":31,"key":"Thread and Needle"},{"floor":37,"key":"ReplayTheSpireMod:Ring of Exchange"},{"floor":37,"key":"ReplayTheSpireMod:Ring of Addiction"},{"floor":37,"key":"SacredBark"},{"floor":37,"key":"Potion Belt"},{"floor":39,"key":"Bag of Marbles"},{"floor":41,"key":"The Courier"},{"floor":41,"key":"Onion Ring"},{"floor":47,"key":"ReplayTheSpireMod:Lightbulb"}],"event_choices":[{"damage_healed":0,"gold_gain":0,"player_choice":"Read","damage_taken":0,"max_hp_gain":0,"max_hp_loss":0,"event_name":"The Library","floor":28,"gold_loss":0,"cards_obtained":["hexamod:FirstSeal"]},{"damage_healed":0,"gold_gain":0,"player_choice":"Got Potions","damage_taken":0,"max_hp_gain":0,"max_hp_loss":0,"event_name":"Lab","floor":29,"gold_loss":0},{"damage_healed":36,"gold_gain":0,"player_choice":"Full Heal","damage_taken":0,"max_hp_gain":0,"max_hp_loss":0,"event_name":"Wheel of Change","floor":44,"gold_loss":0},{"cards_removed":["hexamod:TimeOfNeed"],"damage_healed":0,"gold_gain":0,"player_choice":"Offered Rare","damage_taken":0,"max_hp_gain":10,"max_hp_loss":0,"event_name":"Bonfire Elementals","floor":45,"gold_loss":0}],"is_beta":false,"boss_relics":[{"not_picked":["Runic Dome","SacredBark"],"picked":"Calling Bell"},{"not_picked":["Empty Cage","Kintsugi"],"picked":"Honey Jar"}],"items_purged_floors":[],"is_endless":false,"potions_floor_spawned":[2,3,4,8,9,10,11,12,14,15,16,19,20,21,25,26,27,30,32,33,36,39,40,42,43,46,48,49],"killed_by":"downfall:CharBossMerchant","ascension_level":0}}