{"host":"dk2z91z2zpxxiy2a","time":1608312465,"event":{"mods":["Act Like it!","Aspiration","BaseMod","BetterRewards","Colored Map","Colored Powertips","Conspire","DeckTracker","Energized Spire","Halation","Hermit","Hubris","Key Reminder","Minty Spire (QoL Compilation)","Relic Stats","Replay The Spire","Shop Mod","StSLib","The Bladedancer","The Necromancer"],"gold_per_floor":[109,209,226,238,254,283,283,283,283,33,33,48,83,109,121,236,248,276,304,330,367,13,13,13],"floor_reached":23,"playtime":2328,"items_purged":["hermit:Strike_Hermit"],"score":203,"play_id":"eef6dddf-a551-4106-abb2-cb2c07296474","local_time":"20201218122745","is_ascension_mode":false,"campfire_choices":[{"data":"hermit:Feint","floor":7,"key":"SMITH"},{"data":"hermit:Quickdraw","floor":11,"key":"SMITH"},{"floor":15,"key":"REST"}],"circlet_count":0,"master_deck":["hermit:Strike_Hermit","hermit:Strike_Hermit","hermit:Strike_Hermit","hermit:Defend_Hermit","hermit:Defend_Hermit","hermit:Defend_Hermit","hermit:Defend_Hermit","hermit:Snapshot+1","hermit:Covet","hermit:Combo","hermit:Quickdraw+1","hermit:GhostlyPresence","hermit:Deadeye","hermit:Feint+1","hermit:Headshot","hermit:WideOpen","hermit:HeroicBravado","hermit:Reprieve","hermit:CursedWeapon","hermit:Glare","hermit:HoleUp","hermit:Dive","hermit:Roughhouse","hermit:Roughhouse","hermit:BodyArmor"],"relics":["hermit:Momento","Replay:Accelerometer","keyreminder:keyreminder","hubris:Icosahedron","Regal Pillow","hermit:Horseshoe","MawBank","Honey Jar","Red Mask"],"acts_visited":["Exordium","TheCity"],"potions_floor_usage":[5,13,13,16,19,21,23,23],"damage_taken":[{"damage":0,"enemies":"Small Slimes","floor":1,"turns":3},{"damage":0,"enemies":"Cultist","floor":3,"turns":3},{"damage":3,"enemies":"Jaw Worm","floor":4,"turns":3},{"damage":12,"enemies":"Exordium Thugs","floor":5,"turns":4},{"damage":10,"enemies":"3 Sentries","floor":6,"turns":9},{"damage":4,"enemies":"3 Louse","floor":12,"turns":4},{"damage":4,"enemies":"Gremlin Nob","floor":13,"turns":3},{"damage":0,"enemies":"2 Fungi Beasts","floor":14,"turns":3},{"damage":31,"enemies":"Hexaghost","floor":16,"turns":11},{"damage":25,"enemies":"Spheric Guardian","floor":18,"turns":5},{"damage":24,"enemies":"3 Byrds","floor":19,"turns":7},{"damage":16,"enemies":"conspire:HollyBat","floor":20,"turns":7},{"damage":23,"enemies":"Masked Bandits","floor":21,"turns":6},{"damage":19,"enemies":"Book of Stabbing","floor":23,"turns":6}],"seed_played":"8383355684584568694","potions_obtained":[{"floor":1,"key":"SteroidPotion"},{"floor":3,"key":"ColorlessPotion"},{"floor":12,"key":"GamblersBrew"},{"floor":13,"key":"LifebloodPotion"},{"floor":16,"key":"Energy Potion"},{"floor":20,"key":"LiquidMemories"}],"is_trial":false,"path_per_floor":["M","?","M","M","M","E","R","?","T","$","R","M","E","M","R","B",null,"M","M","M","?","$","E"],"character_chosen":"HERMIT","items_purchased":["hermit:Horseshoe","Languid Potion","Energy Potion","hermit:Roughhouse","hermit:BodyArmor"],"campfire_rested":1,"item_purchase_floors":[10,22,22,22,22],"current_hp_per_floor":[75,75,75,72,60,50,50,50,50,50,50,46,42,42,75,44,75,54,34,22,3,3,0,0],"gold":13,"neow_bonus":"UPGRADE_CARD","is_daily":false,"chose_seed":false,"campfire_upgraded":2,"win_rate":0.0,"timestamp":1608312465,"path_taken":["M","?","M","M","?","E","R","?","T","$","R","M","E","M","R","BOSS","M","M","M","?","?","E"],"items_purchased_type":["Relic","Potion","Potion","Card","Card"],"build_version":"2020-12-13","purchased_purges":1,"victory":false,"max_hp_per_floor":[75,75,75,75,75,75,75,75,75,75,75,75,75,75,75,75,75,75,75,75,75,75,75,75],"relic_stats":{"Regal Pillow":26,"counters":[25,115],"MawBank":108,"obtain_stats":[{"Replay:Accelerometer":6,"hermit:ClaspedLocket":17,"Regal Pillow":9,"Pen Nib":9,"MawBank":13,"White Beast Statue":6,"keyreminder:keyreminder":6,"hubris:Icosahedron":11,"Orrery":3,"halation:EternalFortune":8,"Honey Jar":17,"Red Mask":21,"hermit:Horseshoe":10,"hermit:Momento":0},{"Replay:Accelerometer":16,"hermit:ClaspedLocket":8,"Regal Pillow":16,"Pen Nib":4,"MawBank":18,"White Beast Statue":4,"keyreminder:keyreminder":4,"hubris:Icosahedron":4,"Orrery":2,"halation:EternalFortune":4,"Honey Jar":20,"Red Mask":24,"hermit:Horseshoe":16,"hermit:Momento":0},{"Replay:Accelerometer":63,"hermit:ClaspedLocket":28,"Regal Pillow":63,"Pen Nib":14,"MawBank":70,"White Beast Statue":14,"keyreminder:keyreminder":14,"hubris:Icosahedron":14,"Orrery":6,"halation:EternalFortune":14,"Honey Jar":84,"Red Mask":109,"hermit:Horseshoe":63,"hermit:Momento":0}]},"card_choices":[{"not_picked":["hermit:Dive","hermit:HoleUp"],"picked":"hermit:Combo","floor":1},{"not_picked":["hermit:Dive","hermit:WideOpen"],"picked":"hermit:Quickdraw","floor":3},{"not_picked":["hermit:TrackingShot","hermit:Dive"],"picked":"hermit:GhostlyPresence","floor":4},{"not_picked":["hermit:NoHoldsBarred","hermit:LuckOfTheDraw"],"picked":"hermit:Deadeye","floor":5},{"not_picked":["hermit:HighCaliber","hermit:CalledShot"],"picked":"hermit:Feint","floor":6},{"not_picked":["hermit:Virtue","hermit:HighCaliber"],"picked":"hermit:Headshot","floor":12},{"not_picked":["hermit:Headshot","hermit:Virtue"],"picked":"hermit:WideOpen","floor":13},{"not_picked":["hermit:Virtue","hermit:HighCaliber"],"picked":"hermit:HeroicBravado","floor":14},{"not_picked":["hermit:FinalCanter","hermit:RoundhouseKick"],"picked":"hermit:Reprieve","floor":16},{"not_picked":["hermit:LoneWolf","hermit:Midnight","hermit:Quickdraw"],"picked":"hermit:CursedWeapon","floor":18},{"not_picked":["hermit:WideOpen","hermit:NoHoldsBarred+1","hermit:CalledShot"],"picked":"hermit:Glare","floor":19},{"not_picked":["hermit:Headshot+1","hermit:BodyArmor","hermit:CalledShot"],"picked":"hermit:HoleUp","floor":20},{"not_picked":["hermit:Feint+1","hermit:ShadowCloak","hermit:BigShot+1"],"picked":"hermit:Dive","floor":21}],"player_experience":453147,"relics_obtained":[{"floor":6,"key":"Replay:Accelerometer"},{"floor":9,"key":"Regal Pillow"},{"floor":13,"key":"MawBank"},{"floor":21,"key":"Red Mask"}],"event_choices":[{"damage_healed":0,"gold_gain":100,"player_choice":"Pray","damage_taken":0,"max_hp_gain":0,"max_hp_loss":0,"event_name":"Golden Shrine","floor":2,"gold_loss":0},{"damage_healed":0,"gold_gain":0,"player_choice":"Fought Bandits","damage_taken":0,"max_hp_gain":0,"max_hp_loss":0,"event_name":"Masked Bandits","floor":21,"gold_loss":0}],"is_beta":false,"boss_relics":[{"not_picked":["halation:MonkeysPaw","Runic Pyramid"],"picked":"Honey Jar"}],"items_purged_floors":[22],"is_endless":false,"potions_floor_spawned":[1,3,12,13,16,20],"killed_by":"Book of Stabbing","ascension_level":0}}