{"host":"qwttrqaysb380yri","time":1608326017,"event":{"mods":["BaseMod","Custom Start","Minty Spire (QoL Compilation)","Permanent Neow","Puzzle Mod","Relic Stats","StSLib","The Cursed","The Hierophant"],"gold_per_floor":[109,132,160,178,133,169,185,209,209,5,5,34,34,89,89,162,162,213,258,282,282,207,251,251,294,294,358,31,85,85,77,77],"floor_reached":31,"playtime":1151,"items_purged":["hierophant:Strike_Hierophant","hierophant:Strike_Hierophant"],"score":632,"play_id":"69b963f6-12a5-4013-8a15-c4edf0e2a741","local_time":"20201218221337","is_ascension_mode":true,"campfire_choices":[{"data":"hierophant:RustyCrate","floor":13,"key":"SMITH"},{"data":"hierophant:Bribe","floor":15,"key":"SMITH"},{"floor":24,"key":"REST"}],"circlet_count":0,"master_deck":["AscendersBane","hierophant:Strike_Hierophant","hierophant:Strike_Hierophant","hierophant:Punish","hierophant:Defend_Hierophant","hierophant:Defend_Hierophant","hierophant:Defend_Hierophant","hierophant:Defend_Hierophant","hierophant:ChurchCoffers+1","hierophant:Doubloon","hierophant:Remorse","hierophant:FlamingChariot","hierophant:PassingBell","hierophant:Doubloon","hierophant:ConvertCurrency","hierophant:RepressedViolence","hierophant:RustyCrate+1","hierophant:Doubloon","hierophant:Doubloon","hierophant:Smite","hierophant:Bribe+1","Trip","hierophant:OrnateBuckler","hierophant:OrnateBuckler","hierophant:DeathKnell","CurseOfTheBell","hierophant:ThreeLashes","hierophant:HolyVerse+1","hierophant:Martyrdom","hierophant:Embezzle+1","Apotheosis","hierophant:Shelter","RitualDagger+1"],"relics":["hierophant:PropheticMaskRelic","Pear","Bottled Lightning","Orichalcum","StrikeDummy","Calling Bell","Bag of Preparation","Ornamental Fan","Calipers","Letter Opener","Akabeko","Gremlin Horn","Molten Egg 2"],"acts_visited":["Exordium","TheCity"],"potions_floor_usage":[6,12,14,20,23,31,31],"damage_taken":[{"damage":6,"enemies":"Cultist","floor":1,"turns":4},{"damage":1,"enemies":"Small Slimes","floor":2,"turns":3},{"damage":2,"enemies":"2 Louse","floor":3,"turns":3},{"damage":27,"enemies":"Large Slime","floor":4,"turns":5},{"damage":25,"enemies":"3 Sentries","floor":6,"turns":6},{"damage":14,"enemies":"Red Slaver","floor":7,"turns":3},{"damage":7,"enemies":"Looter","floor":8,"turns":3},{"damage":29,"enemies":"Lagavulin","floor":12,"turns":7},{"damage":8,"enemies":"Gremlin Nob","floor":14,"turns":4},{"damage":14,"enemies":"Hexaghost","floor":16,"turns":10},{"damage":2,"enemies":"Chosen","floor":18,"turns":3},{"damage":14,"enemies":"Shell Parasite","floor":19,"turns":5},{"damage":20,"enemies":"Snecko","floor":20,"turns":5},{"damage":0,"enemies":"Slavers","floor":23,"turns":4},{"damage":12,"enemies":"Snake Plant","floor":25,"turns":3},{"damage":9,"enemies":"Centurion and Healer","floor":27,"turns":7},{"damage":0,"enemies":"Gremlin Leader","floor":29,"turns":4},{"damage":25,"enemies":"Book of Stabbing","floor":31,"turns":3}],"seed_played":"-7372450436081635534","potions_obtained":[{"floor":4,"key":"Regen Potion"},{"floor":6,"key":"Ancient Potion"},{"floor":8,"key":"Swift Potion"},{"floor":16,"key":"DuplicationPotion"},{"floor":18,"key":"AttackPotion"},{"floor":27,"key":"Swift Potion"},{"floor":29,"key":"SteroidPotion"}],"is_trial":false,"path_per_floor":["M","M","M","M","?","E","M","M","T","$","?","E","R","E","R","B",null,"M","M","M","T","$","E","R","M","T","M","$","E","?","E"],"character_chosen":"HIEROPHANT","items_purchased":["hierophant:Bribe","Trip","hierophant:PristineSoul","Apotheosis","hierophant:Shelter"],"campfire_rested":1,"item_purchase_floors":[10,10,10,28,28],"current_hp_per_floor":[62,61,59,32,32,32,18,11,11,11,85,56,56,48,48,34,72,70,56,36,36,36,36,61,49,49,40,40,40,34,9,9],"gold":77,"neow_bonus":"UPGRADE_CARD","is_daily":false,"chose_seed":false,"campfire_upgraded":2,"win_rate":0.0,"timestamp":1608326017,"path_taken":["M","M","?","M","?","E","M","M","T","$","?","E","R","E","R","BOSS","M","M","M","?","$","E","R","M","T","M","$","E","?","E"],"items_purchased_type":["Card","Card","Card","Card","Card"],"build_version":"2020-12-13","purchased_purges":2,"victory":false,"max_hp_per_floor":[75,75,75,75,75,85,85,85,85,85,85,85,85,85,85,85,85,85,85,85,85,85,85,85,85,85,85,85,85,85,85,85],"relic_stats":{"Gremlin Horn":[4,4],"counters":[18,82],"Ornamental Fan":[28],"Bag of Preparation":[16],"Letter Opener":[129],"Orichalcum":[138],"obtain_stats":[{"Pear":6,"Calipers":17,"Gremlin Horn":26,"hierophant:PropheticMaskRelic":0,"Bag of Preparation":17,"Letter Opener":21,"Orichalcum":12,"Akabeko":23,"Calling Bell":17,"Ornamental Fan":17,"Molten Egg 2":29,"Bottled Lightning":9,"StrikeDummy":14},{"Pear":5,"Calipers":10,"Gremlin Horn":15,"hierophant:PropheticMaskRelic":0,"Bag of Preparation":10,"Letter Opener":13,"Orichalcum":8,"Akabeko":14,"Calling Bell":10,"Ornamental Fan":10,"Molten Egg 2":17,"Bottled Lightning":7,"StrikeDummy":9},{"Pear":21,"Calipers":48,"Gremlin Horn":68,"hierophant:PropheticMaskRelic":0,"Bag of Preparation":48,"Letter Opener":61,"Orichalcum":34,"Akabeko":65,"Calling Bell":48,"Ornamental Fan":48,"Molten Egg 2":79,"Bottled Lightning":27,"StrikeDummy":38}]},"card_choices":[{"not_picked":["hierophant:Encroach","hierophant:Sermon"],"picked":"hierophant:Remorse","floor":1},{"not_picked":["hierophant:Encroach","hierophant:OrnateBuckler"],"picked":"hierophant:FlamingChariot","floor":2},{"not_picked":["hierophant:Patience","hierophant:AuricShield"],"picked":"hierophant:PassingBell","floor":3},{"not_picked":["hierophant:FlamingChariot","hierophant:Remorse"],"picked":"hierophant:ConvertCurrency","floor":4},{"not_picked":["hierophant:MirrorShield","hierophant:FlamingChariot"],"picked":"hierophant:RepressedViolence","floor":6},{"not_picked":["hierophant:Martyrdom","hierophant:HolyVerse"],"picked":"hierophant:RustyCrate","floor":7},{"not_picked":["hierophant:SolarFlare","hierophant:Doomsaying"],"picked":"hierophant:Smite","floor":8},{"not_picked":["hierophant:Sermon","hierophant:Prophecy"],"picked":"hierophant:OrnateBuckler","floor":12},{"not_picked":["hierophant:HolyVerse","hierophant:Remorse"],"picked":"hierophant:OrnateBuckler","floor":14},{"not_picked":["hierophant:Levitation","hierophant:Generosity"],"picked":"hierophant:DeathKnell","floor":16},{"not_picked":["hierophant:Remorse","hierophant:OrnateBuckler"],"picked":"hierophant:ThreeLashes","floor":18},{"not_picked":["hierophant:Doomsaying","hierophant:Encroach+1","hierophant:DisplayOfPower"],"picked":"SKIP","floor":19},{"not_picked":["hierophant:Doomsaying","hierophant:Encroach+1","hierophant:DisplayOfPower"],"picked":"SKIP","floor":19},{"not_picked":["hierophant:BulkyChest","hierophant:EyeForCoin"],"picked":"hierophant:HolyVerse+1","floor":20},{"not_picked":["hierophant:HolyVerse","hierophant:FieryStrike","hierophant:AuricBeam"],"picked":"SKIP","floor":23},{"not_picked":["hierophant:OrnateBuckler","hierophant:Endure"],"picked":"hierophant:Martyrdom","floor":25},{"not_picked":["hierophant:MorningPrayer","hierophant:Endure"],"picked":"hierophant:Embezzle+1","floor":27},{"not_picked":["hierophant:AuricBeam+1","hierophant:Blessing","hierophant:Rebuild"],"picked":"SKIP","floor":29}],"player_experience":1881866,"relics_obtained":[{"floor":6,"key":"Pear"},{"floor":9,"key":"Bottled Lightning"},{"floor":12,"key":"Orichalcum"},{"floor":14,"key":"StrikeDummy"},{"floor":17,"key":"Bag of Preparation"},{"floor":17,"key":"Ornamental Fan"},{"floor":17,"key":"Calipers"},{"floor":21,"key":"Letter Opener"},{"floor":23,"key":"Akabeko"},{"floor":26,"key":"Gremlin Horn"},{"floor":29,"key":"Molten Egg 2"}],"event_choices":[{"damage_healed":0,"gold_gain":0,"player_choice":"Left Gold","damage_taken":0,"max_hp_gain":0,"max_hp_loss":0,"event_name":"World of Goop","floor":5,"gold_loss":45},{"cards_removed":["hierophant:PristineSoul"],"damage_healed":74,"gold_gain":0,"player_choice":"Offered Uncommon","damage_taken":0,"max_hp_gain":0,"max_hp_loss":0,"event_name":"Bonfire Elementals","floor":11,"gold_loss":0},{"damage_healed":0,"gold_gain":0,"player_choice":"Joined the Cult","damage_taken":6,"max_hp_gain":0,"max_hp_loss":0,"event_name":"Nest","floor":30,"gold_loss":0,"cards_obtained":["RitualDagger"]}],"is_beta":false,"boss_relics":[{"not_picked":["Pandora\u0027s Box","Velvet Choker"],"picked":"Calling Bell"}],"items_purged_floors":[22,28],"is_endless":false,"potions_floor_spawned":[4,6,8,16,18,27,29],"killed_by":"Book of Stabbing","ascension_level":15}}