{"host":"jt62yzdgnrkmwwqv","time":1608301728,"event":{"mods":["AchievementEnabler","BaseMod","CapriCore","Colored Map","Colored Powertips","GungeonMod","Lobotomy","LobotomyExtend","Minty Spire (QoL Compilation)","StSLib","SuperFastMode","The Animator","The Construct","The Immortal"],"gold_per_floor":[112,112,130,55,55,83,83,83,83,83,117,129,142,152,152,254,254,270,270,330,380,355,355,230,248,248,262,278,328,178,195,195,300,300,315,325,375,200,200,200,250,268,268,332,332,382,445,458,458,458,458,458,458,458,484,484],"floor_reached":57,"playtime":1405,"items_purged":["Strike_P","Defend_P","Defend_P","Defend_P","Strike_P+1"],"score":1389,"play_id":"4a948edc-6225-4165-9582-ed48a0d0f658","local_time":"20201218232848","is_ascension_mode":false,"campfire_choices":[{"floor":8.0,"key":"REST"},{"floor":15.0,"key":"RECALL"},{"data":"MentalFortress","floor":23.0,"key":"SMITH"},{"data":"FlurryOfBlows","floor":32.0,"key":"SMITH"}],"circlet_count":0,"master_deck":["Eruption+1","Vigilance","MentalFortress+1","FlurryOfBlows+1","FlurryOfBlows+1","WristCuter+1","WristCuter+1"],"relics":["PureWater","LetterFromLob","WingedGreaves","Pantograph","DemoMod:ChaffGrenade","Coffee Dripper","SsserpentHead","Mercury Hourglass","Fusion Hammer","Ornamental Fan","Bottled Tornado"],"acts_visited":["Exordium","TheCity","TheBeyond","TheEnding"],"potions_floor_usage":[55,55],"damage_taken":[{"damage":0.0,"enemies":"2 Louse","floor":1.0,"turns":1.0},{"damage":2.0,"enemies":"Jaw Worm","floor":3.0,"turns":2.0},{"damage":23.0,"enemies":"Lagavulin","floor":6.0,"turns":4.0},{"damage":6.0,"enemies":"Gremlin Nob","floor":11.0,"turns":3.0},{"damage":0.0,"enemies":"Small Slimes","floor":12.0,"turns":4.0},{"damage":1.0,"enemies":"Red Slaver","floor":13.0,"turns":2.0},{"damage":0.0,"enemies":"Exordium Wildlife","floor":14.0,"turns":3.0},{"damage":51.0,"enemies":"Hexaghost","floor":16.0,"turns":9.0},{"damage":15.0,"enemies":"Spheric Guardian","floor":18.0,"turns":3.0},{"damage":15.0,"enemies":"Shell Parasite","floor":20.0,"turns":5.0},{"damage":0.0,"enemies":"Centurion and Healer","floor":25.0,"turns":5.0},{"damage":0.0,"enemies":"Snake Plant","floor":27.0,"turns":4.0},{"damage":9.0,"enemies":"Shelled Parasite and Fungi","floor":28.0,"turns":3.0},{"damage":0.0,"enemies":"Chosen and Byrds","floor":31.0,"turns":4.0},{"damage":0.0,"enemies":"Champ","floor":33.0,"turns":8.0},{"damage":7.0,"enemies":"Orb Walker","floor":35.0,"turns":3.0},{"damage":0.0,"enemies":"3 Shapes","floor":36.0,"turns":3.0},{"damage":18.0,"enemies":"Spire Growth","floor":42.0,"turns":4.0},{"damage":0.0,"enemies":"Writhing Mass","floor":44.0,"turns":7.0},{"damage":0.0,"enemies":"Jaw Worm Horde","floor":47.0,"turns":3.0},{"damage":0.0,"enemies":"4 Shapes","floor":48.0,"turns":4.0},{"damage":0,"enemies":"Donu and Deca","floor":50,"turns":1},{"damage":68,"enemies":"Shield and Spear","floor":55,"turns":4},{"damage":63,"enemies":"The Heart","floor":56,"turns":3}],"seed_played":"-721578128333701445","potions_obtained":[{"floor":1.0,"key":"DuplicationPotion"},{"floor":6.0,"key":"AttackPotion"},{"floor":14.0,"key":"Block Potion"},{"floor":16.0,"key":"SteroidPotion"},{"floor":20.0,"key":"Swift Potion"},{"floor":25.0,"key":"SkillPotion"},{"floor":36.0,"key":"Regen Potion"},{"floor":42.0,"key":"Energy Potion"},{"floor":44.0,"key":"GamblersBrew"}],"is_trial":false,"path_per_floor":["M","?","M","$","?","E","T","R","T","$","E","M","M","M","R","B",null,"M","?","M","?","?","R","$","M","T","M","M","?","$","M","R","B",null,"M","M","?","$","$","R","?","M","T","M","R","?","M","M","R","B",null,null,"R","$","E","B",null],"character_chosen":"WATCHER","items_purchased":[],"campfire_rested":1,"item_purchase_floors":[],"current_hp_per_floor":[72,58,56,56,49,26,26,47,47,47,41,41,40,40,40,14,72,57,57,42,42,42,42,42,42,42,42,33,33,33,33,33,58,72,65,65,65,65,65,65,65,47,47,47,47,47,47,47,47,65,65,65,65,65,2,64],"gold":484,"neow_bonus":"UPGRADE_CARD","is_daily":false,"chose_seed":false,"campfire_upgraded":2,"win_rate":0.0,"timestamp":1608301728,"path_taken":["M","?","M","$","?","E","?","R","T","$","E","M","M","M","R","BOSS","M","?","?","?","?","R","$","M","T","M","M","?","$","M","R","BOSS","M","M","?","$","$","R","?","M","T","?","R","?","?","M","R","BOSS","R","$","E","BOSS"],"items_purchased_type":[],"build_version":"2020-12-13","purchased_purges":5,"victory":true,"max_hp_per_floor":[72,72,72,72,72,72,72,72,72,72,72,72,72,72,72,72,72,72,72,72,72,72,72,72,72,72,72,72,72,72,72,72,72,72,72,72,68,68,68,68,68,68,68,68,68,65,65,65,65,65,65,65,65,65,65,165],"card_choices":[{"not_picked":["PathToVictory","FollowUp","Prostrate"],"picked":"SKIP","floor":1.0},{"not_picked":["EmptyBody","Fasting2","WreathOfFlame"],"picked":"SKIP","floor":3.0},{"not_picked":["FlurryOfBlows","Wallop"],"picked":"MentalFortress","floor":6.0},{"not_picked":["Scrawl","Study","Judgement"],"picked":"SKIP","floor":11.0},{"not_picked":["EmptyFist","Consecrate","Tantrum"],"picked":"SKIP","floor":12.0},{"not_picked":["Sanctity","DeceiveReality"],"picked":"FlurryOfBlows","floor":13.0},{"not_picked":["Evaluate","Meditate","Prostrate"],"picked":"SKIP","floor":14.0},{"not_picked":["SashWhip","LikeWater","WheelKick+1"],"picked":"SKIP","floor":18.0},{"not_picked":["WheelKick","JustLucky","SashWhip"],"picked":"SKIP","floor":20.0},{"not_picked":["PathToVictory","BowlingBash","EmptyBody"],"picked":"SKIP","floor":25.0},{"not_picked":["EmptyFist+1","CutThroughFate","Prostrate"],"picked":"SKIP","floor":27.0},{"not_picked":["SandsOfTime","InnerPeace","ThirdEye+1"],"picked":"SKIP","floor":28.0},{"not_picked":["Evaluate","FlyingSleeves","EmptyBody"],"picked":"SKIP","floor":31.0},{"not_picked":["Crescendo","BowlingBash+1","Meditate"],"picked":"SKIP","floor":35.0},{"not_picked":["WreathOfFlame","WaveOfTheHand+1","Fasting2"],"picked":"SKIP","floor":36.0},{"not_picked":["JustLucky","Fasting2"],"picked":"FlurryOfBlows+1","floor":42.0},{"not_picked":["CutThroughFate","PathToVictory+1","BowlingBash+1"],"picked":"SKIP","floor":44.0},{"not_picked":["Meditate+1","LikeWater+1","Wallop+1"],"picked":"SKIP","floor":47.0},{"not_picked":["MentalFortress","FlurryOfBlows","LessonLearned"],"picked":"SKIP","floor":48.0},{"not_picked":["SashWhip","FollowUp+1","BowlingBash"],"picked":"SKIP","floor":55}],"player_experience":226722,"relics_obtained":[{"floor":1.0,"key":"LetterFromLob"},{"floor":6.0,"key":"WingedGreaves"},{"floor":9.0,"key":"Pantograph"},{"floor":11.0,"key":"DemoMod:ChaffGrenade"},{"floor":26.0,"key":"Mercury Hourglass"},{"floor":43.0,"key":"Ornamental Fan"},{"floor":55,"key":"Bottled Tornado"}],"event_choices":[{"damage_healed":0.0,"max_hp_gain":0.0,"max_hp_loss":0.0,"gold_gain":0.0,"event_name":"Shining Light","player_choice":"Entered Light","floor":2.0,"gold_loss":0.0,"damage_taken":14.0,"cards_upgraded":["Strike_P","Strike_P"]},{"cards_removed":["Strike_P"],"damage_healed":0.0,"max_hp_gain":0.0,"max_hp_loss":0.0,"gold_gain":0.0,"event_name":"Golden Wing","player_choice":"Card Removal","floor":5.0,"gold_loss":0.0,"damage_taken":7.0},{"damage_healed":0.0,"max_hp_gain":0.0,"max_hp_loss":0.0,"gold_gain":0.0,"event_name":"FaceTrader","player_choice":"Trade","floor":19.0,"gold_loss":0.0,"damage_taken":0.0,"relics_obtained":["SsserpentHead"]},{"cards_removed":["Defend_P"],"damage_healed":0.0,"max_hp_gain":0.0,"max_hp_loss":0.0,"gold_gain":0.0,"event_name":"Back to Basics","player_choice":"Elegance","floor":21.0,"gold_loss":0.0,"damage_taken":0.0},{"cards_removed":["Strike_P"],"damage_healed":0.0,"max_hp_gain":0.0,"max_hp_loss":0.0,"gold_gain":0.0,"event_name":"Beggar","player_choice":"Gave Gold","floor":22.0,"gold_loss":75.0,"damage_taken":0.0},{"damage_healed":0.0,"max_hp_gain":0.0,"max_hp_loss":0.0,"gold_gain":0.0,"event_name":"Cursed Tome","player_choice":"Ignored","floor":29.0,"gold_loss":0.0,"damage_taken":0.0},{"damage_healed":0.0,"max_hp_gain":0.0,"max_hp_loss":4.0,"gold_gain":0.0,"event_name":"Winding Halls","player_choice":"Max HP","floor":37.0,"gold_loss":0.0,"damage_taken":0.0},{"damage_healed":0.0,"max_hp_gain":0.0,"max_hp_loss":0.0,"gold_gain":0.0,"event_name":"NoteForYourself","player_choice":"Ignored","floor":41.0,"gold_loss":0.0,"damage_taken":0.0},{"cards_removed":["Parasite"],"damage_healed":0.0,"max_hp_gain":0.0,"max_hp_loss":0.0,"gold_gain":0.0,"event_name":"Fountain of Cleansing","player_choice":"Removed Curses","floor":46.0,"gold_loss":0.0,"damage_taken":0.0}],"is_beta":false,"boss_relics":[{"not_picked":["SlaversCollar","Velvet Choker"],"picked":"Coffee Dripper"},{"not_picked":["Astrolabe","construct:ClawGrip"],"picked":"Fusion Hammer"}],"items_purged_floors":[4,10,24,30,38],"is_endless":false,"potions_floor_spawned":[1,6,14,16,20,25,36,42,44],"ascension_level":0}}