{"host":"d8hh7rr4yzitjeuj","time":1608271623,"event":{"mods":["2.2 Compatiblity","AchievementEnabler","BaseMod","CapriCore","Colored Map","Colored Powertips","Highlight Path","Keyboard Shortcuts","Minty Spire (QoL Compilation)","Permanent Neow","Quick Restart","StSLib","SuperFastMode"],"gold_per_floor":[118,136,151,162,173,173,200,200,223,11,27,61,0,15,15,89,89,101,101,101,113,127,127,127,127],"floor_reached":24,"playtime":706,"items_purged":[],"score":420,"play_id":"8c5032e3-b90b-4673-a2d6-750f2d5c0bd2","local_time":"20201218150703","is_ascension_mode":true,"campfire_choices":[{"floor":6.0,"key":"REST"},{"floor":8.0,"key":"RECALL"},{"floor":15.0,"key":"REST"},{"floor":23,"key":"REST"}],"circlet_count":0,"master_deck":["AscendersBane","Strike_B","Strike_B","Strike_B","Strike_B","Defend_B","Defend_B","Defend_B","Defend_B","Zap","Dualcast","Sweeping Beam","Coolheaded","Fusion","Undo","Auto Shields","Melter","Ball Lightning","Blizzard","Consume","White Noise","Rainbow+1","Go for the Eyes","Decay","White Noise"],"relics":["Fusion Hammer","Bag of Preparation","Blood Vial","Runic Capacitor","Orichalcum","Sozu"],"acts_visited":["Exordium","TheCity"],"potions_floor_usage":[],"damage_taken":[{"damage":4.0,"enemies":"Jaw Worm","floor":1.0,"turns":4.0},{"damage":0.0,"enemies":"2 Louse","floor":2.0,"turns":3.0},{"damage":6.0,"enemies":"Cultist","floor":3.0,"turns":4.0},{"damage":6.0,"enemies":"2 Fungi Beasts","floor":4.0,"turns":4.0},{"damage":1.0,"enemies":"3 Louse","floor":5.0,"turns":2.0},{"damage":31.0,"enemies":"3 Sentries","floor":7.0,"turns":11.0},{"damage":0.0,"enemies":"Looter","floor":11.0,"turns":3.0},{"damage":55.0,"enemies":"Gremlin Nob","floor":12.0,"turns":5.0},{"damage":0.0,"enemies":"2 Fungi Beasts","floor":14.0,"turns":2.0},{"damage":20.0,"enemies":"The Guardian","floor":16.0,"turns":12.0},{"damage":11,"enemies":"Chosen","floor":18,"turns":6},{"damage":6,"enemies":"Spheric Guardian","floor":21,"turns":4},{"damage":23,"enemies":"Snecko","floor":22,"turns":6},{"damage":48,"enemies":"Book of Stabbing","floor":24,"turns":5}],"seed_played":"-6625165964939194014","potions_obtained":[{"floor":3.0,"key":"SteroidPotion"},{"floor":4.0,"key":"DuplicationPotion"},{"floor":5.0,"key":"Regen Potion"},{"floor":11.0,"key":"SteroidPotion"},{"floor":12.0,"key":"SpeedPotion"}],"is_trial":false,"path_per_floor":["M","M","M","M","M","R","E","R","T","$","M","E","?","M","R","B",null,"M","?","?","M","M","R","E"],"character_chosen":"DEFECT","items_purchased":["Runic Capacitor","Ball Lightning"],"campfire_rested":3,"item_purchase_floors":[10,10],"current_hp_per_floor":[60,60,54,48,47,68,52,52,52,52,54,1,1,3,24,6,55,46,46,46,42,21,42,0,0],"gold":127,"neow_bonus":"BOSS_RELIC","is_daily":false,"chose_seed":false,"campfire_upgraded":0,"win_rate":0.0,"timestamp":1608271623,"path_taken":["M","M","M","M","M","R","E","R","T","$","M","E","?","M","R","BOSS","M","?","?","M","M","R","E"],"items_purchased_type":["Relic","Card"],"build_version":"2020-12-13","purchased_purges":0,"victory":false,"max_hp_per_floor":[71,71,71,71,71,71,71,71,71,71,71,71,71,71,71,71,71,71,71,71,71,71,71,71,71],"card_choices":[{"not_picked":["Coolheaded","Cold Snap"],"picked":"Sweeping Beam","floor":1.0},{"not_picked":["Conserve Battery","Double Energy"],"picked":"Coolheaded","floor":2.0},{"not_picked":["Cold Snap","Steam"],"picked":"Fusion","floor":3.0},{"not_picked":["Turbo","Leap"],"picked":"Undo","floor":4.0},{"not_picked":["Coolheaded","Cold Snap"],"picked":"Auto Shields","floor":5.0},{"not_picked":["Scrape","Hologram"],"picked":"Melter","floor":7.0},{"not_picked":["Leap","Amplify"],"picked":"Blizzard","floor":11.0},{"not_picked":["Coolheaded","Barrage"],"picked":"Consume","floor":12.0},{"not_picked":["Sunder","Gash"],"picked":"White Noise","floor":14.0},{"not_picked":["Fission","Hyperbeam"],"picked":"Rainbow","floor":16.0},{"not_picked":["Sunder","Force Field"],"picked":"Go for the Eyes","floor":18},{"not_picked":["Recycle","Streamline"],"picked":"White Noise","floor":21},{"not_picked":["FTL","Ball Lightning","Beam Cell"],"picked":"SKIP","floor":22}],"player_experience":1360791,"relics_obtained":[{"floor":7.0,"key":"Bag of Preparation"},{"floor":9.0,"key":"Blood Vial"},{"floor":12.0,"key":"Orichalcum"}],"event_choices":[{"damage_healed":0.0,"max_hp_gain":0.0,"max_hp_loss":0.0,"gold_gain":0.0,"event_name":"World of Goop","player_choice":"Left Gold","floor":13.0,"gold_loss":61.0,"damage_taken":0.0},{"damage_healed":0,"gold_gain":0,"player_choice":"Smashed Altar","damage_taken":0,"max_hp_gain":0,"max_hp_loss":0,"event_name":"Forgotten Altar","floor":19,"gold_loss":0,"cards_obtained":["Decay"]},{"damage_healed":0,"gold_gain":0,"player_choice":"Upgraded","damage_taken":0,"max_hp_gain":0,"max_hp_loss":0,"event_name":"Upgrade Shrine","floor":20,"gold_loss":0,"cards_upgraded":["Rainbow"]}],"is_beta":false,"boss_relics":[{"not_picked":["Busted Crown","Coffee Dripper"],"picked":"Sozu"}],"items_purged_floors":[],"is_endless":false,"potions_floor_spawned":[3,4,5,11,12,18,22],"killed_by":"Book of Stabbing","ascension_level":20}}