{"host":"e8rlfedn69rz2s07","time":1608305789,"event":{"mods":["BaseMod","Challenge The Spire","Hubris","Infinite Spire","Minty Spire (QoL Compilation)","Permanent Neow","Relic Stats","Replay The Spire","Shop Mod","StSLib"],"gold_per_floor":[112,123,123,123,103,103,135,146,173,205,222,222,278,289,289,363,363,333,253,265,265,315,347,357,390,416,36,36,47,47,64,64,142,142,153,165,165,90,110,143,143,171,171,205,221,221,238,264,264,264,264,264,264,478,507,507],"floor_reached":57,"playtime":186266,"items_purged":["Strike_B"],"score":2515,"play_id":"0c411b62-c22a-440e-a192-0e716d88afcb","local_time":"20201218173628","is_ascension_mode":true,"campfire_choices":[{"floor":6,"key":"REST"},{"data":"Buffer","floor":12,"key":"SMITH"},{"floor":15,"key":"REST"},{"floor":28,"key":"REST"},{"floor":30,"key":"REST"},{"floor":32,"key":"RECALL"},{"floor":49,"key":"REST"},{"floor":53,"key":"REST"}],"circlet_count":0,"master_deck":["AscendersBane","Strike_B","Strike_B","Strike_B","Defend_B","Defend_B+1","Defend_B","Defend_B","Zap","Dualcast","ReplayTheSpireMod:Calculation Training+1","Cold Snap","Coolheaded","FIFO Queue","Buffer+1","Skim","Machine Learning","Coolheaded","Leap","Hologram+1","Defragment","Apotheosis","Biased Cognition","Panic Button","Fission","Ball Lightning","Defragment","Leap","Pot Of Greed","Pot Of Greed","Pot Of Greed","Conserve Battery","Conserve Battery","Conserve Battery","Doom and Gloom+1","Panic Button","Seek","Melter","Pot Of Greed","Barrage","Redo","Double Energy","Static Discharge","Flash of Steel","Crow Ritual","Consume"],"relics":["Cracked Core","Pet Ghost","TungstenRod","Iron Hammer","Fusion Hammer","hubris:TenFootPole","Vajra","Replay:Antivirus Software","infinitespire:Freezer","Honey Jar","Grinning Jar","Inserter","Strawberry","infinitespire:Golems Mask","Darkstone Periapt","Pocketwatch","hubris:NiceRug","ReplayFunnel","Bronze Scales","TheAbacus","Replay:Rubber Ducky"],"acts_visited":["Exordium","TheCity","TheBeyond","TheEnding"],"potions_floor_usage":[7,7,25,29,55,56,56],"damage_taken":[{"damage":7,"enemies":"Small Slimes","floor":1,"turns":4},{"damage":15,"enemies":"2 Louse","floor":2,"turns":3},{"damage":6,"enemies":"Gremlin Nob","floor":7,"turns":3},{"damage":2,"enemies":"Cultist","floor":8,"turns":3},{"damage":18,"enemies":"3 Sentries","floor":10,"turns":7},{"damage":0,"enemies":"Large Slime","floor":11,"turns":8},{"damage":0,"enemies":"Gremlin Nob","floor":13,"turns":5},{"damage":4,"enemies":"3 Louse","floor":14,"turns":5},{"damage":14,"enemies":"Fading Forest","floor":16,"turns":13},{"damage":15,"enemies":"2 Thieves","floor":18,"turns":4},{"damage":0,"enemies":"Spheric Guardian","floor":20,"turns":7},{"damage":19,"enemies":"Replay:Snechameleon","floor":23,"turns":10},{"damage":17,"enemies":"Snake Plant","floor":24,"turns":6},{"damage":23,"enemies":"Gremlin Leader","floor":25,"turns":6},{"damage":6,"enemies":"Sentry and Sphere","floor":29,"turns":7},{"damage":0,"enemies":"Centurion and Healer","floor":31,"turns":6},{"damage":11,"enemies":"Champ","floor":33,"turns":11},{"damage":0,"enemies":"3 Darklings","floor":35,"turns":7},{"damage":2,"enemies":"Orb Walker","floor":36,"turns":3},{"damage":2,"enemies":"3 Darklings","floor":39,"turns":3},{"damage":0,"enemies":"Nightmare","floor":40,"turns":9},{"damage":0,"enemies":"Nemesis","floor":42,"turns":11},{"damage":0,"enemies":"Giant Head","floor":44,"turns":8},{"damage":3,"enemies":"Sphere and 2 Shapes","floor":45,"turns":7},{"damage":3,"enemies":"Transient","floor":47,"turns":6},{"damage":0,"enemies":"Nemesis","floor":48,"turns":9},{"damage":0,"enemies":"Replay:Hell Engine","floor":50,"turns":14},{"damage":17,"enemies":"infinitespire:MassOfShapes","floor":51,"turns":14},{"damage":0,"enemies":"hubris:Merchant","floor":54,"turns":8},{"damage":6,"enemies":"Shield and Spear","floor":55,"turns":6},{"damage":47,"enemies":"The Heart","floor":56,"turns":12}],"seed_played":"5303003666742906317","potions_obtained":[{"floor":2,"key":"BlessingOfTheForge"},{"floor":5,"key":"SneckoOil"},{"floor":7,"key":"Ancient Potion"},{"floor":14,"key":"SteroidPotion"},{"floor":16,"key":"Fire Potion"},{"floor":24,"key":"Regen Potion"},{"floor":29,"key":"SpeedPotion"},{"floor":33,"key":"Block Potion"},{"floor":40,"key":"PowerPotion"},{"floor":44,"key":"Energy Potion"},{"floor":45,"key":"Explosive Potion"},{"floor":48,"key":"ColorlessPotion"},{"floor":54,"key":"ColorlessPotion"},{"floor":54,"key":"ColorlessPotion"},{"floor":55,"key":"Energy Potion"}],"is_trial":false,"path_per_floor":["M","M","?","?","?","R","E","M","T","E","M","R","?","M","R","B",null,"M","?","M","AVR","?","E","M","E","T","$","R","M","R","M","R","B",null,"M","M","?","$","M","NM","AVR","E","T","E","M","?","M","E","R","B","B",null,"R","$","E","B",null],"character_chosen":"DEFECT","items_purchased":["Defragment","Apotheosis","Regen Potion","LifebloodPotion"],"campfire_rested":6,"item_purchase_floors":[27,27,27,54],"current_hp_per_floor":[57,42,42,42,42,63,57,55,55,37,37,37,37,33,54,56,67,52,52,52,52,52,33,16,8,8,8,29,38,59,59,59,48,65,65,63,63,63,61,61,61,68,68,68,65,88,85,85,88,88,71,84,88,88,82,35],"gold":507,"neow_bonus":"RANDOM_EVENT","is_daily":false,"chose_seed":false,"campfire_upgraded":1,"win_rate":0.0,"timestamp":1608305788,"path_taken":["M","M","?","?","?","R","E","?","T","E","M","R","?","M","R","BOSS","M","?","M","AVR","?","E","M","E","T","?","R","M","R","M","R","BOSS","M","M","?","$","M","NM","AVR","E","T","E","M","?","M","E","R","BOSS","BOSS","R","$","E","BOSS"],"items_purchased_type":["Card","Card","Potion","Potion"],"build_version":"2020-12-13","purchased_purges":1,"victory":true,"max_hp_per_floor":[71,71,71,71,71,71,71,71,71,71,71,71,71,71,71,71,71,71,71,71,71,71,71,71,71,71,71,71,71,71,71,71,71,71,71,71,71,71,71,71,71,78,78,78,78,88,88,88,88,88,88,88,88,88,88,88],"relic_stats":{"Darkstone Periapt":0,"Inserter":[35],"TheAbacus":[24],"counters":[31,225],"Bronze Scales":[210],"obtain_stats":[{"Darkstone Periapt":44,"ReplayFunnel":54,"Inserter":41,"Vajra":23,"Pet Ghost":7,"Replay:Rubber Ducky":55,"TheAbacus":54,"Strawberry":42,"Bronze Scales":54,"Honey Jar":34,"infinitespire:Golems Mask":43,"Iron Hammer":13,"Fusion Hammer":17,"hubris:TenFootPole":21,"Replay:Antivirus Software":25,"Grinning Jar":40,"Cracked Core":0,"TungstenRod":10,"infinitespire:Freezer":26,"Pocketwatch":48,"hubris:NiceRug":54},{"Darkstone Periapt":23,"ReplayFunnel":29,"Inserter":21,"Vajra":12,"Pet Ghost":3,"Replay:Rubber Ducky":30,"TheAbacus":29,"Strawberry":22,"Bronze Scales":29,"Honey Jar":17,"infinitespire:Golems Mask":22,"Iron Hammer":7,"Fusion Hammer":9,"hubris:TenFootPole":11,"Replay:Antivirus Software":14,"Grinning Jar":21,"Cracked Core":0,"TungstenRod":5,"infinitespire:Freezer":14,"Pocketwatch":26,"hubris:NiceRug":29},{"Darkstone Periapt":149,"ReplayFunnel":207,"Inserter":130,"Vajra":72,"Pet Ghost":10,"Replay:Rubber Ducky":213,"TheAbacus":207,"Strawberry":141,"Bronze Scales":207,"Honey Jar":108,"infinitespire:Golems Mask":141,"Iron Hammer":33,"Fusion Hammer":51,"hubris:TenFootPole":62,"Replay:Antivirus Software":84,"Grinning Jar":130,"Cracked Core":0,"TungstenRod":20,"infinitespire:Freezer":84,"Pocketwatch":171,"hubris:NiceRug":207}],"TungstenRod":60,"Pocketwatch":[4]},"card_choices":[{"not_picked":["Coolheaded","Stack"],"picked":"ReplayTheSpireMod:Calculation Training","floor":1},{"not_picked":["Coolheaded","Go for the Eyes"],"picked":"Cold Snap","floor":2},{"not_picked":["Beam Cell","Tempest"],"picked":"Coolheaded","floor":7},{"not_picked":["ReplayTheSpireMod:Reroute Power","Consume"],"picked":"FIFO Queue","floor":8},{"not_picked":["White Noise","ReplayTheSpireMod:GoodbyeWorld"],"picked":"Buffer","floor":10},{"not_picked":["Steam Power","Crystallizer","Go for the Eyes"],"picked":"SKIP","floor":11},{"not_picked":["Leap","Redo"],"picked":"Skim","floor":13},{"not_picked":["hubris:Ukulele","Melter","BasicCrystalCard"],"picked":"SKIP","floor":14},{"not_picked":["hubris:Prefetch","Amplify"],"picked":"Machine Learning","floor":16},{"not_picked":["BasicCrystalCard","Streamline"],"picked":"Coolheaded","floor":18},{"not_picked":["Compile Driver","Tempest"],"picked":"Leap","floor":20},{"not_picked":["Steam","Panic Button"],"picked":"ReplayTheSpireMod:Omega Cannon","floor":23},{"not_picked":["Aggregate","Blizzard","hubris:Ukulele"],"picked":"SKIP","floor":24},{"not_picked":["BootSequence","Compile Driver+1"],"picked":"Hologram+1","floor":25},{"not_picked":["Cold Snap","Ball Lightning"],"picked":"Biased Cognition","floor":29},{"not_picked":["Ball Lightning","Force Field"],"picked":"Panic Button","floor":31},{"not_picked":["Machine Learning","Thunder Strike"],"picked":"Fission","floor":33},{"not_picked":["Double Energy","Scrape+1","Stack"],"picked":"Ball Lightning","floor":35},{"not_picked":["White Noise","Gash","Redo+1"],"picked":"Defragment","floor":36},{"not_picked":["Streamline","ReplayGash+1","Skim"],"picked":"Leap","floor":39},{"not_picked":["Redo","White Noise","Compile Driver"],"picked":"Conserve Battery","floor":40},{"not_picked":["Gash","Compile Driver","Rebound"],"picked":"Conserve Battery","floor":42},{"not_picked":["Aggregate","ReplayTheSpireMod:Reroute Power","Reprogram"],"picked":"Conserve Battery","floor":44},{"not_picked":["Compile Driver","Ball Lightning","Stack"],"picked":"Doom and Gloom+1","floor":45},{"not_picked":["Sweeping Beam+1","Leap","ReplayTheSpireMod:Reroute Power"],"picked":"Panic Button","floor":47},{"not_picked":["Leap+1","Panic Button","Force Field+1"],"picked":"Seek","floor":48},{"not_picked":[],"picked":"Melter","floor":54},{"not_picked":[],"picked":"Barrage","floor":54},{"not_picked":[],"picked":"Redo","floor":54},{"not_picked":[],"picked":"Double Energy","floor":54},{"not_picked":[],"picked":"Static Discharge","floor":54},{"not_picked":[],"picked":"Flash of Steel","floor":54},{"not_picked":[],"picked":"Crow Ritual","floor":54},{"not_picked":["Streamline","Rip and Tear","Reprogram"],"picked":"Consume","floor":55}],"player_experience":708090,"relics_obtained":[{"floor":7,"key":"Pet Ghost"},{"floor":10,"key":"TungstenRod"},{"floor":13,"key":"Iron Hammer"},{"floor":23,"key":"Vajra"},{"floor":25,"key":"Replay:Antivirus Software"},{"floor":26,"key":"infinitespire:Freezer"},{"floor":40,"key":"Grinning Jar"},{"floor":42,"key":"Strawberry"},{"floor":43,"key":"infinitespire:Golems Mask"},{"floor":44,"key":"Darkstone Periapt"},{"floor":48,"key":"Pocketwatch"},{"floor":54,"key":"ReplayFunnel"},{"floor":54,"key":"Bronze Scales"},{"floor":54,"key":"TheAbacus"},{"floor":55,"key":"Replay:Rubber Ducky"}],"event_choices":[{"damage_healed":0,"gold_gain":0,"player_choice":"Ignored","damage_taken":0,"max_hp_gain":0,"max_hp_loss":0,"event_name":"Liars Game","floor":3,"gold_loss":0},{"damage_healed":0,"gold_gain":0,"player_choice":"Grow","damage_taken":0,"max_hp_gain":0,"max_hp_loss":0,"event_name":"Living Wall","floor":4,"gold_loss":0,"cards_upgraded":["ReplayTheSpireMod:Calculation Training"]},{"damage_healed":0,"gold_gain":0,"player_choice":"Bought 1 Potion","damage_taken":0,"max_hp_gain":0,"max_hp_loss":0,"event_name":"The Woman in Blue","floor":5,"gold_loss":0},{"damage_healed":0,"gold_gain":0,"player_choice":"Searched \u00272\u0027 times","damage_taken":0,"max_hp_gain":0,"max_hp_loss":0,"event_name":"Dead Adventurer","floor":13,"gold_loss":0},{"damage_healed":0,"gold_gain":50,"player_choice":"Stole From Cult","damage_taken":0,"max_hp_gain":0,"max_hp_loss":0,"event_name":"Nest","floor":22,"gold_loss":0},{"cards_removed":["ReplayTheSpireMod:Omega Cannon"],"damage_healed":13,"gold_gain":0,"player_choice":"Offered Rare","damage_taken":0,"max_hp_gain":10,"max_hp_loss":0,"event_name":"Bonfire Elementals","floor":46,"gold_loss":0}],"is_beta":false,"boss_relics":[{"not_picked":["hubris:Backtick","infinitespire:Cupcake"],"picked":"Fusion Hammer"},{"not_picked":["hubris:BlackHole","Kintsugi"],"picked":"Honey Jar"}],"items_purged_floors":[38],"is_endless":false,"potions_floor_spawned":[2,7,14,16,23,24,29,33,40,44,45,48,55],"ascension_level":20}}