{"host":"5gc11emcm5chfr5t","time":1608256219,"event":{"mods":["2.2 Compatiblity","AchievementEnabler","BaseMod","Bestiary","Better Note","Colored Map","Colored Powertips","Downfall","Googly Eyes","Minty Spire (QoL Compilation)","Rare Cards Sparkle","StSLib"],"gold_per_floor":[99,274,293,293,307,368,368,17,117,117,117],"floor_reached":10,"playtime":314,"items_purged":["Pain"],"score":86,"play_id":"12ab7f68-eb30-46ca-a673-a094075cada3","local_time":"20201217205019","is_ascension_mode":true,"campfire_choices":[{"floor":1,"key":"RECALL"}],"circlet_count":0,"master_deck":["AscendersBane","sneckomod:Strike","sneckomod:Strike","sneckomod:Strike","sneckomod:Defend+1","sneckomod:Defend","sneckomod:Defend+1","sneckomod:TailWhip","sneckomod:SnekBite","sneckomod:Unknown","sneckomod:Unknown","Doubt","sneckomod:QuickMove","sneckomod:SoulRoll","sneckomod:MorePower","sneckomod:UnknownClassHEXA_GHOST_PURPLE+1","sneckomod:UnknownClassBLUE","The Bomb","Jack Of All Trades","sneckomod:Unknown0Cost+1","sneckomod:WideSting"],"relics":["SlaversCollar","WarpedTongs","War Paint","Pantograph","downfall:CloakOfManyFaces","CultistMask","FaceOfCleric","NlothsMask","GremlinMask","SsserpentHead"],"acts_visited":["Exordium"],"potions_floor_usage":[6],"damage_taken":[{"damage":1,"enemies":"2 Louse","floor":3,"turns":2},{"damage":7,"enemies":"Small Slimes","floor":5,"turns":5},{"damage":49,"enemies":"Gremlin Nob","floor":6,"turns":6},{"damage":1,"enemies":"downfall:FleeingMerchant","floor":8,"turns":4},{"damage":15,"enemies":"downfall:FaceTrader","floor":9,"turns":5},{"damage":8,"enemies":"Gremlin Nob","floor":10,"turns":2}],"seed_played":"-6643317917416715390","potions_obtained":[{"floor":3,"key":"Dexterity Potion"}],"is_trial":false,"path_per_floor":["R","?","M","?","M","?","T","$","?","E"],"character_chosen":"THE_SNECKO","items_purchased":["The Bomb","Jack Of All Trades"],"campfire_rested":0,"item_purchase_floors":[8,8],"current_hp_per_floor":[81,81,80,80,73,24,24,23,8,0,0],"gold":117,"neow_bonus":"BOSS_RELIC","is_daily":false,"chose_seed":false,"campfire_upgraded":0,"win_rate":0.0,"timestamp":1608256219,"path_taken":["R","?","M","?","?","?","T","$","?","E"],"items_purchased_type":["Card","Card"],"build_version":"2020-12-13","purchased_purges":1,"victory":false,"max_hp_per_floor":[90,90,90,90,90,90,90,90,90,90,90],"card_choices":[{"not_picked":["sneckomod:MasterEye","sneckomod:DiceCrush"],"picked":"sneckomod:QuickMove","floor":3},{"not_picked":["sneckomod:DiceBlock","sneckomod:UnknownStrike"],"picked":"sneckomod:SoulRoll","floor":5},{"not_picked":["sneckomod:UnknownStrength","sneckomod:SoulRoll"],"picked":"sneckomod:MorePower","floor":6},{"not_picked":["sneckomod:UnknownClassGUARDIAN+1","sneckomod:UnknownClassSLIMEBOUND+1"],"picked":"sneckomod:UnknownClassHEXA_GHOST_PURPLE+1","floor":8},{"not_picked":["sneckomod:SoulRoll","sneckomod:DiceCrush"],"picked":"sneckomod:UnknownClassBLUE","floor":8},{"not_picked":["sneckomod:UnknownClassBLUE+1","sneckomod:UnknownUncommonSkill+1"],"picked":"sneckomod:Unknown0Cost+1","floor":9},{"not_picked":["sneckomod:UnknownVulnerable","sneckomod:UnknownBlock"],"picked":"sneckomod:WideSting","floor":9}],"player_experience":418917,"relics_obtained":[{"floor":6,"key":"War Paint"},{"floor":7,"key":"Pantograph"},{"floor":9,"key":"downfall:CloakOfManyFaces"}],"event_choices":[{"damage_healed":0,"gold_gain":0,"player_choice":"Rummage","damage_taken":0,"relics_obtained":["WarpedTongs"],"max_hp_gain":0,"max_hp_loss":0,"event_name":"Accursed Blacksmith","floor":4,"gold_loss":0,"cards_obtained":["Pain"]}],"is_beta":false,"boss_relics":[],"items_purged_floors":[8],"is_endless":false,"potions_floor_spawned":[3],"killed_by":"Gremlin Nob","ascension_level":12}}