{"host":"gkm149kh1ihaqy0o","time":1608319374,"event":{"mods":["AchievementEnabler","BaseMod","Colored Powertips","Googly Eyes","Key Reminder","Minty Spire (QoL Compilation)","Permanent Neow","Quick Restart","Random Character Button","Rare Cards Sparkle","Relic Sorter","Relic Stats","SuperFastMode","Unceasing Turn Reminder","everything is the same but u backflip on backflip"],"gold_per_floor":[144,189,189,234,279,279,369,369,394,784,829,934,432,522,522,822,972,1017,515,515,560,605,695,695,695,720,765,810,810,855,945,945,1245,1245,1290,1290,1335,924,969,969,969,969,969,969,1023,1077,1131,838,838,838],"floor_reached":51,"playtime":2872,"items_purged":["Decay"],"score":959,"play_id":"80ca38bb-b3fe-47aa-aca3-d34c85067da8","local_time":"20201218132254","daily_mods":["Draft","Colorless Cards","Midas"],"is_ascension_mode":false,"campfire_choices":[{"floor":6,"key":"REST"},{"floor":8,"key":"REST"},{"floor":15,"key":"DIG"},{"floor":29,"key":"DIG"},{"floor":32,"key":"DIG"},{"floor":40,"key":"DIG"},{"floor":42,"key":"DIG"},{"floor":49,"key":"DIG"}],"circlet_count":0,"master_deck":["Adaptation","FlurryOfBlows","Crescendo","Indignation","WheelKick","ThirdEye","ReachHeaven","EmptyFist","FlurryOfBlows","Evaluate","FollowUp","BowlingBash","EmptyBody","FlurryOfBlows","Blind","FearNoEvil","FearNoEvil+1","Perseverance","Halt","Sanctity","CutThroughFate","FlurryOfBlows","Transmutation","Apotheosis","FlurryOfBlows","Good Instincts+1","Consecrate+1","Madness","CrushJoints+1","Panache","InnerPeace+1","Adaptation","Meditate+1","FollowUp+1","MentalFortress+1","Fasting2"],"relics":["PureWater","Oddly Smooth Stone","Lantern","Old Coin","Shovel","Pantograph","Strange Spoon","Sundial","Turnip","Tiny House","Frozen Eye","MealTicket","Potion Belt","StrikeDummy","InkBottle","Art of War","Dream Catcher","Orichalcum","Omamori","Busted Crown","TungstenRod","Membership Card","Mummified Hand","CeramicFish","Boot","Regal Pillow","GoldenEye","Bird Faced Urn","Melange","TeardropLocket"],"acts_visited":["Exordium","TheCity","TheBeyond"],"potions_floor_usage":[11,11,12,14,18,28,28,28,30,33,33,47,50,50,50,50,50],"damage_taken":[{"damage":0,"enemies":"Small Slimes","floor":1,"turns":2},{"damage":0,"enemies":"Cultist","floor":2,"turns":2},{"damage":5,"enemies":"2 Louse","floor":4,"turns":2},{"damage":5,"enemies":"Blue Slaver","floor":5,"turns":2},{"damage":0,"enemies":"Gremlin Nob","floor":7,"turns":2},{"damage":14,"enemies":"3 Sentries","floor":10,"turns":3},{"damage":0,"enemies":"Exordium Thugs","floor":11,"turns":2},{"damage":0,"enemies":"Lagavulin Event","floor":12,"turns":3},{"damage":0,"enemies":"Gremlin Nob","floor":14,"turns":2},{"damage":32,"enemies":"The Guardian","floor":16,"turns":7},{"damage":0,"enemies":"2 Thieves","floor":18,"turns":2},{"damage":0,"enemies":"3 Byrds","floor":21,"turns":3},{"damage":0,"enemies":"Snake Plant","floor":22,"turns":4},{"damage":10,"enemies":"Gremlin Leader","floor":23,"turns":3},{"damage":0,"enemies":"Centurion and Healer","floor":27,"turns":3},{"damage":0,"enemies":"3 Cultists","floor":28,"turns":3},{"damage":7,"enemies":"Shelled Parasite and Fungi","floor":30,"turns":3},{"damage":5,"enemies":"Slavers","floor":31,"turns":2},{"damage":0,"enemies":"Collector","floor":33,"turns":6},{"damage":5,"enemies":"Orb Walker","floor":35,"turns":2},{"damage":3,"enemies":"3 Darklings","floor":37,"turns":3},{"damage":2,"enemies":"4 Shapes","floor":39,"turns":2},{"damage":2,"enemies":"Writhing Mass","floor":45,"turns":3},{"damage":2,"enemies":"Maw","floor":46,"turns":3},{"damage":0,"enemies":"Sphere and 2 Shapes","floor":47,"turns":2},{"damage":79,"enemies":"Time Eater","floor":50,"turns":7}],"seed_played":"4511563792049188764","potions_obtained":[{"floor":1,"key":"SpeedPotion"},{"floor":2,"key":"Dexterity Potion"},{"floor":11,"key":"Dexterity Potion"},{"floor":12,"key":"LiquidMemories"},{"floor":17,"key":"SneckoOil"},{"floor":21,"key":"BlessingOfTheForge"},{"floor":23,"key":"EntropicBrew"},{"floor":27,"key":"Explosive Potion"},{"floor":30,"key":"LiquidMemories"},{"floor":35,"key":"Swift Potion"},{"floor":39,"key":"PowerPotion"}],"is_trial":false,"path_per_floor":["M","M","?","M","M","R","E","R","T","E","M","?","$","E","R","B",null,"M","$","?","M","M","E","?","T","T","M","M","R","M","E","R","B",null,"M","T","M","$","M","R","?","R","T","?","M","M","M","$","R","B",null],"character_chosen":"WATCHER","items_purchased":["Pantograph","Strange Spoon","CutThroughFate","Frozen Eye","MealTicket","FlurryOfBlows","Potion Belt","Membership Card","Mummified Hand","CeramicFish","Adaptation","Fruit Juice","Bird Faced Urn","Melange","Fasting2","EssenceOfSteel"],"campfire_rested":2,"item_purchase_floors":[13,13,13,19,19,19,19,38,38,38,38,38,48,48,48,48],"current_hp_per_floor":[72,72,72,67,62,72,72,72,72,58,58,58,58,58,58,40,77,77,77,77,77,77,67,67,67,67,67,67,67,60,55,55,77,77,72,72,69,77,75,75,75,75,75,73,71,69,69,73,73,7],"gold":838,"neow_bonus":"","is_daily":true,"chose_seed":false,"campfire_upgraded":0,"win_rate":0.0,"timestamp":1608319374,"path_taken":["M","M","?","M","?","R","E","R","T","E","M","?","$","E","R","BOSS","M","$","?","?","M","E","?","?","T","?","M","R","M","E","R","BOSS","M","?","M","$","M","R","?","R","T","?","M","M","M","$","R","BOSS"],"items_purchased_type":["Relic","Relic","Card","Relic","Relic","Card","Relic","Relic","Relic","Relic","Card","Potion","Relic","Relic","Card","Potion"],"build_version":"2020-12-13","purchased_purges":1,"victory":true,"max_hp_per_floor":[72,72,72,72,72,72,72,72,72,72,72,72,72,72,72,72,77,77,77,77,77,77,77,77,77,77,77,77,77,77,77,77,77,77,77,77,77,77,77,77,77,77,77,73,73,73,73,73,73,78],"relic_stats":{"Regal Pillow":0,"counters":[26,78],"CeramicFish":45,"Melange":[3],"Orichalcum":[18],"Boot":[19],"GoldenEye":[10],"Strange Spoon":[41],"Dream Catcher":0,"Shovel":6,"Busted Crown":12,"Sundial":[2],"Mummified Hand":[17],"Pantograph":36,"Bird Faced Urn":[8],"MealTicket":12,"Turnip":[10],"Art of War":[2],"obtain_stats":[{"Lantern":9,"Regal Pillow":42,"Tiny House":17,"CeramicFish":38,"Melange":48,"TeardropLocket":49,"Boot":40,"Old Coin":10,"Frozen Eye":19,"Dream Catcher":29,"Shovel":12,"Sundial":14,"Mummified Hand":38,"Pantograph":13,"MealTicket":19,"InkBottle":25,"Potion Belt":19,"Oddly Smooth Stone":7,"Omamori":32,"Orichalcum":31,"GoldenEye":43,"Strange Spoon":13,"Busted Crown":34,"Bird Faced Urn":48,"Turnip":15,"Art of War":26,"Membership Card":38,"PureWater":0,"StrikeDummy":23,"TungstenRod":36},{"Lantern":5,"Regal Pillow":22,"Tiny House":10,"CeramicFish":21,"Melange":25,"TeardropLocket":25,"Boot":22,"Old Coin":6,"Frozen Eye":11,"Dream Catcher":16,"Shovel":8,"Sundial":9,"Mummified Hand":21,"Pantograph":8,"MealTicket":11,"InkBottle":14,"Potion Belt":11,"Oddly Smooth Stone":5,"Omamori":18,"Orichalcum":18,"GoldenEye":22,"Strange Spoon":8,"Busted Crown":19,"Bird Faced Urn":25,"Turnip":9,"Art of War":14,"Membership Card":21,"PureWater":0,"StrikeDummy":14,"TungstenRod":20},{"Lantern":10,"Regal Pillow":63,"Tiny House":27,"CeramicFish":61,"Melange":71,"TeardropLocket":71,"Boot":63,"Old Coin":13,"Frozen Eye":29,"Dream Catcher":45,"Shovel":18,"Sundial":20,"Mummified Hand":61,"Pantograph":18,"MealTicket":29,"InkBottle":39,"Potion Belt":29,"Oddly Smooth Stone":10,"Omamori":50,"Orichalcum":50,"GoldenEye":63,"Strange Spoon":18,"Busted Crown":56,"Bird Faced Urn":71,"Turnip":20,"Art of War":39,"Membership Card":61,"PureWater":0,"StrikeDummy":39,"TungstenRod":58}],"InkBottle":[33],"TungstenRod":11},"card_choices":[{"not_picked":["Conclude","Vengeance"],"picked":"Adaptation","floor":0},{"not_picked":["CrushJoints","Weave"],"picked":"FlurryOfBlows","floor":0},{"not_picked":["SashWhip","PathToVictory"],"picked":"Crescendo","floor":0},{"not_picked":["PathToVictory","ThirdEye"],"picked":"Indignation","floor":0},{"not_picked":["EmptyMind","Nirvana"],"picked":"WheelKick","floor":0},{"not_picked":["Fasting2","JustLucky"],"picked":"ThirdEye","floor":0},{"not_picked":["ClearTheMind","Evaluate"],"picked":"ReachHeaven","floor":0},{"not_picked":["PathToVictory","SignatureMove"],"picked":"EmptyFist","floor":0},{"not_picked":["Discovery","SashWhip"],"picked":"FlurryOfBlows","floor":0},{"not_picked":["JustLucky","EmptyMind"],"picked":"Evaluate","floor":0},{"not_picked":["JustLucky","ThirdEye"],"picked":"FollowUp","floor":0},{"not_picked":["EmptyFist","MentalFortress"],"picked":"BowlingBash","floor":0},{"not_picked":["FlurryOfBlows","PathToVictory"],"picked":"EmptyBody","floor":0},{"not_picked":["ThirdEye","Consecrate"],"picked":"FlurryOfBlows","floor":0},{"not_picked":["WindmillStrike","Protect"],"picked":"Blind","floor":0},{"not_picked":["SashWhip","BowlingBash"],"picked":"FearNoEvil","floor":1},{"not_picked":["ThirdEye","Protect","BowlingBash"],"picked":"SKIP","floor":2},{"not_picked":["Study","CrushJoints"],"picked":"Finesse","floor":4},{"not_picked":["Panacea","Crescendo"],"picked":"FearNoEvil","floor":5},{"not_picked":["Halt","EmptyFist"],"picked":"Perseverance","floor":7},{"not_picked":["Thinking Ahead","Indignation","WheelKick"],"picked":"SKIP","floor":10},{"not_picked":["EmptyFist","FollowUp"],"picked":"Halt","floor":11},{"not_picked":["Evaluate","LikeWater"],"picked":"Sanctity","floor":12},{"not_picked":["CutThroughFate","FlyingSleeves"],"picked":"FlurryOfBlows","floor":14},{"not_picked":["Omniscience","Devotion"],"picked":"Transmutation","floor":16},{"not_picked":["CutThroughFate","PathToVictory"],"picked":"Apotheosis","floor":18},{"not_picked":["Perseverance","FlyingSleeves"],"picked":"Good Instincts+1","floor":21},{"not_picked":["Finesse","Enlightenment","Prostrate+1"],"picked":"SKIP","floor":22},{"not_picked":["ThirdEye","CrushJoints"],"picked":"Consecrate+1","floor":23},{"not_picked":["ThirdEye","Consecrate","Weave"],"picked":"SKIP","floor":27},{"not_picked":["ThirdEye","EmptyBody"],"picked":"Madness","floor":28},{"not_picked":["ClearTheMind","Sadistic Nature"],"picked":"CrushJoints+1","floor":30},{"not_picked":["FlyingSleeves","Halt","Consecrate"],"picked":"SKIP","floor":31},{"not_picked":["Omniscience","Violence"],"picked":"Panache","floor":33},{"not_picked":["CutThroughFate"],"picked":"SKIP","floor":35},{"not_picked":[],"picked":"InnerPeace+1","floor":37},{"not_picked":["FlyingSleeves+1"],"picked":"SKIP","floor":39},{"not_picked":[],"picked":"Meditate+1","floor":45},{"not_picked":[],"picked":"FollowUp+1","floor":46},{"not_picked":[],"picked":"MentalFortress+1","floor":47}],"player_experience":582508,"relics_obtained":[{"floor":7,"key":"Oddly Smooth Stone"},{"floor":9,"key":"Lantern"},{"floor":10,"key":"Old Coin"},{"floor":12,"key":"Shovel"},{"floor":14,"key":"Sundial"},{"floor":15,"key":"Turnip"},{"floor":23,"key":"StrikeDummy"},{"floor":25,"key":"InkBottle"},{"floor":26,"key":"Art of War"},{"floor":29,"key":"Dream Catcher"},{"floor":31,"key":"Orichalcum"},{"floor":32,"key":"Omamori"},{"floor":36,"key":"TungstenRod"},{"floor":40,"key":"Boot"},{"floor":42,"key":"Regal Pillow"},{"floor":43,"key":"GoldenEye"},{"floor":49,"key":"TeardropLocket"}],"event_choices":[{"damage_healed":0,"gold_gain":0,"player_choice":"Cursed","damage_taken":0,"max_hp_gain":0,"max_hp_loss":0,"event_name":"Wheel of Change","floor":3,"gold_loss":0,"cards_obtained":["Decay"]},{"damage_healed":0,"gold_gain":0,"player_choice":"Searched \u00271\u0027 times","damage_taken":0,"max_hp_gain":0,"max_hp_loss":0,"event_name":"Dead Adventurer","floor":12,"gold_loss":0},{"cards_removed":["Finesse"],"damage_healed":0,"gold_gain":0,"player_choice":"Card Removal","damage_taken":0,"max_hp_gain":0,"max_hp_loss":0,"event_name":"Wheel of Change","floor":20,"gold_loss":0},{"damage_healed":0,"gold_gain":0,"player_choice":"Simplicity","damage_taken":0,"max_hp_gain":0,"max_hp_loss":0,"event_name":"Back to Basics","floor":24,"gold_loss":0,"cards_upgraded":[]},{"damage_healed":0,"gold_gain":0,"player_choice":"Ignored","damage_taken":0,"max_hp_gain":0,"max_hp_loss":0,"event_name":"Tomb of Lord Red Mask","floor":41,"gold_loss":0},{"damage_healed":0,"gold_gain":0,"player_choice":"Max HP","damage_taken":0,"max_hp_gain":0,"max_hp_loss":4,"event_name":"Winding Halls","floor":44,"gold_loss":0}],"is_beta":false,"boss_relics":[{"not_picked":["SacredBark","Ectoplasm"],"picked":"Tiny House"},{"not_picked":["Runic Pyramid","Black Star"],"picked":"Busted Crown"}],"items_purged_floors":[13],"is_endless":false,"potions_floor_spawned":[1,2,11,12,21,23,27,30,35,39],"ascension_level":0}}