{"host":"cf32014d19ld5mat","time":1608294277,"event":{"mods":["AchievementEnabler","BaseMod","Block Reminder","Minty Spire (QoL Compilation)","Random Character Button","Relic Stats","StSLib"],"gold_per_floor":[117,129,204,66,66,66,87,107,107,141,141,166,166,189,189,189,189],"floor_reached":16,"playtime":495,"items_purged":[],"score":204,"play_id":"1a2c2ee9-b71f-41f7-83d0-c8e8bc3d025f","local_time":"20201218122437","is_ascension_mode":true,"campfire_choices":[{"data":"Riddle With Holes","floor":6.0,"key":"SMITH"},{"floor":13.0,"key":"REST"},{"data":"Wraith Form v2","floor":15,"key":"SMITH"}],"circlet_count":0,"master_deck":["AscendersBane","Strike_G","Strike_G+1","Strike_G","Strike_G+1","Strike_G","Defend_G","Defend_G","Defend_G","Defend_G","Defend_G","Survivor","Neutralize","Dagger Spray","Riddle With Holes+1","Bouncing Flask","Sucker Punch","Quick Slash","Venomology","Skewer+1","Poisoned Stab+1","Wraith Form v2+1"],"relics":["Ring of the Snake","Mango","Golden Idol","Molten Egg 2","TungstenRod"],"acts_visited":["Exordium"],"potions_floor_usage":[16,16],"damage_taken":[{"damage":1.0,"enemies":"Cultist","floor":1.0,"turns":5.0},{"damage":4.0,"enemies":"Small Slimes","floor":2.0,"turns":4.0},{"damage":2.0,"enemies":"2 Louse","floor":7.0,"turns":2.0},{"damage":13.0,"enemies":"Exordium Thugs","floor":8.0,"turns":5.0},{"damage":19.0,"enemies":"Lagavulin","floor":10.0,"turns":7.0},{"damage":0.0,"enemies":"Exordium Wildlife","floor":12.0,"turns":2.0},{"damage":11,"enemies":"3 Louse","floor":14,"turns":3},{"damage":16,"enemies":"Hexaghost","floor":16,"turns":7}],"seed_played":"3067094364435554119","potions_obtained":[{"floor":2.0,"key":"LiquidMemories"},{"floor":8.0,"key":"BlessingOfTheForge"},{"floor":12.0,"key":"CunningPotion"}],"is_trial":false,"path_per_floor":["M","M","?","$","?","R","M","M","T","E","?","M","R","M","R","B"],"character_chosen":"THE_SILENT","items_purchased":["Bouncing Flask","Sucker Punch"],"campfire_rested":1,"item_purchase_floors":[4,4],"current_hp_per_floor":[72,68,57,57,57,57,55,42,42,23,4,4,24,13,13,0,0],"gold":189,"neow_bonus":"ONE_RARE_RELIC","is_daily":false,"chose_seed":false,"campfire_upgraded":2,"win_rate":0.0,"timestamp":1608294277,"path_taken":["M","M","?","$","?","R","M","M","T","E","?","M","R","?","R","BOSS"],"items_purchased_type":["Card","Card"],"build_version":"2020-12-13","purchased_purges":0,"victory":false,"max_hp_per_floor":[74,74,74,74,67,67,67,67,67,67,67,67,67,67,67,67,67],"relic_stats":{"counters":[8,35],"Golden Idol":25,"obtain_stats":[{"Golden Idol":5,"Mango":0,"Molten Egg 2":9,"TungstenRod":10,"Ring of the Snake":0},{"Golden Idol":2,"Mango":0,"Molten Egg 2":4,"TungstenRod":5,"Ring of the Snake":0},{"Golden Idol":9,"Mango":0,"Molten Egg 2":16,"TungstenRod":23,"Ring of the Snake":0}],"TungstenRod":13,"Ring of the Snake":[16]},"card_choices":[{"not_picked":["Dodge and Roll","Backflip"],"picked":"Dagger Spray","floor":1.0},{"not_picked":["Dagger Throw","Outmaneuver"],"picked":"Riddle With Holes","floor":2.0},{"not_picked":["Backflip","Blade Dance"],"picked":"Quick Slash","floor":7.0},{"not_picked":["Outmaneuver","Setup"],"picked":"Venomology","floor":8.0},{"not_picked":["Leg Sweep","Bane+1"],"picked":"Skewer+1","floor":10.0},{"not_picked":["Deflect","Slice+1"],"picked":"Poisoned Stab+1","floor":12.0},{"not_picked":["Tactician","Quick Slash+1"],"picked":"Wraith Form v2","floor":14}],"player_experience":954655,"relics_obtained":[{"floor":9.0,"key":"Molten Egg 2"},{"floor":10.0,"key":"TungstenRod"}],"event_choices":[{"damage_healed":0.0,"max_hp_gain":0.0,"max_hp_loss":0.0,"gold_gain":75.0,"event_name":"World of Goop","player_choice":"Gather Gold","floor":3.0,"gold_loss":0.0,"damage_taken":11.0},{"damage_healed":0.0,"max_hp_gain":0.0,"max_hp_loss":7.0,"gold_gain":0.0,"event_name":"Golden Idol","player_choice":"Lose Max HP","floor":5.0,"gold_loss":0.0,"damage_taken":0.0,"relics_obtained":["Golden Idol"]},{"damage_healed":0.0,"max_hp_gain":0.0,"max_hp_loss":0.0,"gold_gain":0.0,"event_name":"Shining Light","player_choice":"Entered Light","floor":11.0,"gold_loss":0.0,"damage_taken":20.0,"cards_upgraded":["Strike_G","Strike_G"]}],"is_beta":false,"boss_relics":[],"items_purged_floors":[],"is_endless":false,"potions_floor_spawned":[2,8,12],"killed_by":"Hexaghost","ascension_level":20}}