{"host":"pgqkv8mh62pnrbci","time":1608299473,"event":{"mods":["AchievementEnabler","BaseMod","Custom Start","Minty Spire (QoL Compilation)","Replay The Spire","StSLib","SuperFastMode","¡¼?Úª?ø«¡½REMEMod"],"gold_per_floor":[113,133,133,143,68,68,68,68,79,79,161,161,173,192,212,228,228,304,304,315,315,315,331,251,276,96,125,171,171,171,171,171,181,181,256,256,266,266,2,15,26,56,56,56,83,111,127,147,147,84,84,84],"floor_reached":53,"playtime":2058,"items_purged":["Strike_G","Strike_G","Cloak And Dagger"],"score":1873,"play_id":"e7b21a40-f5f5-4fa5-a7b3-af39be4f8102","local_time":"20201218225113","is_ascension_mode":true,"campfire_choices":[{"data":"Judgement","floor":8.0,"key":"SMITH"},{"data":"Neutralize","floor":12.0,"key":"SMITH"},{"data":"Skewer","floor":17.0,"key":"SMITH"},{"data":"Sneak Up","floor":29.0,"key":"SMITH"},{"data":"ReplayTheSpireMod:Tripwire","floor":34.0,"key":"SMITH"},{"data":"Sneak Up","floor":43,"key":"SMITH"},{"data":"Venomology","floor":51,"key":"SMITH"}],"circlet_count":0,"master_deck":["AscendersBane","Strike_G+1","Strike_G+1","Defend_G+1","Defend_G+1","Defend_G+1","Defend_G+1","Defend_G+1","Survivor","Neutralize+1","Judgement+1","Blade Dance","PiercingWail","ReplayTheSpireMod:Tripwire+1","Finisher","Skewer+1","Predator","Storm of Steel","Accuracy","REME_GreenPollution","Glass Knife","ReplayTheSpireMod:Speed Training","REME_GreenPollution","Sneak Up+1","Dagger Spray+1","Venomology+1","Sneak Up+1","Flash of Steel","REME_MagicPocketWatch","ReplayTheSpireMod:Private Reserves","REME_AllRoundStrike","Blade Dance","Cloak And Dagger+1","ReplayTheSpireMod:Scrap Shanks","Reflex","Die Die Die","PiercingWail"],"relics":["REME_ComplimentaryCards","Coffee Dripper","Gremlin Horn","Honey Jar","REME_HandOfSuture","Divine Protection","Strawberry","ReplayTheSpireMod:Lightbulb","Eternal Feather","HoveringKite","Membership Card","Ice Cream","Ring of Panic","Ring of Chaos","ReplayTheSpireMod:TigerMarble","Mercury Hourglass"],"acts_visited":["Exordium","TheCity","TheBeyond"],"potions_floor_usage":[41,42,46,52,52,52,52],"damage_taken":[{"damage":0.0,"enemies":"Jaw Worm","floor":1.0,"turns":1.0},{"damage":6.0,"enemies":"Cultist","floor":2.0,"turns":4.0},{"damage":0.0,"enemies":"Small Slimes","floor":4.0,"turns":3.0},{"damage":7.0,"enemies":"3 Louse","floor":9.0,"turns":4.0},{"damage":0.0,"enemies":"Looter","floor":13.0,"turns":1.0},{"damage":0.0,"enemies":"2 Fungi Beasts","floor":14.0,"turns":2.0},{"damage":0.0,"enemies":"Gremlin Gang","floor":15.0,"turns":4.0},{"damage":0.0,"enemies":"3 Louse","floor":16.0,"turns":3.0},{"damage":21.0,"enemies":"Slime Boss","floor":18.0,"turns":6.0},{"damage":0.0,"enemies":"Chosen","floor":20.0,"turns":3.0},{"damage":7.0,"enemies":"Shell Parasite","floor":23.0,"turns":4.0},{"damage":14.0,"enemies":"Book of Stabbing","floor":25.0,"turns":4.0},{"damage":28.0,"enemies":"Slavers","floor":27.0,"turns":3.0},{"damage":0.0,"enemies":"Cultist and Chosen","floor":33.0,"turns":6.0},{"damage":28.0,"enemies":"Pondfish","floor":35.0,"turns":10.0},{"damage":0.0,"enemies":"3 Shapes","floor":37.0,"turns":4.0},{"damage":0,"enemies":"Orb Walker","floor":40,"turns":3},{"damage":20,"enemies":"Sphere and 2 Shapes","floor":41,"turns":4},{"damage":14,"enemies":"Nemesis","floor":42,"turns":7},{"damage":14,"enemies":"Reptomancer","floor":46,"turns":4},{"damage":0,"enemies":"Spire Growth","floor":47,"turns":1},{"damage":0,"enemies":"4 Shapes","floor":48,"turns":3},{"damage":28,"enemies":"Donu and Deca","floor":52,"turns":8}],"seed_played":"8378785434786974772","potions_obtained":[{"floor":10.0,"key":"AttackPotion"},{"floor":10.0,"key":"Doom Potion"},{"floor":14.0,"key":"EntropicBrew"},{"floor":15.0,"key":"Toxic Potion"},{"floor":20.0,"key":"FearPotion"},{"floor":33.0,"key":"SteroidPotion"},{"floor":35.0,"key":"Regen Potion"},{"floor":37.0,"key":"Swift Potion"},{"floor":46,"key":"Milkshake"}],"is_trial":false,"path_per_floor":["M","M","?","M","$","PTL","PTL","R","M","?","T","R","M","M","M","M","R","B",null,"M","?","?","M","?","E","$","E","T","R","?","?","T","M","R","B",null,"M","?","$","M","M","E","R","?","T","E","M","M","?","$","R","B",null],"character_chosen":"THE_SILENT","items_purchased":["REME_GreenPollution","Membership Card","REME_AllRoundStrike"],"campfire_rested":0,"item_purchase_floors":[26,39,39],"current_hp_per_floor":[59,53,53,53,53,53,53,53,46,46,46,46,46,46,46,46,46,25,56,56,56,56,49,49,35,35,14,14,14,14,14,14,14,29,1,55,55,45,45,45,37,23,44,44,44,30,30,30,30,30,51,23],"gold":84,"neow_bonus":"BOSS_RELIC","is_daily":false,"chose_seed":false,"campfire_upgraded":7,"win_rate":0.0,"timestamp":1608299473,"path_taken":["M","M","?","?","$","PTL","PTL","R","M","?","T","R","?","M","M","M","R","BOSS","M","?","?","?","?","E","$","E","T","R","?","?","?","M","R","BOSS","M","?","$","M","M","E","R","?","T","E","M","M","?","$","R","BOSS"],"items_purchased_type":["Card","Relic","Card"],"build_version":"2020-12-13","purchased_purges":3,"victory":true,"max_hp_per_floor":[66,66,66,66,66,66,66,66,66,66,66,66,66,66,66,66,66,66,66,66,66,66,66,66,66,66,73,73,73,73,73,73,73,73,73,73,73,73,73,73,73,73,73,73,73,73,73,73,73,73,73,73],"card_choices":[{"not_picked":["Deadly Poison","Dagger Throw"],"picked":"Blade Dance","floor":1.0},{"not_picked":["Flechettes","Acrobatics"],"picked":"PiercingWail","floor":2.0},{"not_picked":["Acrobatics","Outmaneuver"],"picked":"Cloak And Dagger","floor":4.0},{"not_picked":["Crippling Poison","Cloak And Dagger","Quick Slash"],"picked":"SKIP","floor":9.0},{"not_picked":["Endless Agony","Sucker Punch"],"picked":"ReplayTheSpireMod:Tripwire","floor":13.0},{"not_picked":["ReplayTheSpireMod:Shiv Toss","Outmaneuver"],"picked":"Finisher","floor":14.0},{"not_picked":["Dagger Spray","Expertise"],"picked":"Skewer","floor":15.0},{"not_picked":["Underhanded Strike","Flying Knee"],"picked":"Predator","floor":16.0},{"not_picked":["Grand Finale","REME_SpectralBlade"],"picked":"Storm of Steel","floor":18.0},{"not_picked":["Dagger Throw","Poisoned Stab","Prepared"],"picked":"Accuracy","floor":20.0},{"not_picked":["Dagger Spray","Dash","Flechettes"],"picked":"Glass Knife","floor":23.0},{"not_picked":["Bouncing Flask","Dodge and Roll","Deadly Poison"],"picked":"ReplayTheSpireMod:Speed Training","floor":25.0},{"not_picked":["Hidden Blade","Deadly Poison","ReplayTheSpireMod:Necrosis"],"picked":"Sneak Up","floor":27.0},{"not_picked":["Deadly Poison","Flying Knee","Cloak And Dagger"],"picked":"Dagger Spray+1","floor":33.0},{"not_picked":["Die Die Die","Glass Knife","Doppelganger"],"picked":"Venomology","floor":35.0},{"not_picked":["Flying Knee","Quick Slash","ReplayTheSpireMod:Exploit Weakness"],"picked":"Sneak Up","floor":37.0},{"not_picked":["PanicButton","REME_FirmDetermination","Impatience"],"picked":"Flash of Steel","floor":38.0},{"not_picked":["Replay:Sssssssssshield","Forethought","Dramatic Entrance"],"picked":"REME_MagicPocketWatch","floor":38.0},{"not_picked":["The Bomb","Replay:Sssssssssstrike","Survey Options"],"picked":"ReplayTheSpireMod:Private Reserves","floor":38.0},{"not_picked":["Bane","Deflect","Sucker Punch"],"picked":"Blade Dance","floor":40},{"not_picked":["Blade Dance","Infinite Blades","Skewer"],"picked":"Cloak And Dagger+1","floor":41},{"not_picked":["Cloak And Dagger","ReplayTheSpireMod:Shiv Toss","Sneak Up+1"],"picked":"ReplayTheSpireMod:Scrap Shanks","floor":42},{"not_picked":["Dagger Throw+1","Blur+1","Backflip"],"picked":"Reflex","floor":46},{"not_picked":["Deadly Poison","Underhanded Strike","REME_ShadowStrike"],"picked":"Die Die Die","floor":47},{"not_picked":["Toxin Wave+1","Well Laid Plans","Slice"],"picked":"PiercingWail","floor":48}],"player_experience":553839,"relics_obtained":[{"floor":11.0,"key":"Gremlin Horn"},{"floor":25.0,"key":"Divine Protection"},{"floor":27.0,"key":"Strawberry"},{"floor":28.0,"key":"ReplayTheSpireMod:Lightbulb"},{"floor":32.0,"key":"Eternal Feather"},{"floor":42,"key":"Ice Cream"},{"floor":44,"key":"Ring of Panic"},{"floor":44,"key":"Ring of Chaos"},{"floor":45,"key":"ReplayTheSpireMod:TigerMarble"},{"floor":46,"key":"Mercury Hourglass"}],"event_choices":[{"cards_removed":["Strike_G"],"damage_healed":0.0,"max_hp_gain":0.0,"max_hp_loss":0.0,"gold_gain":0.0,"event_name":"Purifier","player_choice":"Purged","floor":3.0,"gold_loss":0.0,"damage_taken":0.0},{"damage_healed":0.0,"max_hp_gain":0.0,"max_hp_loss":0.0,"gold_gain":0.0,"event_name":"Lab","player_choice":"Got Potions","floor":10.0,"gold_loss":0.0,"damage_taken":0.0},{"damage_healed":0.0,"max_hp_gain":0.0,"max_hp_loss":0.0,"gold_gain":0.0,"event_name":"The Library","player_choice":"Read","floor":21.0,"gold_loss":0.0,"damage_taken":0.0,"cards_obtained":["REME_GreenPollution"]},{"damage_healed":0.0,"max_hp_gain":0.0,"max_hp_loss":0.0,"gold_gain":0.0,"event_name":"The Mausoleum","player_choice":"Opened","floor":22.0,"gold_loss":0.0,"damage_taken":0.0,"relics_obtained":["REME_HandOfSuture"],"cards_obtained":["Writhe"]},{"damage_healed":0.0,"max_hp_gain":0.0,"max_hp_loss":0.0,"gold_gain":0.0,"event_name":"Vampires","player_choice":"Ignored","floor":30.0,"gold_loss":0.0,"damage_taken":0.0},{"damage_healed":0.0,"max_hp_gain":0.0,"max_hp_loss":0.0,"gold_gain":0.0,"event_name":"Back to Basics","player_choice":"Simplicity","floor":31.0,"gold_loss":0.0,"damage_taken":0.0,"cards_upgraded":["Strike_G","Strike_G","Defend_G","Defend_G","Defend_G","Defend_G","Defend_G"]},{"damage_healed":0.0,"max_hp_gain":0.0,"max_hp_loss":0.0,"gold_gain":0.0,"event_name":"SensoryStone","player_choice":"Memory 3","floor":38.0,"gold_loss":0.0,"damage_taken":10.0},{"cards_removed":["Writhe"],"damage_healed":0,"gold_gain":0,"player_choice":"Removed Curses","damage_taken":0,"max_hp_gain":0,"max_hp_loss":0,"event_name":"Fountain of Cleansing","floor":49,"gold_loss":0}],"is_beta":false,"boss_relics":[{"not_picked":["Replay:Drink Me","Snecko Scales"],"picked":"Honey Jar"},{"not_picked":["REME_DuelDisc","Snecko Eye"],"picked":"HoveringKite"}],"items_purged_floors":[5,26,50],"is_endless":false,"potions_floor_spawned":[14,15,20,33,35,37,40,46,47],"ascension_level":19}}