{"host":"2se5dq1do2gp0x9k","time":1610948921,"event":{"mods":["AchievementEnabler","BaseMod","Block Reminder","Colored Map","Colored Powertips","Minty Spire (QoL Compilation)","Relic Stats","StSLib","SuperFastMode"],"gold_per_floor":[16,16,28,47,47,47,73,73,73,73,83,108,108,108,108,184,184,199,212,262,262,287,287,287,287],"floor_reached":24,"language":"ENG","playtime":572,"items_purged":[],"score":404,"play_id":"a31000bc-249f-412a-9ebb-818d6e6bf990","local_time":"20210117214841","is_ascension_mode":true,"campfire_choices":[{"data":"Zap","floor":6.0,"key":"SMITH"},{"data":"Streamline","floor":8.0,"key":"SMITH"},{"data":"Echo Form","floor":10.0,"key":"SMITH"},{"floor":13.0,"key":"REST"},{"data":"Skim","floor":15.0,"key":"SMITH"},{"data":"Self Repair","floor":23,"key":"SMITH"}],"circlet_count":0,"master_deck":["AscendersBane","Strike_B","Strike_B","Strike_B","Strike_B","Defend_B","Defend_B","Defend_B","Defend_B","Zap+1","Dualcast","Echo Form+1","Gash","Gash","Beam Cell+1","Streamline+1","Leap","Skim+1","Seek","Self Repair+1"],"relics":["Cracked Core","Sundial","Tiny Chest","Dead Branch","Blood Vial","Coffee Dripper","Ancient Tea Set","Juzu Bracelet"],"acts_visited":["Exordium","TheCity"],"potions_floor_usage":[16,18,24],"damage_taken":[{"damage":1.0,"enemies":"Cultist","floor":1.0,"turns":3.0},{"damage":3.0,"enemies":"Small Slimes","floor":3.0,"turns":4.0},{"damage":7.0,"enemies":"Jaw Worm","floor":4.0,"turns":2.0},{"damage":8.0,"enemies":"Gremlin Nob","floor":7.0,"turns":3.0},{"damage":23.0,"enemies":"3 Louse","floor":11.0,"turns":3.0},{"damage":20.0,"enemies":"3 Sentries","floor":12.0,"turns":4.0},{"damage":24,"enemies":"Hexaghost","floor":16,"turns":8},{"damage":32,"enemies":"3 Byrds","floor":18,"turns":3},{"damage":14,"enemies":"Shell Parasite","floor":19,"turns":5},{"damage":30,"enemies":"3 Cultists","floor":24,"turns":4}],"seed_played":"4845197020275283114","potions_obtained":[{"floor":1.0,"key":"AttackPotion"},{"floor":3.0,"key":"BlessingOfTheForge"},{"floor":12.0,"key":"SteroidPotion"},{"floor":16,"key":"SneckoOil"},{"floor":19,"key":"Energy Potion"}],"is_trial":false,"path_per_floor":["M","$","M","M","?","R","E","R","T","R","M","E","R","T","R","B",null,"M","M","?","T","T","R","M"],"character_chosen":"DEFECT","items_purchased":[],"campfire_rested":1,"item_purchase_floors":[],"current_hp_per_floor":[63,63,60,53,53,53,45,45,45,45,22,2,23,23,23,1,54,24,19,19,19,19,19,0,0],"gold":287,"neow_bonus":"THREE_RARE_CARDS","is_daily":false,"chose_seed":false,"campfire_upgraded":5,"win_rate":0.0,"timestamp":1610948921,"path_taken":["M","$","M","?","?","R","E","R","T","R","M","E","R","?","R","BOSS","M","M","?","?","?","R","M"],"items_purchased_type":[],"build_version":"2020-12-22","purchased_purges":0,"victory":false,"max_hp_per_floor":[71,71,71,71,71,71,71,71,71,71,71,71,71,71,71,71,71,71,71,71,71,71,71,71,71],"relic_stats":{"Blood Vial":8,"counters":[10,39],"Sundial":[4],"Dead Branch":[9],"Tiny Chest":1,"Juzu Bracelet":0,"obtain_stats":[{"Blood Vial":14,"Sundial":7,"Dead Branch":12,"Tiny Chest":9,"Coffee Dripper":17,"Juzu Bracelet":22,"Cracked Core":0,"Ancient Tea Set":21},{"Blood Vial":6,"Sundial":4,"Dead Branch":6,"Tiny Chest":4,"Coffee Dripper":7,"Juzu Bracelet":9,"Cracked Core":0,"Ancient Tea Set":9},{"Blood Vial":19,"Sundial":12,"Dead Branch":19,"Tiny Chest":12,"Coffee Dripper":27,"Juzu Bracelet":35,"Cracked Core":0,"Ancient Tea Set":35}]},"card_choices":[{"not_picked":["Creative AI","Core Surge"],"picked":"Echo Form","floor":0.0},{"not_picked":["Double Energy","Leap"],"picked":"Gash","floor":1.0},{"not_picked":["Sweeping Beam","Stack"],"picked":"Gash","floor":3.0},{"not_picked":["Hologram","Go for the Eyes"],"picked":"Beam Cell","floor":4.0},{"not_picked":["Fission","Steam"],"picked":"Streamline","floor":7.0},{"not_picked":["Barrage","Beam Cell"],"picked":"Leap","floor":11.0},{"not_picked":["Ball Lightning","Lockon"],"picked":"Skim","floor":12.0},{"not_picked":["Machine Learning","Thunder Strike"],"picked":"Seek","floor":16},{"not_picked":["Consume","Tempest"],"picked":"Self Repair","floor":18},{"not_picked":["Fusion","Steam Power","Scrape"],"picked":"SKIP","floor":19}],"player_experience":3913719,"relics_obtained":[{"floor":7.0,"key":"Sundial"},{"floor":9.0,"key":"Tiny Chest"},{"floor":12.0,"key":"Dead Branch"},{"floor":14.0,"key":"Blood Vial"},{"floor":21,"key":"Ancient Tea Set"},{"floor":22,"key":"Juzu Bracelet"}],"event_choices":[{"damage_healed":0.0,"max_hp_gain":0.0,"max_hp_loss":0.0,"gold_gain":0.0,"event_name":"Living Wall","player_choice":"Grow","floor":5.0,"gold_loss":0.0,"damage_taken":0.0,"cards_upgraded":["Beam Cell"]},{"damage_healed":0,"gold_gain":50,"player_choice":"Stole From Cult","damage_taken":0,"max_hp_gain":0,"max_hp_loss":0,"event_name":"Nest","floor":20,"gold_loss":0}],"is_beta":false,"boss_relics":[{"not_picked":["Busted Crown","Fusion Hammer"],"picked":"Coffee Dripper"}],"items_purged_floors":[],"is_endless":false,"potions_floor_spawned":[1,3,12,16,19],"killed_by":"3 Cultists","ascension_level":20}}