{"host":"2cg6xoexl1he7zus","time":1610972976,"event":{"mods":["AchievementEnabler","BaseMod","Colored Map","KOR Keyword Fix","Minty Spire (QoL Compilation)","Quick Restart","StSLib","SuperFastMode","everything is the same but u backflip on backflip"],"gold_per_floor":[112,62,62,72,91,91,122,142,142,168,187,187,187,39,39,114,114,129,29,29,29,29,29,54,54,54,153,28,28,43,43,43,120,120,132,157,157,171,25,45,72,87,113,131,146,146,181,192,192,192,192,192,37,70,70],"floor_reached":56,"language":"KOR","playtime":2289,"items_purged":["Strike_R","Strike_R","Writhe"],"score":1954,"play_id":"01e5dbd9-58e4-494c-8143-59faef3e8f7b","local_time":"20210118212936","is_ascension_mode":true,"campfire_choices":[{"data":"Rampage","floor":6.0,"key":"SMITH"},{"data":"True Grit","floor":13.0,"key":"SMITH"},{"floor":15.0,"key":"REST"},{"data":"Limit Break","floor":23.0,"key":"SMITH"},{"data":"Offering","floor":25.0,"key":"SMITH"},{"data":"Battle Trance","floor":32.0,"key":"SMITH"},{"floor":46.0,"key":"REST"},{"floor":49.0,"key":"RECALL"},{"data":"Bash","floor":52.0,"key":"SMITH"}],"circlet_count":0,"master_deck":["AscendersBane","Strike_R+1","Defend_R","Defend_R","Bash+1","Power Through+1","Rampage+1","Anger","Carnage","Limit Break+1","True Grit+1","Battle Trance+1","Offering+1","Flex+1","Sword Boomerang+1","Inflame+1","Ghostly+1","Ghostly+1","Ghostly+1","Ghostly+1","Ghostly+1","Shrug It Off+1","Impervious+1","Limit Break+1","Flex+1","Limit Break+1"],"relics":["Burning Blood","NeowsBlessing","Ancient Tea Set","Pear","Incense Burner","Sozu","Ginger","InkBottle","Toxic Egg 2","Empty Cage","Champion Belt","Magic Flower","Singing Bowl","Anchor","Lantern"],"acts_visited":["Exordium","TheCity","TheBeyond","TheEnding"],"potions_floor_usage":[55],"damage_taken":[{"damage":0.0,"enemies":"2 Louse","floor":1.0,"turns":1.0},{"damage":0.0,"enemies":"Small Slimes","floor":4.0,"turns":1.0},{"damage":0.0,"enemies":"Jaw Worm","floor":5.0,"turns":1.0},{"damage":40.0,"enemies":"Gremlin Nob","floor":7.0,"turns":5.0},{"damage":3.0,"enemies":"Blue Slaver","floor":8.0,"turns":3.0},{"damage":40.0,"enemies":"Lagavulin","floor":10.0,"turns":6.0},{"damage":9.0,"enemies":"Red Slaver","floor":11.0,"turns":5.0},{"damage":35.0,"enemies":"The Guardian","floor":16.0,"turns":11.0},{"damage":1.0,"enemies":"3 Byrds","floor":18.0,"turns":5.0},{"damage":15.0,"enemies":"Book of Stabbing","floor":24.0,"turns":4.0},{"damage":7.0,"enemies":"2 Thieves","floor":30.0,"turns":3.0},{"damage":11.0,"enemies":"Collector","floor":33.0,"turns":9.0},{"damage":1.0,"enemies":"Orb Walker","floor":35.0,"turns":3.0},{"damage":2.0,"enemies":"Mind Bloom Boss Battle","floor":36.0,"turns":5.0},{"damage":1.0,"enemies":"3 Darklings","floor":38.0,"turns":3.0},{"damage":3.0,"enemies":"Maw","floor":40.0,"turns":6.0},{"damage":4.0,"enemies":"Nemesis","floor":41.0,"turns":7.0},{"damage":3.0,"enemies":"Spire Growth","floor":42.0,"turns":3.0},{"damage":4.0,"enemies":"Sphere and 2 Shapes","floor":44.0,"turns":5.0},{"damage":37.0,"enemies":"4 Shapes","floor":45.0,"turns":5.0},{"damage":7.0,"enemies":"Giant Head","floor":47.0,"turns":6.0},{"damage":3.0,"enemies":"Maw","floor":48.0,"turns":6.0},{"damage":9.0,"enemies":"Time Eater","floor":50.0,"turns":6.0},{"damage":1.0,"enemies":"Shield and Spear","floor":54.0,"turns":4.0},{"damage":23,"enemies":"The Heart","floor":55,"turns":7}],"seed_played":"8283635293378165527","potions_obtained":[{"floor":5.0,"key":"GamblersBrew"},{"floor":7.0,"key":"HeartOfIron"},{"floor":16.0,"key":"EntropicBrew"}],"is_trial":false,"path_per_floor":["M","?","?","M","M","R","E","M","T","E","M","?","R","$","R","B",null,"M","$","?","?","?","R","E","R","T","?","$","?","M","$","R","B",null,"M","?","?","M","$","M","E","M","T","M","M","R","E","M","R","B",null,"R","$","E","B",null],"character_chosen":"IRONCLAD","items_purchased":["Battle Trance","Limit Break+1","Anchor"],"campfire_rested":2,"item_purchase_floors":[14,39,53],"current_hp_per_floor":[74,74,59,65,71,71,37,40,50,16,13,13,13,13,38,9,66,71,71,71,71,71,71,62,62,62,62,62,42,41,41,41,36,41,42,42,42,42,42,42,42,42,42,42,14,26,28,36,36,36,42,42,42,46,32],"gold":70,"neow_bonus":"THREE_ENEMY_KILL","is_daily":false,"chose_seed":false,"campfire_upgraded":6,"win_rate":0.0,"timestamp":1610972976,"path_taken":["M","?","?","?","M","R","E","M","T","E","M","?","R","$","R","BOSS","M","$","?","?","?","R","E","R","T","?","$","?","M","?","R","BOSS","M","?","?","M","$","?","E","M","T","M","M","R","E","M","R","BOSS","R","$","E","BOSS"],"items_purchased_type":["Card","Card","Relic"],"build_version":"2020-12-22","purchased_purges":3,"victory":true,"max_hp_per_floor":[75,75,75,75,75,75,75,75,85,85,85,85,85,85,85,85,85,85,85,85,85,85,85,85,85,85,85,85,42,42,42,42,42,42,42,42,42,42,42,42,42,42,42,42,42,42,42,44,44,44,44,44,44,46,46],"card_choices":[{"not_picked":["Twin Strike","Flex"],"picked":"Power Through","floor":1.0},{"not_picked":["Heavy Blade","Twin Strike"],"picked":"Rampage","floor":4.0},{"not_picked":["Infernal Blade","Disarm"],"picked":"Anger","floor":5.0},{"not_picked":["Shrug It Off","Feed"],"picked":"Carnage","floor":7.0},{"not_picked":["Headbutt","Infernal Blade","Iron Wave"],"picked":"SKIP","floor":8.0},{"not_picked":["Infernal Blade","Perfected Strike"],"picked":"Limit Break","floor":10.0},{"not_picked":["Iron Wave","Anger","Havoc"],"picked":"SKIP","floor":11.0},{"not_picked":["Berserk","Demon Form"],"picked":"Offering","floor":16.0},{"not_picked":["Armaments","Carnage"],"picked":"Flex+1","floor":18.0},{"not_picked":["Wild Strike","Barricade"],"picked":"Inflame+1","floor":24.0},{"not_picked":["Clash","Sword Boomerang"],"picked":"Shrug It Off+1","floor":30.0},{"not_picked":["Brutality","Double Tap+1"],"picked":"Impervious+1","floor":33.0},{"not_picked":["Body Slam","Seeing Red+1","Blood for Blood"],"picked":"SKIP","floor":35.0},{"not_picked":["Flame Barrier+1","Rage+1","Rampage"],"picked":"SKIP","floor":38.0},{"not_picked":["Pommel Strike","Dual Wield+1"],"picked":"Flex+1","floor":40.0},{"not_picked":["Feed","Dual Wield+1","Twin Strike"],"picked":"SKIP","floor":41.0},{"not_picked":["Wild Strike","Metallicize","Headbutt"],"picked":"SKIP","floor":42.0},{"not_picked":["Infernal Blade+1","Thunderclap","Shockwave+1"],"picked":"SKIP","floor":44.0},{"not_picked":["Wild Strike","Shrug It Off+1","Sword Boomerang"],"picked":"SKIP","floor":45.0},{"not_picked":["Thunderclap","Sword Boomerang"],"picked":"Limit Break+1","floor":47.0},{"not_picked":["Armaments+1","Pommel Strike+1","Flex+1"],"picked":"Singing Bowl","floor":48.0},{"not_picked":["Cleave","Thunderclap","Spot Weakness+1"],"picked":"Singing Bowl","floor":54.0}],"player_experience":260460,"relics_obtained":[{"floor":7.0,"key":"Ancient Tea Set"},{"floor":9.0,"key":"Pear"},{"floor":10.0,"key":"Incense Burner"},{"floor":24.0,"key":"InkBottle"},{"floor":26.0,"key":"Toxic Egg 2"},{"floor":36.0,"key":"Champion Belt"},{"floor":41.0,"key":"Magic Flower"},{"floor":47.0,"key":"Singing Bowl"},{"floor":54.0,"key":"Lantern"}],"event_choices":[{"cards_removed":["Strike_R"],"damage_healed":0.0,"max_hp_gain":0.0,"max_hp_loss":0.0,"gold_gain":0.0,"event_name":"The Cleric","player_choice":"Card Removal","floor":2.0,"gold_loss":50.0,"damage_taken":0.0},{"damage_healed":0.0,"max_hp_gain":0.0,"max_hp_loss":0.0,"gold_gain":0.0,"event_name":"Shining Light","player_choice":"Entered Light","floor":3.0,"gold_loss":0.0,"damage_taken":15.0,"cards_upgraded":["Power Through","Strike_R"]},{"damage_healed":0.0,"max_hp_gain":0.0,"max_hp_loss":0.0,"gold_gain":0.0,"cards_transformed":["Strike_R"],"event_name":"Transmorgrifier","player_choice":"Transformed","floor":12.0,"gold_loss":0.0,"damage_taken":0.0,"cards_obtained":["True Grit"]},{"damage_healed":0.0,"max_hp_gain":0.0,"max_hp_loss":0.0,"gold_gain":0.0,"event_name":"The Library","player_choice":"Read","floor":21.0,"gold_loss":0.0,"damage_taken":0.0,"cards_obtained":["Sword Boomerang"]},{"damage_healed":0.0,"max_hp_gain":0.0,"max_hp_loss":0.0,"gold_gain":0.0,"event_name":"The Mausoleum","player_choice":"Opened","floor":22.0,"gold_loss":0.0,"damage_taken":0.0,"relics_obtained":["Ginger"],"cards_obtained":["Writhe"]},{"damage_healed":0.0,"max_hp_gain":0.0,"max_hp_loss":0.0,"gold_gain":99.0,"event_name":"Nest","player_choice":"Stole From Cult","floor":27.0,"gold_loss":0.0,"damage_taken":0.0},{"damage_healed":0.0,"max_hp_gain":0.0,"max_hp_loss":43.0,"gold_gain":0.0,"event_name":"Ghosts","player_choice":"Became a Ghost","floor":29.0,"gold_loss":0.0,"damage_taken":0.0,"cards_obtained":["Ghostly","Ghostly","Ghostly","Ghostly","Ghostly"]},{"damage_healed":0.0,"max_hp_gain":0.0,"max_hp_loss":0.0,"gold_gain":0.0,"event_name":"MindBloom","player_choice":"Fight","floor":36.0,"gold_loss":0.0,"damage_taken":0.0},{"damage_healed":0.0,"max_hp_gain":0.0,"max_hp_loss":0.0,"gold_gain":0.0,"event_name":"Upgrade Shrine","player_choice":"Upgraded","floor":37.0,"gold_loss":0.0,"damage_taken":0.0,"cards_upgraded":["Sword Boomerang"]}],"is_beta":false,"boss_relics":[{"not_picked":["Fusion Hammer","Busted Crown"],"picked":"Sozu"},{"not_picked":["Velvet Choker","Snecko Eye"],"picked":"Empty Cage"}],"items_purged_floors":[14,19,28],"is_endless":false,"potions_floor_spawned":[5,7,11,16,18,24,33,36,40,44,45,47],"ascension_level":14}}