{"host":"bq4pt811tk9yrmjl","time":1610974241,"event":{"mods":["AchievementEnabler","BaseMod","Colored Map","Colored Powertips","Defuse TimeMaze Blight","Hermit","Minty Spire (QoL Compilation)","StSLib","SuperFastMode"],"gold_per_floor":[118,118,118,293,293,334,334,374,374,387,48,48,48,69,69,204,204,204,204],"floor_reached":18,"language":"ENG","playtime":221,"items_purged":[],"score":227,"play_id":"62b821f2-d996-4c65-aa59-46bf7238604c","local_time":"20210118105041","is_ascension_mode":true,"campfire_choices":[{"data":"hermit:Snapshot","floor":7,"key":"SMITH"},{"data":"hermit:Brawl","floor":12,"key":"SMITH"},{"data":"hermit:Deadeye","floor":15,"key":"SMITH"}],"circlet_count":0,"master_deck":["hermit:Strike_Hermit","hermit:Strike_Hermit","hermit:Strike_Hermit","hermit:Strike_Hermit","hermit:Defend_Hermit","hermit:Defend_Hermit","hermit:Defend_Hermit","hermit:Defend_Hermit","hermit:Snapshot+1","hermit:Covet","Injury","Regret","Doubt","hermit:Scavenge+1","hermit:Brawl+1","hermit:Deadeye+1"],"relics":["hermit:Momento","NeowsBlessing","Golden Idol","Ancient Tea Set","Blood Vial","Bag of Marbles","Juzu Bracelet","Art of War","SlaversCollar"],"acts_visited":["Exordium","TheCity"],"potions_floor_usage":[16,16],"damage_taken":[{"damage":0,"enemies":"2 Louse","floor":1,"turns":1},{"damage":0,"enemies":"Gremlin Nob","floor":6,"turns":1},{"damage":0,"enemies":"3 Sentries","floor":8,"turns":2},{"damage":6,"enemies":"Jaw Worm","floor":10,"turns":3},{"damage":0,"enemies":"Small Slimes","floor":14,"turns":3},{"damage":17,"enemies":"Slime Boss","floor":16,"turns":10},{"damage":0,"enemies":"Spheric Guardian","floor":18,"turns":1}],"seed_played":"-3676824910397522126","potions_obtained":[{"floor":1,"key":"Block Potion"},{"floor":6,"key":"SteroidPotion"},{"floor":10,"key":"SkillPotion"},{"floor":16,"key":"Dexterity Potion"}],"is_trial":false,"path_per_floor":["M","?","?","?","?","E","R","E","T","M","$","R","?","M","R","B",null,"M"],"character_chosen":"HERMIT","items_purchased":["Juzu Bracelet","hermit:Brawl","Art of War"],"campfire_rested":0,"item_purchase_floors":[11,11,11],"current_hp_per_floor":[75,75,75,75,75,75,75,75,75,69,69,69,69,71,71,56,75,75,75],"gold":204,"neow_bonus":"THREE_ENEMY_KILL","is_daily":false,"chose_seed":false,"campfire_upgraded":3,"win_rate":0.0,"timestamp":1610974241,"path_taken":["M","?","?","?","?","E","R","E","T","?","$","R","?","M","R","BOSS","M"],"items_purchased_type":["Relic","Card","Relic"],"build_version":"2020-12-22","purchased_purges":0,"victory":false,"max_hp_per_floor":[75,75,75,75,75,75,75,75,75,75,75,75,75,75,75,75,75,75,75],"card_choices":[{"not_picked":["hermit:SprayPray","hermit:Malice","hermit:Manifest"],"picked":"SKIP","floor":1},{"not_picked":["hermit:Manifest","hermit:CalledShot","hermit:Desperado"],"picked":"SKIP","floor":6},{"not_picked":["hermit:Horror","hermit:Roulette","hermit:CursedWeapon"],"picked":"SKIP","floor":8},{"not_picked":["hermit:TakeAim","hermit:ShadowCloak"],"picked":"hermit:Scavenge","floor":10},{"not_picked":["hermit:Roulette","hermit:Enervate"],"picked":"hermit:Deadeye","floor":14}],"player_experience":179724,"relics_obtained":[{"floor":6,"key":"Blood Vial"},{"floor":8,"key":"Bag of Marbles"}],"event_choices":[{"damage_healed":0,"gold_gain":0,"player_choice":"Take Wound","damage_taken":0,"relics_obtained":["Golden Idol"],"max_hp_gain":0,"max_hp_loss":0,"event_name":"Golden Idol","floor":2,"gold_loss":0,"cards_obtained":["Injury"]},{"damage_healed":0,"gold_gain":0,"player_choice":"Box","damage_taken":0,"relics_obtained":["Ancient Tea Set"],"max_hp_gain":0,"max_hp_loss":0,"event_name":"Big Fish","floor":3,"gold_loss":0,"cards_obtained":["Regret"]},{"damage_healed":0,"gold_gain":175,"player_choice":"AGREE","damage_taken":0,"max_hp_gain":0,"max_hp_loss":0,"event_name":"Liars Game","floor":4,"gold_loss":0,"cards_obtained":["Doubt"]},{"damage_healed":0,"gold_gain":0,"player_choice":"0 cards matched","damage_taken":0,"max_hp_gain":0,"max_hp_loss":0,"event_name":"Match and Keep!","floor":5,"gold_loss":0,"cards_obtained":[]},{"damage_healed":0,"gold_gain":0,"player_choice":"Grow","damage_taken":0,"max_hp_gain":0,"max_hp_loss":0,"event_name":"Living Wall","floor":13,"gold_loss":0,"cards_upgraded":["hermit:Scavenge"]}],"is_beta":false,"boss_relics":[{"not_picked":["SacredBark","hermit:DentedPlate"],"picked":"SlaversCollar"}],"items_purged_floors":[],"is_endless":false,"potions_floor_spawned":[1,6,10,16],"killed_by":"Spheric Guardian","ascension_level":1}}