{"host":"7vyuhf36gh5rmcz2","time":1610997024,"event":{"mods":["AchievementEnabler","BaseMod","Highlight Path","Minty Spire (QoL Compilation)","StSLib"],"gold_per_floor":[111,61,77,77,87,121,121,7,7,42,42,58,70,84,84,189,189,209,389,403,423,423,423],"floor_reached":22,"language":"ENG","playtime":1956,"items_purged":[],"score":245,"play_id":"eaaec03b-08ac-4018-ba6e-f73543a57fc4","local_time":"20210118191024","is_ascension_mode":true,"campfire_choices":[{"data":"Eruption","floor":7,"key":"SMITH"},{"data":"Regret","floor":11,"key":"PURGE"},{"data":"Blasphemy","floor":15,"key":"SMITH"}],"circlet_count":0,"master_deck":["Strike_P","Strike_P","Strike_P","Defend_P","Defend_P","Defend_P","Defend_P","Eruption+1","Vigilance","Wallop","Consecrate","Protect","FlyingSleeves+1","SignatureMove+1","Worship","Blasphemy+1","ClearTheMind","JustLucky+1","EmptyFist+1","Alpha","Perseverance","Impatience","Pray+1"],"relics":["SlaversCollar","Molten Egg 2","Mango","Peace Pipe","Runic Dome"],"acts_visited":["Exordium","TheCity"],"potions_floor_usage":[10,13],"damage_taken":[{"damage":1,"enemies":"Small Slimes","floor":1,"turns":3},{"damage":0,"enemies":"Cultist","floor":3,"turns":3},{"damage":3,"enemies":"Jaw Worm","floor":5,"turns":2},{"damage":8,"enemies":"3 Sentries","floor":6,"turns":10},{"damage":14,"enemies":"Gremlin Nob","floor":10,"turns":3},{"damage":17,"enemies":"Blue Slaver","floor":12,"turns":3},{"damage":14,"enemies":"Large Slime","floor":13,"turns":5},{"damage":0,"enemies":"Exordium Wildlife","floor":14,"turns":1},{"damage":12,"enemies":"Hexaghost","floor":16,"turns":6},{"damage":19,"enemies":"Spheric Guardian","floor":18,"turns":4},{"damage":0,"enemies":"Chosen","floor":20,"turns":3},{"damage":27,"enemies":"Sentry and Sphere","floor":21,"turns":5},{"damage":17,"enemies":"Snake Plant","floor":22,"turns":2}],"seed_played":"-6064225249934341876","potions_obtained":[{"floor":3,"key":"Swift Potion"},{"floor":10,"key":"Regen Potion"}],"is_trial":false,"path_per_floor":["M","?","M","?","M","E","R","$","T","E","R","M","M","M","R","B",null,"M","?","M","M","M"],"character_chosen":"WATCHER","items_purchased":["SignatureMove+1","Worship"],"campfire_rested":0,"item_purchase_floors":[8,8],"current_hp_per_floor":[71,71,71,71,68,74,74,74,74,60,60,43,43,43,43,31,86,67,42,42,15,0,0],"gold":423,"neow_bonus":"BOSS_RELIC","is_daily":false,"chose_seed":false,"campfire_upgraded":2,"win_rate":0.0,"timestamp":1610997024,"path_taken":["M","?","M","?","M","E","R","$","T","E","R","M","M","M","R","BOSS","M","?","M","?","M"],"items_purchased_type":["Card","Card"],"build_version":"2020-12-22","purchased_purges":0,"victory":false,"max_hp_per_floor":[72,72,72,72,72,86,86,86,86,86,86,86,86,86,86,86,86,86,86,86,86,86,86],"card_choices":[{"not_picked":["SashWhip","Worship"],"picked":"Wallop","floor":1},{"not_picked":["CutThroughFate","JustLucky"],"picked":"Consecrate","floor":3},{"not_picked":["Vengeance","ClearTheMind"],"picked":"Protect","floor":5},{"not_picked":["Protect","EmptyBody"],"picked":"FlyingSleeves+1","floor":6},{"not_picked":["Vault","CutThroughFate+1"],"picked":"Blasphemy","floor":10},{"not_picked":["FlurryOfBlows+1","Wallop+1"],"picked":"ClearTheMind","floor":12},{"not_picked":["Crescendo","FlyingSleeves+1"],"picked":"JustLucky+1","floor":13},{"not_picked":["ClearTheMind","SashWhip+1"],"picked":"EmptyFist+1","floor":14},{"not_picked":["Blasphemy","Establishment"],"picked":"Alpha","floor":16},{"not_picked":["Fasting2","FollowUp+1"],"picked":"Perseverance","floor":18},{"not_picked":["JustLucky+1","Evaluate"],"picked":"Pray+1","floor":20},{"not_picked":["Evaluate","FollowUp+1","PathToVictory"],"picked":"SKIP","floor":21}],"player_experience":535860,"relics_obtained":[{"floor":6,"key":"Mango"},{"floor":10,"key":"Peace Pipe"}],"event_choices":[{"cards_removed":["Strike_P"],"damage_healed":0,"gold_gain":0,"player_choice":"Card Removal","damage_taken":0,"max_hp_gain":0,"max_hp_loss":0,"event_name":"The Cleric","floor":2,"gold_loss":50},{"damage_healed":0,"gold_gain":0,"player_choice":"Box","damage_taken":0,"relics_obtained":["Molten Egg 2"],"max_hp_gain":0,"max_hp_loss":0,"event_name":"Big Fish","floor":4,"gold_loss":0,"cards_obtained":["Regret"]},{"damage_healed":0,"gold_gain":180,"player_choice":"CARD GOLD GOLD ","damage_taken":25,"max_hp_gain":0,"max_hp_loss":0,"event_name":"Knowing Skull","floor":19,"potions_obtained":[],"gold_loss":0,"cards_obtained":["Impatience"]}],"is_beta":false,"boss_relics":[{"not_picked":["Pandora\u0027s Box","Snecko Eye"],"picked":"Runic Dome"}],"items_purged_floors":[],"is_endless":false,"potions_floor_spawned":[3,10],"killed_by":"Snake Plant","ascension_level":2}}