{"host":"ccw6t0i2dpm5wyxf","time":1610989529,"event":{"mods":["AchievementEnabler","BaseMod","Colored Map","Minty Spire (QoL Compilation)","Permanent Neow","SuperFastMode"],"gold_per_floor":[110,285,285,303,317,348,348,364,387,387,387,33,33,33,33,129,129,145,158,118,195,15,41,46,46,46,46,20,52,0,50,50,146,146,158,208,258,258],"floor_reached":37,"language":"ENG","playtime":1904,"items_purged":["Strike_P","Strike_P"],"score":471,"play_id":"1db095ff-dd83-43ed-9197-f92e91ce07ff","local_time":"20210118110529","is_ascension_mode":true,"campfire_choices":[{"floor":7,"key":"REST"},{"floor":10,"key":"REST"},{"floor":15,"key":"REST"},{"floor":25,"key":"REST"},{"floor":27,"key":"REST"},{"floor":32,"key":"REST"}],"circlet_count":0,"master_deck":["Strike_P+1","Defend_P","Defend_P","Defend_P","Defend_P+1","Eruption+1","Vigilance","EmptyBody","Doubt","Wireheading+1","EmptyMind","FlurryOfBlows+1","InnerPeace","Vault","BattleHymn+1","Adaptation","Crescendo","MentalFortress","LessonLearned","TalkToTheHand+1","FlurryOfBlows","Weave","EmptyBody","Alpha","ThirdEye","Evaluate+1","Omniscience","Metamorphosis","Enlightenment","Magnetism"],"relics":["PureWater","NeowsBlessing","Juzu Bracelet","Pen Nib","Orrery","SsserpentHead","Philosopher\u0027s Stone","Anchor","Happy Flower","Matryoshka","HornCleat","MutagenicStrength","Runic Pyramid"],"acts_visited":["Exordium","TheCity","TheBeyond"],"potions_floor_usage":[8,16,16,29,29,33,35],"damage_taken":[{"damage":0,"enemies":"2 Louse","floor":1,"turns":2},{"damage":0,"enemies":"Jaw Worm","floor":4,"turns":1},{"damage":0,"enemies":"Cultist","floor":5,"turns":1},{"damage":55,"enemies":"Gremlin Nob","floor":6,"turns":6},{"damage":8,"enemies":"Exordium Thugs","floor":8,"turns":4},{"damage":0,"enemies":"Slime Boss","floor":16,"turns":6},{"damage":16,"enemies":"Shell Parasite","floor":18,"turns":5},{"damage":18,"enemies":"3 Byrds","floor":19,"turns":4},{"damage":26,"enemies":"Gremlin Leader","floor":23,"turns":7},{"damage":20,"enemies":"Slavers","floor":29,"turns":5},{"damage":8,"enemies":"Champ","floor":33,"turns":9},{"damage":0,"enemies":"3 Darklings","floor":35,"turns":7},{"damage":62,"enemies":"2 Orb Walkers","floor":37,"turns":3}],"seed_played":"-4805027731174656813","potions_obtained":[{"floor":1,"key":"LiquidMemories"},{"floor":4,"key":"Ancient Potion"},{"floor":6,"key":"FearPotion"},{"floor":11,"key":"AttackPotion"},{"floor":11,"key":"Fire Potion"},{"floor":19,"key":"LiquidBronze"},{"floor":29,"key":"SpeedPotion"},{"floor":33,"key":"LiquidMemories"}],"is_trial":false,"path_per_floor":["M","?","?","M","M","E","R","M","T","R","?","$","?","?","R","B",null,"M","M","?","T","$","E","$","R","T","R","$","E","?","?","R","B",null,"M","?","?"],"character_chosen":"WATCHER","items_purchased":["Orrery","Crescendo","MentalFortress","Weave","EmptyBody","ThirdEye","Evaluate"],"campfire_rested":6,"item_purchase_floors":[12,12,12,22,22,24,28],"current_hp_per_floor":[72,72,72,72,72,17,38,30,30,51,51,51,37,37,58,58,72,56,38,38,38,38,12,12,33,33,54,54,34,34,34,55,47,72,72,62,0,0],"gold":258,"neow_bonus":"THREE_ENEMY_KILL","is_daily":false,"chose_seed":false,"campfire_upgraded":0,"win_rate":0.0,"timestamp":1610989529,"path_taken":["M","?","?","M","M","E","R","M","T","R","?","?","?","?","R","BOSS","M","M","?","?","$","E","?","R","T","R","$","E","?","?","R","BOSS","M","?","?"],"items_purchased_type":["Relic","Card","Card","Card","Card","Card","Card"],"build_version":"2020-12-22","purchased_purges":2,"victory":false,"max_hp_per_floor":[72,72,72,72,72,72,72,72,72,72,72,72,72,72,72,72,72,72,72,72,72,72,72,72,72,72,72,72,72,72,72,72,72,72,72,72,72,72],"card_choices":[{"not_picked":["ForeignInfluence","Evaluate"],"picked":"EmptyBody","floor":1},{"not_picked":["Collect","ForeignInfluence"],"picked":"Wireheading","floor":4},{"not_picked":["Study","ForeignInfluence"],"picked":"EmptyMind","floor":5},{"not_picked":["JustLucky","Tantrum"],"picked":"FlurryOfBlows","floor":6},{"not_picked":["JustLucky","Prostrate"],"picked":"InnerPeace","floor":8},{"not_picked":["Prostrate","CarveReality"],"picked":"Vault","floor":12},{"not_picked":["ThirdEye","Wallop"],"picked":"BattleHymn","floor":12},{"not_picked":["SignatureMove","CutThroughFate"],"picked":"Adaptation","floor":12},{"not_picked":["Brilliance","Vault"],"picked":"LessonLearned","floor":16},{"not_picked":["FlyingSleeves","CutThroughFate"],"picked":"TalkToTheHand+1","floor":18},{"not_picked":["Consecrate","Halt"],"picked":"FlurryOfBlows","floor":19},{"not_picked":["CutThroughFate+1","ThirdEye+1"],"picked":"Alpha","floor":23},{"not_picked":["Adaptation","WaveOfTheHand","Indignation"],"picked":"SKIP","floor":29},{"not_picked":["Establishment","Brilliance"],"picked":"Omniscience","floor":33},{"not_picked":["FlyingSleeves+1","InnerPeace+1","FearNoEvil"],"picked":"SKIP","floor":35},{"not_picked":["PanicButton","Panache"],"picked":"Metamorphosis","floor":36},{"not_picked":["Finesse","Purity"],"picked":"Enlightenment","floor":36},{"not_picked":["Impatience","Mayhem"],"picked":"Magnetism","floor":36}],"player_experience":294780,"relics_obtained":[{"floor":6,"key":"Juzu Bracelet"},{"floor":9,"key":"Pen Nib"},{"floor":21,"key":"Anchor"},{"floor":23,"key":"Happy Flower"},{"floor":26,"key":"Matryoshka"},{"floor":29,"key":"HornCleat"}],"event_choices":[{"damage_healed":0,"gold_gain":175,"player_choice":"AGREE","damage_taken":0,"max_hp_gain":0,"max_hp_loss":0,"event_name":"Liars Game","floor":2,"gold_loss":0,"cards_obtained":["Doubt"]},{"damage_healed":0,"gold_gain":0,"player_choice":"Forge","damage_taken":0,"max_hp_gain":0,"max_hp_loss":0,"event_name":"Accursed Blacksmith","floor":3,"gold_loss":0,"cards_upgraded":["Eruption"]},{"damage_healed":0,"gold_gain":0,"player_choice":"Got Potions","damage_taken":0,"max_hp_gain":0,"max_hp_loss":0,"event_name":"Lab","floor":11,"gold_loss":0},{"damage_healed":0,"gold_gain":0,"player_choice":"Entered Light","damage_taken":14,"max_hp_gain":0,"max_hp_loss":0,"event_name":"Shining Light","floor":13,"gold_loss":0,"cards_upgraded":["BattleHymn","Strike_P"]},{"damage_healed":0,"gold_gain":0,"player_choice":"Trade","damage_taken":0,"relics_obtained":["SsserpentHead"],"max_hp_gain":0,"max_hp_loss":0,"event_name":"FaceTrader","floor":14,"gold_loss":0},{"cards_removed":["Strike_P"],"damage_healed":0,"gold_gain":0,"player_choice":"Upgrade and Remove","damage_taken":0,"max_hp_gain":0,"max_hp_loss":0,"event_name":"Designer","floor":20,"gold_loss":90,"cards_upgraded":["Defend_P"]},{"damage_healed":0,"gold_gain":0,"player_choice":"Paid Fearfully","damage_taken":0,"max_hp_gain":0,"max_hp_loss":0,"event_name":"Masked Bandits","floor":30,"gold_loss":102},{"damage_healed":0,"gold_gain":0,"player_choice":"Inject Mutagens","damage_taken":0,"relics_obtained":["MutagenicStrength"],"max_hp_gain":0,"max_hp_loss":0,"event_name":"Drug Dealer","floor":31,"gold_loss":0},{"damage_healed":0,"gold_gain":0,"player_choice":"Memory 3","damage_taken":10,"max_hp_gain":0,"max_hp_loss":0,"event_name":"SensoryStone","floor":36,"gold_loss":0},{"damage_healed":0,"gold_gain":0,"player_choice":"Fight","damage_taken":0,"max_hp_gain":0,"max_hp_loss":0,"event_name":"Mysterious Sphere","floor":37,"gold_loss":0}],"is_beta":false,"boss_relics":[{"not_picked":["Velvet Choker","SlaversCollar"],"picked":"Philosopher\u0027s Stone"},{"not_picked":["Black Star","VioletLotus"],"picked":"Runic Pyramid"}],"items_purged_floors":[12,22],"is_endless":false,"potions_floor_spawned":[1,4,6,19,29,33],"killed_by":"2 Orb Walkers","ascension_level":1}}