{"host":"9kesdg97wkrx2bva","time":1610956038,"event":{"mods":["AchievementEnabler","BaseMod","Colored Map","GifTheSpireLib","Infinite Spire","Minty Spire (QoL Compilation)","Replay The Spire","StSLib"],"gold_per_floor":[109,121,21,96,96,96,108,108,161,5,5,35,35,73,73,146,146,176,188,212,124,174,174,174],"floor_reached":23,"language":"ENG","playtime":557,"items_purged":["Strike_B","Strike_B","Strike_B"],"score":342,"play_id":"66aedc8b-a21d-43a9-88ae-c05e61b7aec1","local_time":"20210118014718","is_ascension_mode":true,"campfire_choices":[{"data":"Zap","floor":6,"key":"SMITH"},{"data":"Reprogram","floor":8,"key":"SMITH"},{"data":"Gash","floor":13,"key":"SMITH"},{"floor":15,"key":"REST"}],"circlet_count":0,"master_deck":["AscendersBane","Defend_B+1","Defend_B+1","Defend_B+1","Defend_B+1","Zap+1","Dualcast","Gash+1","Sweeping Beam","Rebound","Reprogram+1","Panacea+1","FTL","Beam Cell","Core Surge","CurseOfTheBell","Self Repair"],"relics":["Cracked Core","Blue Doll","infinitespire:PuzzleCube","Calling Bell","MawBank","Molten Egg 2","Shovel","Replay:Bottled Eggs"],"acts_visited":["Exordium","TheCity"],"potions_floor_usage":[12,16,16,23],"damage_taken":[{"damage":2,"enemies":"Jaw Worm","floor":1,"turns":3},{"damage":14,"enemies":"Small Slimes","floor":2,"turns":4},{"damage":0,"enemies":"2 Louse","floor":7,"turns":2},{"damage":26,"enemies":"Lagavulin","floor":12,"turns":5},{"damage":10,"enemies":"The Guardian","floor":16,"turns":11},{"damage":34,"enemies":"Shell Parasite","floor":18,"turns":6},{"damage":18,"enemies":"2 Thieves","floor":20,"turns":4},{"damage":13,"enemies":"Slavers","floor":23,"turns":2}],"seed_played":"-7737870342169030752","potions_obtained":[{"floor":1,"key":"FearPotion"},{"floor":7,"key":"Reflective Coating"},{"floor":14,"key":"infinitespire:BlackPotion"},{"floor":14,"key":"Flashbang"},{"floor":20,"key":"infinitespire:BlackPotion"}],"is_trial":false,"path_per_floor":["M","M","$","?","?","R","M","R","T","$","?","E","R","?","R","B",null,"M","AVR","M","$","?","E"],"character_chosen":"DEFECT","items_purchased":["Rebound","Panacea+1","FTL","Beam Cell"],"campfire_rested":1,"item_purchase_floors":[3,10,10,10],"current_hp_per_floor":[62,48,48,37,60,60,60,60,60,60,60,34,34,6,27,17,58,24,24,6,6,6,0,0],"gold":174,"neow_bonus":"RANDOM_EVENT","is_daily":false,"chose_seed":false,"campfire_upgraded":3,"win_rate":0.0,"timestamp":1610956038,"path_taken":["M","M","$","?","?","R","M","R","T","$","?","E","R","?","R","BOSS","M","AVR","M","$","?","E"],"items_purchased_type":["Card","Card","Card","Card"],"build_version":"2020-12-22","purchased_purges":3,"victory":false,"max_hp_per_floor":[71,71,71,71,71,71,71,71,71,71,71,71,71,71,71,71,71,71,71,71,71,71,71,71],"card_choices":[{"not_picked":["BootSequence","Coolheaded"],"picked":"Gash","floor":1},{"not_picked":["Redo","Hologram"],"picked":"Sweeping Beam","floor":2},{"not_picked":["ReplaySort","Go for the Eyes"],"picked":"Reprogram","floor":7},{"not_picked":["Ball Lightning","Hello World","Time Bomb"],"picked":"SKIP","floor":12},{"not_picked":["Fission","Meteor Strike"],"picked":"Core Surge","floor":16},{"not_picked":["Panic Button","Hologram","Time Bomb"],"picked":"SKIP","floor":18},{"not_picked":["Hologram","BootSequence"],"picked":"Self Repair","floor":20}],"player_experience":939893,"relics_obtained":[{"floor":9,"key":"Blue Doll"},{"floor":12,"key":"infinitespire:PuzzleCube"},{"floor":17,"key":"MawBank"},{"floor":17,"key":"Molten Egg 2"},{"floor":17,"key":"Shovel"}],"event_choices":[{"damage_healed":0,"gold_gain":75,"player_choice":"Gather Gold","damage_taken":11,"max_hp_gain":0,"max_hp_loss":0,"event_name":"World of Goop","floor":4,"gold_loss":0},{"damage_healed":23,"gold_gain":0,"player_choice":"Banana","damage_taken":0,"max_hp_gain":0,"max_hp_loss":0,"event_name":"Big Fish","floor":5,"gold_loss":0},{"damage_healed":0,"gold_gain":0,"player_choice":"Ignored","damage_taken":0,"max_hp_gain":0,"max_hp_loss":0,"event_name":"Liars Game","floor":11,"gold_loss":0},{"damage_healed":0,"gold_gain":50,"player_choice":"Stole From Cult","damage_taken":0,"max_hp_gain":0,"max_hp_loss":0,"event_name":"Nest","floor":22,"gold_loss":0}],"is_beta":false,"boss_relics":[{"not_picked":["Runic Dome","Honey Jar"],"picked":"Calling Bell"}],"items_purged_floors":[3,19,21],"is_endless":false,"potions_floor_spawned":[1,7,20],"killed_by":"Slavers","ascension_level":17}}