{"host":"cyg2l0kxxafiqofp","time":1610984574,"event":{"mods":["BaseMod","Colored Map","Colored Powertips","Highlight Path","Minty Spire (QoL Compilation)","Permanent Neow","Quick Restart","Replay The Spire","StSLib"],"gold_per_floor":[116,133,144,154,171,201,201,231,231,262,274,274,33,33,33,132,132,144,154,184,195,195,195],"floor_reached":22,"language":"ENG","playtime":3482,"items_purged":[],"score":229,"play_id":"b090cf0c-ea64-468a-a4f2-c1dee56363ba","local_time":"20210118104254","is_ascension_mode":true,"campfire_choices":[{"floor":7.0,"key":"RECALL"},{"floor":15.0,"key":"REST"}],"circlet_count":0,"master_deck":["Survivor","Neutralize","Blade Dance","Unload","Sneak Up","Doppelganger","Fluid Movement","A Thousand Cuts+1","ReplayTheSpireMod:The Works","Replay:Poison Smokescreen","Hidden Blade","Backstab","Flying Knee","Acrobatics","Backflip","Dagger Throw","Dash","Draining Mist","Phantasmal Killer","Acrobatics+1","Outmaneuver","Prepared"],"relics":["Pandora\u0027s Box","The Specimen","Toy Ornithopter","Replay:Wax Seal","PreservedInsect","Mirror","Bottled Tornado","Replay:Drink Me","Red Mask"],"acts_visited":["Exordium","TheCity"],"potions_floor_usage":[],"damage_taken":[{"damage":0.0,"enemies":"Cultist","floor":1.0,"turns":3.0},{"damage":2.0,"enemies":"Jaw Worm","floor":2.0,"turns":3.0},{"damage":0.0,"enemies":"2 Louse","floor":3.0,"turns":2.0},{"damage":4.0,"enemies":"Lots of Slimes","floor":4.0,"turns":2.0},{"damage":8.0,"enemies":"Looter","floor":5.0,"turns":3.0},{"damage":16.0,"enemies":"Gremlin Nob","floor":6.0,"turns":3.0},{"damage":12.0,"enemies":"Lagavulin","floor":8.0,"turns":6.0},{"damage":27.0,"enemies":"Gremlin Nob","floor":10.0,"turns":5.0},{"damage":4.0,"enemies":"Exordium Thugs","floor":11.0,"turns":5.0},{"damage":20.0,"enemies":"The Guardian","floor":16.0,"turns":9.0},{"damage":24.0,"enemies":"Chosen","floor":18.0,"turns":4.0},{"damage":10.0,"enemies":"Shell Parasite","floor":19.0,"turns":4.0},{"damage":0.0,"enemies":"Masked Bandits","floor":20.0,"turns":3.0},{"damage":20.0,"enemies":"Chosen and Byrds","floor":21.0,"turns":4.0},{"damage":15,"enemies":"Snecko","floor":22,"turns":3}],"seed_played":"-7192641993803246561","potions_obtained":[{"floor":3.0,"key":"Adrenaline Potion"},{"floor":5.0,"key":"Fire Potion"},{"floor":10.0,"key":"Elixir"},{"floor":11.0,"key":"GamblersBrew"},{"floor":18.0,"key":"Weak Potion"},{"floor":19.0,"key":"Block Potion"}],"is_trial":false,"path_per_floor":["M","M","M","M","M","E","R","E","T","E","M","?","$","T","R","B",null,"M","M","?","M","M"],"character_chosen":"THE_SILENT","items_purchased":["Mirror"],"campfire_rested":1,"item_purchase_floors":[13],"current_hp_per_floor":[70,68,68,64,56,40,40,28,28,1,2,2,2,2,23,3,53,29,29,34,14,0,0],"gold":195,"neow_bonus":"BOSS_RELIC","is_daily":false,"chose_seed":false,"campfire_upgraded":0,"win_rate":0.0,"timestamp":1610984574,"path_taken":["M","M","M","M","M","E","R","E","T","E","?","?","$","?","R","BOSS","M","?","?","M","M"],"items_purchased_type":["Relic"],"build_version":"2020-12-22","purchased_purges":0,"victory":false,"max_hp_per_floor":[70,70,70,70,70,70,70,70,70,70,70,70,70,70,70,70,53,53,53,53,53,53,53],"card_choices":[{"not_picked":["Outmaneuver","Sucker Punch"],"picked":"Hidden Blade","floor":1.0},{"not_picked":["Deadly Poison","Dagger Throw"],"picked":"Backstab","floor":2.0},{"not_picked":["Masterful Stab","Calculated Gamble"],"picked":"Flying Knee","floor":3.0},{"not_picked":["Heel Hook","Deflect"],"picked":"Acrobatics","floor":4.0},{"not_picked":["ReplayTheSpireMod:Exploit Weakness","ReplayTheSpireMod:Scrap Shanks"],"picked":"Backflip","floor":5.0},{"not_picked":["Choke","Eviscerate"],"picked":"Dagger Throw","floor":6.0},{"not_picked":["Quick Slash","Glass Knife"],"picked":"Dash","floor":8.0},{"not_picked":["Outmaneuver","PiercingWail"],"picked":"Poisoned Stab","floor":10.0},{"not_picked":["Replay:Poison Smokescreen","Slice"],"picked":"Draining Mist","floor":11.0},{"not_picked":["Storm of Steel","Unload"],"picked":"Phantasmal Killer","floor":16.0},{"not_picked":["Replay:Poison Smokescreen","ReplayTheSpireMod:Scrap Shanks"],"picked":"Acrobatics+1","floor":18.0},{"not_picked":["Eviscerate+1","Dagger Throw"],"picked":"Outmaneuver","floor":19.0},{"not_picked":["Cloak And Dagger","Bane"],"picked":"Prepared","floor":21.0}],"player_experience":226773,"relics_obtained":[{"floor":6.0,"key":"The Specimen"},{"floor":8.0,"key":"Toy Ornithopter"},{"floor":9.0,"key":"Replay:Wax Seal"},{"floor":10.0,"key":"PreservedInsect"},{"floor":14.0,"key":"Bottled Tornado"},{"floor":20.0,"key":"Red Mask"}],"event_choices":[{"damage_healed":0.0,"max_hp_gain":0.0,"max_hp_loss":0.0,"gold_gain":0.0,"event_name":"Masked Bandits","player_choice":"Fought Bandits","floor":20.0,"gold_loss":0.0,"damage_taken":0.0}],"is_beta":false,"boss_relics":[{"not_picked":["ChewingGum","Snecko Eye"],"picked":"Replay:Drink Me"}],"items_purged_floors":[],"is_endless":false,"potions_floor_spawned":[3,5,10,11,18,19],"killed_by":"Snecko","ascension_level":2}}