{"host":"zzc28wglrg51iog5","time":1610998676,"event":{"mods":["BaseMod","Colored Map","Downfall","GifTheSpireLib","Hermit","Minty Spire (QoL Compilation)","StSLib","The Hierophant","The Marked"],"gold_per_floor":[99,110,134,46,46,31,31,59,69,69,69,100,100,114,132,235,235,35,54,66,78,63,63,63,83,83,95,122,134,234,98,109,207,207,207,227,242,242,260,270,270,170,220,220,333,333,345,379,398,398,398],"floor_reached":50,"language":"ENG","playtime":11989,"items_purged":["bronze:Strike","bronze:Defend"],"score":629,"play_id":"833cf537-e0ee-4b3f-af02-adaabff50798","local_time":"20210118203756","is_ascension_mode":false,"campfire_choices":[{"data":"bronze:Replicate","floor":1.0,"key":"SMITH"},{"data":"bronze:Invalidate","floor":11.0,"key":"SMITH"},{"data":"bronze:ForLoop","floor":13.0,"key":"SMITH"},{"data":"bronze:Verify","floor":18.0,"key":"SMITH"},{"data":"bronze:Boost","floor":26,"key":"SMITH"},{"floor":35,"key":"RECALL"},{"floor":42,"key":"DIG"},{"data":"expansioncontent:PolyBeam","floor":46,"key":"SMITH"}],"circlet_count":0,"master_deck":["bronze:Strike","bronze:Defend","bronze:Defend","bronze:Replicate+1","bronze:Goto","bronze:Repair","bronze:Branch","bronze:Flail","bronze:Invalidate+1","bronze:Overload","bronze:Optimize","bronze:ForLoop+1","bronze:Deprecate","bronze:Verify+1","bronze:Boost+1","bronze:GetLatest+1","bronze:BronzeOrb","bronze:Fortify","bronze:Branch","bronze:ForceShield","bronze:SpaghettiCode","CurseOfTheBell","expansioncontent:PolyBeam+1","expansioncontent:Hexaburn"],"relics":["bronze:BronzeCore","HornCleat","Singing Bowl","Art of War","Sozu","downfall:HeartBlessingBlue","downfall:HeartBlessingGreen","bronze:BottledCode","Ornamental Fan","Pantograph","Shovel","White Beast Statue","Calling Bell","Du-Vu Doll","Lantern","Gremlin Horn","champ:DeflectingBracers","downfall:HeartBlessingRed","hexamod:BolsterEngine","Peace Pipe","bronze:ProtectiveGoggles","Mummified Hand"],"acts_visited":["Exordium","TheCity","TheBeyond"],"potions_floor_usage":[33],"damage_taken":[{"damage":1.0,"enemies":"Cultist","floor":2.0,"turns":3.0},{"damage":5.0,"enemies":"downfall:FleeingMerchant","floor":4.0,"turns":4.0},{"damage":7.0,"enemies":"downfall:FleeingMerchant","floor":6.0,"turns":4.0},{"damage":21.0,"enemies":"Lagavulin","floor":8.0,"turns":7.0},{"damage":0.0,"enemies":"Jaw Worm","floor":9.0,"turns":4.0},{"damage":4.0,"enemies":"3 Sentries","floor":12.0,"turns":6.0},{"damage":0.0,"enemies":"Small Slimes","floor":14.0,"turns":2.0},{"damage":22.0,"enemies":"Exordium Thugs","floor":15.0,"turns":4.0},{"damage":40.0,"enemies":"DF_ARCHETYPE_STREAMLINE","floor":16.0,"turns":14.0},{"damage":30,"enemies":"Spheric Guardian","floor":19,"turns":5},{"damage":18,"enemies":"Chosen","floor":20,"turns":5},{"damage":2,"enemies":"Shelled Parasite and Fungi","floor":21,"turns":4},{"damage":0,"enemies":"downfall:FleeingMerchant","floor":22,"turns":4},{"damage":0,"enemies":"3 Cultists","floor":25,"turns":3},{"damage":11,"enemies":"Centurion and Healer","floor":27,"turns":4},{"damage":0,"enemies":"Gremlin Leader","floor":28,"turns":7},{"damage":0,"enemies":"Cultist and Chosen","floor":29,"turns":5},{"damage":27,"enemies":"IC_STATUS_ARCHETYPE","floor":30,"turns":7},{"damage":0,"enemies":"downfall:FleeingMerchant","floor":31,"turns":4},{"damage":0,"enemies":"3 Cultists","floor":32,"turns":4},{"damage":89,"enemies":"SI_MIRROR_ARCHETYPE","floor":33,"turns":11},{"damage":0,"enemies":"Orb Walker","floor":36,"turns":3},{"damage":0,"enemies":"3 Shapes","floor":37,"turns":2},{"damage":12,"enemies":"Maw","floor":39,"turns":6},{"damage":46,"enemies":"Spire Growth","floor":40,"turns":7},{"damage":0,"enemies":"Spire Growth","floor":43,"turns":4},{"damage":0,"enemies":"downfall:FleeingMerchant","floor":45,"turns":3},{"damage":0,"enemies":"Jaw Worm Horde","floor":47,"turns":3},{"damage":0,"enemies":"Reptomancer","floor":48,"turns":4},{"damage":0,"enemies":"Transient","floor":49,"turns":5},{"damage":140,"enemies":"IC_BLOCK_ARCHETYPE","floor":50,"turns":4}],"seed_played":"-182697887732548220","potions_obtained":[{"floor":2.0,"key":"Block Potion"},{"floor":12.0,"key":"Swift Potion"}],"is_trial":false,"path_per_floor":["R","M","T","$","?","$","T","E","M","?","R","E","R","M","M","B",null,"R","M","M","M","$","?","T","M","R","M","E","M","?","$","M","B",null,"R","M","M","?","M","M","T","R","?","?","$","R","M","E","M","B"],"character_chosen":"THE_AUTOMATON","items_purchased":["bronze:Flail","bronze:Branch","bronze:ProtectiveGoggles"],"campfire_rested":0,"item_purchase_floors":[4,31,45],"current_hp_per_floor":[77,76,76,77,77,70,70,56,63,63,63,59,59,59,39,9,79,89,61,52,62,72,72,72,82,82,78,87,89,62,74,81,2,91,91,93,95,95,85,84,84,84,101,93,95,95,104,106,111,0,0],"gold":398,"neow_bonus":"TEN_PERCENT_HP_BONUS","is_daily":false,"chose_seed":false,"campfire_upgraded":6,"win_rate":0.0,"timestamp":1610998676,"path_taken":["R","M","?","$","?","$","T","E","M","?","R","E","R","?","M","BOSS","R","M","M","M","$","?","T","M","R","M","E","M","?","$","M","BOSS","R","M","M","?","?","M","T","R","?","?","$","R","M","E","M","BOSS"],"items_purchased_type":["Card","Card","Relic"],"build_version":"2020-12-22","purchased_purges":2,"victory":false,"max_hp_per_floor":[77,77,77,77,77,77,77,77,77,77,77,77,77,77,79,79,79,89,91,93,95,95,85,85,85,85,85,87,89,89,91,91,91,91,91,93,95,95,97,99,99,99,101,103,105,105,107,109,111,111,111],"card_choices":[{"not_picked":["bronze:BugBarrage","bronze:Philosophize"],"picked":"bronze:Repair","floor":2.0},{"not_picked":["bronze:BuggyMess","bronze:CutThrough"],"picked":"bronze:Branch","floor":4.0},{"not_picked":["bronze:Philosophize","bronze:OilSpill"],"picked":"bronze:Invalidate","floor":6.0},{"not_picked":["bronze:Mutator","bronze:Iterate"],"picked":"bronze:Overload","floor":8.0},{"not_picked":["bronze:ChildClass","bronze:MaxOutput"],"picked":"bronze:Optimize","floor":9.0},{"not_picked":["bronze:Shell","bronze:Allocate"],"picked":"bronze:ForLoop","floor":12.0},{"not_picked":["bronze:DigitalCarnage","bronze:DarkDash"],"picked":"bronze:Deprecate","floor":14.0},{"not_picked":["bronze:ClassDefault","bronze:Frontload","bronze:Return"],"picked":"Singing Bowl","floor":15.0},{"not_picked":["bronze:RecursiveStrike","bronze:SpaghettiCode"],"picked":"bronze:Verify","floor":16.0},{"not_picked":["bronze:DelayedGuard","bronze:Turbo","bronze:Overheat"],"picked":"Singing Bowl","floor":19},{"not_picked":["bronze:Overheat","bronze:Virus","bronze:Frontload"],"picked":"Singing Bowl","floor":20},{"not_picked":["bronze:ChildClass","bronze:Turbo","bronze:MaxOutput"],"picked":"Singing Bowl","floor":21},{"not_picked":["bronze:ShipIt","bronze:BurnOut"],"picked":"bronze:Boost","floor":22},{"not_picked":["bronze:WhirlingStrike","bronze:DelayedGuard"],"picked":"bronze:GetLatest+1","floor":25},{"not_picked":["bronze:Shield","bronze:Branch"],"picked":"bronze:BronzeOrb","floor":27},{"not_picked":["bronze:ChildClass","bronze:Branch","bronze:CloningBeam"],"picked":"Singing Bowl","floor":28},{"not_picked":["bronze:BronzeArmor","bronze:Philosophize","bronze:CloningBeam"],"picked":"Singing Bowl","floor":29},{"not_picked":["bronze:BitShift+1","bronze:OilSpill"],"picked":"bronze:Fortify","floor":30},{"not_picked":["bronze:Invalidate","bronze:Overheat+1","bronze:DelayedGuard+1"],"picked":"Singing Bowl","floor":31},{"not_picked":["bronze:DigitalCarnage","bronze:ItsAFeature"],"picked":"bronze:ForceShield","floor":32},{"not_picked":["bronze:FindAndReplace","bronze:Mutator"],"picked":"bronze:SpaghettiCode","floor":33},{"not_picked":["bronze:GetLatest+1","bronze:OilSpill+1","bronze:Iterate+1"],"picked":"Singing Bowl","floor":36},{"not_picked":["bronze:Deprecate","bronze:FineTuning+1","bronze:FindAndReplace"],"picked":"Singing Bowl","floor":37},{"not_picked":["bronze:WildBeam","bronze:Repulsor","bronze:Allocate"],"picked":"Singing Bowl","floor":39},{"not_picked":["bronze:FineTuning","bronze:DelayedSlice","bronze:Frontload"],"picked":"Singing Bowl","floor":40},{"not_picked":["bronze:Overheat+1","bronze:Invalidate+1","bronze:CutThrough+1"],"picked":"Singing Bowl","floor":43},{"not_picked":["expansioncontent:AwakenDeath","expansioncontent:LastStand"],"picked":"expansioncontent:PolyBeam","floor":44},{"not_picked":["expansioncontent:LastStand","expansioncontent:GuardianWhirl"],"picked":"expansioncontent:Hexaburn","floor":44},{"not_picked":["expansioncontent:YouAreMine","expansioncontent:PrepareCrush","expansioncontent:LastStand"],"picked":"Singing Bowl","floor":44},{"not_picked":["bronze:DigitalCarnage","bronze:Turbo+1","bronze:Format"],"picked":"Singing Bowl","floor":45},{"not_picked":["bronze:ClassDefault","bronze:BitShift+1","bronze:GetLatest"],"picked":"Singing Bowl","floor":47},{"not_picked":["bronze:CloningBeam","bronze:WildBeam+1","bronze:Optimize"],"picked":"Singing Bowl","floor":48},{"not_picked":["bronze:Repair","bronze:FineTuning","bronze:DelayedGuard"],"picked":"Singing Bowl","floor":49}],"player_experience":1601988,"relics_obtained":[{"floor":7.0,"key":"HornCleat"},{"floor":8.0,"key":"Singing Bowl"},{"floor":12.0,"key":"Art of War"},{"floor":24,"key":"Ornamental Fan"},{"floor":28,"key":"Pantograph"},{"floor":30,"key":"Shovel"},{"floor":30,"key":"White Beast Statue"},{"floor":34,"key":"Du-Vu Doll"},{"floor":34,"key":"Lantern"},{"floor":34,"key":"Gremlin Horn"},{"floor":41,"key":"champ:DeflectingBracers"},{"floor":42,"key":"hexamod:BolsterEngine"},{"floor":43,"key":"Peace Pipe"},{"floor":48,"key":"Mummified Hand"}],"event_choices":[{"cards_removed":["bronze:Strike"],"damage_healed":0.0,"max_hp_gain":0.0,"max_hp_loss":0.0,"gold_gain":0.0,"event_name":"The Cleric","player_choice":"Card Removal","floor":5.0,"gold_loss":0.0,"damage_taken":0.0},{"cards_removed":["bronze:Defend"],"damage_healed":0.0,"max_hp_gain":0.0,"max_hp_loss":0.0,"gold_gain":0.0,"event_name":"Wheel of Change","player_choice":"Card Removal","floor":10.0,"gold_loss":0.0,"damage_taken":0.0}],"is_beta":false,"boss_relics":[{"not_picked":["SacredBark","Cursed Key"],"picked":"Sozu"},{"not_picked":["Empty Cage","Pandora\u0027s Box"],"picked":"Calling Bell"}],"items_purged_floors":[31,45],"is_endless":false,"potions_floor_spawned":[2,12,21,25,28,30,31,32,33,36,37,39,40,43,45,47,48,49],"killed_by":"IC_BLOCK_ARCHETYPE","ascension_level":0}}