{"host":"k5ju8d0zk0rk1tfm","time":1610932715,"event":{"mods":["100% Spire Juice","2.2 Compatiblity","Act Like it!","BaseMod","ChefMod","GifTheSpireLib","Hallownest","Hermit","Infinite Spire","Jorbs\u0027s Wanderer Trilogy","Marisa????????","Minty Spire (QoL Compilation)","Potionbrewer","Random Character Button","Replay The Spire","Shade Mod","StSLib","Stuff the Spire","The Alterego","The Bug Knight","The Cursed","The Florist","The Hierophant","The Judge","The Jungle","The Marked","The Necromancer","The Senshi","The Servant 0.9.4","The Spell Scribe","TheSwordswoman","thorton"],"gold_per_floor":[111,121,137,137,174,174,206,206,229,229,258,258,270,283,283,387,387,372,372,372,372,372,398,398,408,459,459,459,472,486,500,500,596,596,613,613,613,632,647,647,647],"floor_reached":40,"language":"ENG","playtime":3573,"items_purged":["Regret"],"score":431,"play_id":"d5974acc-844a-44f7-9065-7a9042d3497f","local_time":"20210117181835","is_ascension_mode":false,"campfire_choices":[{"data":"chefmod:QuickThaw","floor":6,"key":"SMITH"},{"floor":10,"key":"REST"},{"data":"chefmod:Gelato","floor":15,"key":"SMITH"},{"floor":24,"key":"REST"},{"floor":32,"key":"REST"}],"circlet_count":0,"master_deck":["chefmod:Strike","chefmod:Strike","chefmod:Strike","chefmod:Strike","chefmod:QuickThaw+1","chefmod:Defend","chefmod:Defend","chefmod:Defend","chefmod:TodaysSpecial","chefmod:Flambe","chefmod:IcePick","chefmod:Ratatouille","chefmod:HotSoup","chefmod:FreezeSolid","chefmod:FullCourseMeal+1","TheCursedMod:Dregs","chefmod:DinoKale","chefmod:FreshProduce","chefmod:Gelato+1","chefmod:Tenderizer","Writhe","stsjorbsmod:CULLCard","chefmod:PrepCook","Dramatic Entrance","infinitespire:DeathsTouch","chefmod:Defrost","ReplayTheSpireMod:??????????????????????","chefmod:RaidPantry","chefmod:Chop","chefmod:ColdSteel+1","chefmod:Granita","chefmod:IcePick","chefmod:TastyDistraction","chefmod:TonkotsuRamen","chefmod:SliceAndDice+1","chefmod:HotSoup"],"relics":["StuffTheSpire:OccultApparatus","StuffTheSpire:RedRose","Juzu Bracelet","MealTicket","Tiny Chest","ReplayTheSpireMod:CursedCoin","HollowMod:PaleOreRelic","ReplayTheSpireMod:SealedPack","ReplayTheSpireMod:Lightbulb","Sozu","potionbrewer:SlideRule","infinitespire:Beetle Shell","Philosopher\u0027s Stone","Onion Ring"],"acts_visited":["Exordium","TheCity","TheBeyond"],"potions_floor_usage":[31,31],"damage_taken":[{"damage":0,"enemies":"Cultist","floor":1,"turns":6},{"damage":0,"enemies":"Small Slimes","floor":2,"turns":3},{"damage":5,"enemies":"Jaw Worm","floor":3,"turns":5},{"damage":25,"enemies":"Replay:BlueRogue","floor":7,"turns":7},{"damage":2,"enemies":"3 Louse","floor":13,"turns":4},{"damage":3,"enemies":"Red Slaver","floor":14,"turns":6},{"damage":23,"enemies":"Hexaghost","floor":16,"turns":9},{"damage":21,"enemies":"2 Thieves","floor":18,"turns":4},{"damage":29,"enemies":"HollowMod:Nosk","floor":23,"turns":6},{"damage":2,"enemies":"Chosen","floor":25,"turns":4},{"damage":3,"enemies":"3 Cultists","floor":29,"turns":4},{"damage":35,"enemies":"Centurion and Healer","floor":30,"turns":5},{"damage":21,"enemies":"Snake Plant","floor":31,"turns":4},{"damage":65,"enemies":"Automaton","floor":33,"turns":10},{"damage":13,"enemies":"Orb Walker","floor":35,"turns":4},{"damage":47,"enemies":"3 Shapes","floor":38,"turns":5},{"damage":17,"enemies":"Spire Growth","floor":39,"turns":5},{"damage":11,"enemies":"HollowMod:StalkingDevout","floor":40,"turns":8}],"seed_played":"-3865880220800952952","potions_obtained":[{"floor":3,"key":"FairyPotion"},{"floor":5,"key":"ColorlessPotion"},{"floor":7,"key":"ColorlessPotion"},{"floor":14,"key":"Reflective Coating"}],"is_trial":false,"path_per_floor":["M","M","M","?","?","R","E","?","T","R","$","?","M","M","R","B",null,"M","?","?","T","AVR","E","R","M","T","?","?","M","M","M","R","B",null,"M","?","T","M","M","E"],"character_chosen":"THE_CHEF","items_purchased":["ReplayTheSpireMod:CursedCoin","chefmod:DinoKale"],"campfire_rested":3,"item_purchase_floors":[11,11],"current_hp_per_floor":[83,83,78,78,78,78,53,53,53,77,83,83,81,78,78,55,83,62,62,41,41,41,12,36,34,34,18,47,44,9,41,67,2,88,75,75,75,28,11,0,0],"gold":647,"neow_bonus":"TEN_PERCENT_HP_BONUS","is_daily":false,"chose_seed":false,"campfire_upgraded":2,"win_rate":0.0,"timestamp":1610932715,"path_taken":["M","M","?","?","?","R","E","?","T","R","$","?","M","M","R","BOSS","M","?","?","?","AVR","E","R","M","T","?","?","M","M","M","R","BOSS","M","?","?","M","M","E"],"items_purchased_type":["Relic","Card"],"build_version":"2020-12-22","purchased_purges":1,"victory":false,"max_hp_per_floor":[83,83,83,83,83,83,83,83,83,83,83,83,83,83,83,83,83,83,83,83,83,83,83,83,83,83,88,88,88,88,88,88,88,88,88,88,88,88,88,88,88],"card_choices":[{"not_picked":["chefmod:Ratatouille","chefmod:FryPan"],"picked":"chefmod:Flambe","floor":1},{"not_picked":["chefmod:KnifeFlurry","chefmod:Omelette"],"picked":"chefmod:IcePick","floor":2},{"not_picked":["chefmod:PotatoGratin","chefmod:CuttingBoard"],"picked":"chefmod:Ratatouille","floor":3},{"not_picked":["chefmod:IcePick","chefmod:FryPan"],"picked":"chefmod:HotSoup","floor":5},{"not_picked":["chefmod:FireUp","chefmod:SaveForLater"],"picked":"chefmod:FreezeSolid","floor":5},{"not_picked":["chefmod:LiquidNitrogen","chefmod:PotatoGratin"],"picked":"chefmod:FullCourseMeal","floor":7},{"not_picked":["chefmod:FryPan","chefmod:AllYouCanEat"],"picked":"chefmod:FreshProduce","floor":13},{"not_picked":["chefmod:FireUp","chefmod:SearedScallops"],"picked":"chefmod:Gelato","floor":14},{"not_picked":["chefmod:SushiPlatter","chefmod:CandyBowl"],"picked":"chefmod:Tenderizer","floor":16},{"not_picked":["theSenshi:MoonPrismPowerMakeUp","hierophant:Punish"],"picked":"stsjorbsmod:CULLCard","floor":17},{"not_picked":["chefmod:DeepFreeze","chefmod:DeathByChocolate"],"picked":"chefmod:PrepCook","floor":17},{"not_picked":["Deep Breath","Finesse"],"picked":"Dramatic Entrance","floor":17},{"not_picked":["infinitespire:Starlight","ReplayTheSpireMod:Haul"],"picked":"infinitespire:DeathsTouch","floor":17},{"not_picked":["chefmod:FarmersMarket","chefmod:FryPan"],"picked":"chefmod:Defrost","floor":18},{"not_picked":["infinitespire:Execution","infinitespire:TheBestDefense"],"picked":"ReplayTheSpireMod:??????????????????????","floor":20},{"not_picked":["chefmod:ZaruSoba","chefmod:Gelato"],"picked":"chefmod:RaidPantry","floor":23},{"not_picked":["chefmod:DinoKale","chefmod:FullBurn"],"picked":"chefmod:Chop","floor":25},{"not_picked":["chefmod:AllYouCanEat","chefmod:ZaruSoba"],"picked":"chefmod:ColdSteel+1","floor":29},{"not_picked":["chefmod:Chop","chefmod:Sorbet"],"picked":"chefmod:Granita","floor":30},{"not_picked":["chefmod:BleedOut","chefmod:DimSum"],"picked":"chefmod:IcePick","floor":31},{"not_picked":["chefmod:CapreseSalad","chefmod:Tenderizer"],"picked":"chefmod:TastyDistraction","floor":33},{"not_picked":["chefmod:BleedOut","chefmod:NewMenu+1"],"picked":"chefmod:TonkotsuRamen","floor":35},{"not_picked":["chefmod:GroceryDelivery","chefmod:Fillet"],"picked":"chefmod:SliceAndDice+1","floor":38},{"not_picked":["chefmod:ZaruSoba","chefmod:Gelato+1"],"picked":"chefmod:HotSoup","floor":39}],"player_experience":215331,"relics_obtained":[{"floor":5,"key":"Juzu Bracelet"},{"floor":7,"key":"MealTicket"},{"floor":9,"key":"Tiny Chest"},{"floor":21,"key":"ReplayTheSpireMod:Lightbulb"},{"floor":23,"key":"potionbrewer:SlideRule"},{"floor":26,"key":"infinitespire:Beetle Shell"},{"floor":37,"key":"Onion Ring"}],"event_choices":[{"damage_healed":0,"gold_gain":0,"player_choice":"Gave Potion","damage_taken":0,"relics_obtained":["HollowMod:PaleOreRelic"],"max_hp_gain":0,"max_hp_loss":0,"event_name":"WeMeetAgain","floor":12,"gold_loss":0},{"damage_healed":0,"gold_gain":0,"player_choice":"Shed Blood","damage_taken":21,"max_hp_gain":5,"max_hp_loss":0,"event_name":"Forgotten Altar","floor":27,"gold_loss":0},{"damage_healed":29,"gold_gain":0,"player_choice":"Heal","damage_taken":0,"max_hp_gain":0,"max_hp_loss":0,"event_name":"The Library","floor":28,"gold_loss":0},{"cards_removed":["chefmod:Defend"],"damage_healed":0,"gold_gain":0,"player_choice":"Removed Skill","damage_taken":0,"max_hp_gain":0,"max_hp_loss":0,"event_name":"Falling","floor":36,"gold_loss":0}],"is_beta":false,"boss_relics":[{"not_picked":["Astrolabe","Replay:Drink Me"],"picked":"ReplayTheSpireMod:SealedPack"},{"not_picked":["Abe\u0027s Treasure","StuffTheSpire:RunicConfusion"],"picked":"Philosopher\u0027s Stone"}],"items_purged_floors":[11],"is_endless":false,"potions_floor_spawned":[3,7,14,23,29,31,33,38],"killed_by":"HollowMod:StalkingDevout","ascension_level":0}}