{"host":"jbw470l122a0du6q","time":1610967553,"event":{"mods":["BaseMod","Better Altar","Better Match","Better Note","Better Sensory Stone","Better Skull","Better Third Choice","Dark Map","Downfall","Duelist Mod","GifTheSpireLib","Hermit","MarisaÅiñ∂âJÅ@ñÇóùçπÅj","Minty Spire (QoL Compilation)","StSLib","The Construct","The Cursed","The Disciple","The Marked","The Runesmith","The Servant 0.9.4"],"gold_per_floor":[139,192,192,211,386,386,400,400,400,420,420,101,101,116,116,217,217,231,231,249,249,249],"floor_reached":21,"language":"ENG","playtime":1655,"items_purged":[],"score":169,"play_id":"e6a7547f-fbee-4c82-a50e-1acc93e23873","local_time":"20210118055913","is_ascension_mode":false,"campfire_choices":[{"data":"theDuelist:RainbowOverdragon","floor":6.0,"key":"SMITH"},{"data":"theDuelist:ZefraMetaltron","floor":11,"key":"SMITH"},{"data":"theDuelist:ToonSummonedSkull","floor":15,"key":"SMITH"}],"circlet_count":0,"master_deck":["theDuelist:JamBreeding","theDuelist:Tuningware","theDuelist:RainbowOverdragon+1","theDuelist:Biofalcon+1","theDuelist:GaiaMidNightSun+1","theDuelist:CelticGuardian+1","theDuelist:Scapeghost+1","theDuelist:Biofalcon+1","theDuelist:SupersonicSkullFlame","theDuelist:VoidExpansion+1","Doubt","theDuelist:CallGrave","theDuelist:ToonSummonedSkull+1","theDuelist:Polymerization+1","theDuelist:FutureFusion+1","theDuelist:ZefraMetaltron+1","theDuelist:BlackSalvo+1","theDuelist:RainbowOverdragon+1","theDuelist:Zektarrow+1","theDuelist:RarePowerMetronome+1"],"relics":["theDuelist:MillenniumPuzzle","theDuelist:CardPoolRelic","theDuelist:CardPoolBasicRelic","theDuelist:BoosterPackPoolRelic","theDuelist:CardPoolAddRelic","theDuelist:CardPoolMinusRelic","theDuelist:CardPoolSaveRelic","theDuelist:CardPoolOptionsRelic","NeowsBlessing","theDuelist:MonsterEggRelic","Centennial Puzzle","theDuelist:BoosterPackSpellEgg","theDuelist:GiftAnubis","Philosopher\u0027s Stone"],"acts_visited":["Exordium","TheCity"],"potions_floor_usage":[14,21],"damage_taken":[{"damage":0.0,"enemies":"Small Slimes","floor":1.0,"turns":1.0},{"damage":7.0,"enemies":"Jaw Worm","floor":4.0,"turns":2.0},{"damage":7,"enemies":"2 Louse","floor":7,"turns":2},{"damage":10,"enemies":"Looter","floor":10,"turns":2},{"damage":4,"enemies":"Gremlin Gang","floor":14,"turns":4},{"damage":35,"enemies":"The Guardian","floor":16,"turns":7},{"damage":4,"enemies":"Shell Parasite","floor":18,"turns":3},{"damage":38,"enemies":"2 Thieves","floor":20,"turns":4},{"damage":48,"enemies":"Chosen and Byrds","floor":21,"turns":6}],"seed_played":"5888750796871356487","potions_obtained":[{"floor":1.0,"key":"ColorlessPotion"},{"floor":10,"key":"theDuelist:TributeBottle"},{"floor":16,"key":"BlessingOfTheForge"},{"floor":18,"key":"SteroidPotion"}],"is_trial":false,"path_per_floor":["M","?","T","M","?","R","M","T","T","M","R","$","?","M","R","B",null,"M","?","M","M"],"character_chosen":"THE_DUELIST","items_purchased":["theDuelist:GiftAnubis","theDuelist:JamBreeding"],"campfire_rested":0,"item_purchase_floors":[12,12],"current_hp_per_floor":[80,80,80,73,73,73,66,66,66,56,56,56,60,56,56,21,80,76,76,38,0,0],"gold":249,"neow_bonus":"THREE_ENEMY_KILL","is_daily":false,"chose_seed":false,"campfire_upgraded":3,"win_rate":0.0,"timestamp":1610967553,"path_taken":["M","?","?","M","?","R","M","?","T","?","R","$","?","?","R","BOSS","M","?","M","M"],"items_purchased_type":["Relic","Card"],"build_version":"2020-12-22","purchased_purges":0,"victory":false,"max_hp_per_floor":[80,80,80,80,80,80,80,80,80,80,80,80,80,80,80,80,80,80,80,80,80,80],"card_choices":[{"not_picked":["theDuelist:FeedbackWarrior","theDuelist:YellowGadget","theDuelist:CoreBlaster","theDuelist:ReptiliannePoison"],"picked":"theDuelist:ZefraMetaltron","floor":1.0},{"not_picked":["theDuelist:BoosterDragon","theDuelist:FrostflameDragon","theDuelist:DarkfireDragon","theDuelist:CyberDragonCore"],"picked":"theDuelist:RainbowOverdragon","floor":4.0},{"not_picked":["theDuelist:NaturiaDragonfly","theDuelist:BlockSpider","theDuelist:StimPack","theDuelist:Reinforcements"],"picked":"theDuelist:Tuningware","floor":7},{"not_picked":["theDuelist:CelticGuardian","theDuelist:BlackSalvo","theDuelist:ZefraMetaltron","theDuelist:Biofalcon"],"picked":"theDuelist:RainbowOverdragon+1","floor":10},{"not_picked":["theDuelist:Skelesaurus","theDuelist:OverflowMetronome+1","theDuelist:Skullgios","theDuelist:IceHand"],"picked":"theDuelist:ToonSummonedSkull","floor":14},{"not_picked":["theDuelist:SwordsBurning+1","theDuelist:DarkMasterZorc","theDuelist:PutridPudding","theDuelist:DragonMastery+1"],"picked":"theDuelist:RarePowerMetronome+1","floor":16},{"not_picked":["theDuelist:BloodSparks+1","theDuelist:MermailAbyssalacia","theDuelist:Blockman","theDuelist:RarePowerMetronome+1"],"picked":"theDuelist:CallGrave","floor":18},{"not_picked":["theDuelist:BloodSparks+1","theDuelist:Taotie+1","theDuelist:Blockman","theDuelist:DarkSparks+1"],"picked":"theDuelist:SupersonicSkullFlame","floor":20}],"player_experience":17681,"relics_obtained":[{"floor":3.0,"key":"theDuelist:MonsterEggRelic"},{"floor":8,"key":"Centennial Puzzle"},{"floor":9,"key":"theDuelist:BoosterPackSpellEgg"}],"event_choices":[{"damage_healed":0.0,"max_hp_gain":0.0,"max_hp_loss":0.0,"gold_gain":53.0,"event_name":"Golden Wing","player_choice":"Gained Gold","floor":2.0,"gold_loss":0.0,"damage_taken":0.0},{"damage_healed":0.0,"max_hp_gain":0.0,"max_hp_loss":0.0,"gold_gain":175.0,"event_name":"betterThird:BetterSerpent","player_choice":"AGREE","floor":5.0,"gold_loss":0.0,"damage_taken":211.0},{"damage_healed":4,"gold_gain":0,"player_choice":"LEAVE ","damage_taken":0,"relics_obtained":[],"max_hp_gain":0,"max_hp_loss":0,"event_name":"betterSkull:BetterSkull","floor":13,"gold_loss":0,"cards_upgraded":[]},{"damage_healed":0,"gold_gain":0,"player_choice":"Ignored","damage_taken":0,"max_hp_gain":0,"max_hp_loss":0,"event_name":"betterNote:BetterNote","floor":19,"gold_loss":0,"cards_obtained":["construct:Enhance"]}],"is_beta":false,"boss_relics":[{"not_picked":["theDuelist:GamblerChip","HoveringKite"],"picked":"Philosopher\u0027s Stone"}],"items_purged_floors":[],"is_endless":false,"potions_floor_spawned":[1,10,16,18],"killed_by":"Chosen and Byrds","ascension_level":0}}