{"host":"92108ef2q9tm8rod","time":1610958909,"event":{"mods":["BaseMod","Defuse TimeMaze Blight","Minty Spire (QoL Compilation)","StSLib","The Jungle"],"gold_per_floor":[109,109,127,127,145,145,171,171,171,171,202,220,253,270,270,372,372,390,390,409,409,409,409,443,125,193,208,242,242,276,376,376,477,477,489,489,188,0,13,40,59,94,94,94,94,94,128,28,28,28],"floor_reached":51,"language":"ENG","playtime":3185,"items_purged":["Escape Plan+1","Ghostly Armor"],"score":907,"play_id":"3bca5e85-1cc4-4d82-bf88-5c8364010854","local_time":"20210118083509","daily_mods":["SealedDeck","Red Cards","Heirloom","Flight"],"is_ascension_mode":false,"campfire_choices":[{"data":"Body Slam","floor":6.0,"key":"SMITH"},{"data":"Entrench","floor":8.0,"key":"SMITH"},{"data":"Setup","floor":10.0,"key":"SMITH"},{"floor":15.0,"key":"REST"},{"data":"Backflip","floor":23.0,"key":"SMITH"},{"data":"Escape Plan","floor":29,"key":"SMITH"},{"floor":32,"key":"REST"},{"data":"Dodge and Roll","floor":44,"key":"SMITH"},{"data":"Iron Wave","floor":45,"key":"SMITH"},{"data":"Fire Breathing","floor":46,"key":"SMITH"},{"floor":49,"key":"REST"}],"circlet_count":0,"master_deck":["Entrench+1","Setup+1","Dodge and Roll+1","Backflip+1","Thunderclap+1","Iron Wave+1","Iron Wave+1","Escape Plan+1","Body Slam+1","Escape Plan+1","Fire Breathing+1","Intimidate+1","Venomology+1","Blur+1"],"relics":["Ring of the Snake","Du-Vu Doll","Toxic Egg 2","Singing Bowl","Blood Vial","SacredBark","Paper Crane","Mercury Hourglass","StrikeDummy","Question Card","Art of War","Black Star","ClockworkSouvenir","Red Mask","Oddly Smooth Stone","Mummified Hand","StoneCalendar","Whetstone","CeramicFish","Akabeko","Ice Cream"],"acts_visited":["Exordium","Exordium","TheBeyond"],"potions_floor_usage":[33,33,33,39,40,41,42,42,47,47,50,50],"damage_taken":[{"damage":0.0,"enemies":"2 Louse","floor":1.0,"turns":3.0},{"damage":0.0,"enemies":"Small Slimes","floor":3.0,"turns":3.0},{"damage":0.0,"enemies":"Cultist","floor":5.0,"turns":4.0},{"damage":19.0,"enemies":"Lagavulin","floor":7.0,"turns":6.0},{"damage":1.0,"enemies":"Gremlin Nob","floor":11.0,"turns":4.0},{"damage":0.0,"enemies":"Looter","floor":12.0,"turns":2.0},{"damage":0.0,"enemies":"3 Sentries","floor":13.0,"turns":3.0},{"damage":0.0,"enemies":"2 Fungi Beasts","floor":14.0,"turns":2.0},{"damage":20.0,"enemies":"Slime Boss","floor":16.0,"turns":9.0},{"damage":3.0,"enemies":"theJungle:Flameango_and_Byrd","floor":18.0,"turns":6.0},{"damage":0.0,"enemies":"theJungle:MUSHROOMGANG","floor":20.0,"turns":3.0},{"damage":0.0,"enemies":"theJungle:2_Phrogs","floor":24.0,"turns":9.0},{"damage":0,"enemies":"theJungle:Snecko_Cultist_And_Trap","floor":27,"turns":6},{"damage":7,"enemies":"theJungle:Cassacara","floor":28,"turns":8},{"damage":35,"enemies":"theJungle:MamaSnecko","floor":30,"turns":10},{"damage":5,"enemies":"theJungle:TotemBoss","floor":33,"turns":4},{"damage":0,"enemies":"3 Shapes","floor":35,"turns":5},{"damage":0,"enemies":"Orb Walker","floor":39,"turns":5},{"damage":9,"enemies":"Giant Head","floor":40,"turns":7},{"damage":0,"enemies":"3 Darklings","floor":41,"turns":5},{"damage":13,"enemies":"Reptomancer","floor":42,"turns":8},{"damage":0,"enemies":"Nemesis","floor":47,"turns":1},{"damage":3,"enemies":"Time Eater","floor":50,"turns":10}],"seed_played":"1996455332979420111","potions_obtained":[{"floor":1.0,"key":"ColorlessPotion"},{"floor":5.0,"key":"DuplicationPotion"},{"floor":7.0,"key":"DuplicationPotion"},{"floor":13.0,"key":"EssenceOfSteel"},{"floor":18.0,"key":"Poison Potion"},{"floor":27,"key":"PowerPotion"},{"floor":33,"key":"Energy Potion"},{"floor":40,"key":"Dexterity Potion"},{"floor":41,"key":"GhostInAJar"},{"floor":42,"key":"DistilledChaos"}],"is_trial":true,"path_per_floor":["M","?","M","?","M","R","E","R","T","R","E","M","E","M","R","B",null,"M","?","M","$","?","R","E","$","T","M","E","R","E","?","R","B",null,"M","?","$","?","M","E","M","E","T","R","R","R","E","$","R","B",null],"character_chosen":"THE_SILENT","items_purchased":["Mercury Hourglass","Escape Plan+1","ClockworkSouvenir","Blur+1"],"campfire_rested":3,"item_purchase_floors":[25,25,37,37],"current_hp_per_floor":[70,70,70,70,70,70,51,51,51,51,50,52,54,58,76,58,78,77,77,81,81,81,81,82,82,82,84,79,79,46,40,65,64,88,90,85,85,85,87,80,84,88,88,88,88,88,92,92,95,92],"gold":28,"neow_bonus":"","is_daily":false,"chose_seed":false,"campfire_upgraded":8,"win_rate":0.0,"timestamp":1610958909,"path_taken":["M","?","M","?","M","R","E","R","T","R","E","?","E","M","R","BOSS","M","?","M","$","?","R","E","$","T","M","E","R","E","?","R","BOSS","M","?","$","?","M","E","M","E","T","R","R","R","E","$","R","BOSS"],"items_purchased_type":["Relic","Card","Relic","Card"],"build_version":"2020-12-22","purchased_purges":2,"victory":true,"max_hp_per_floor":[70,70,70,70,70,70,70,70,70,70,70,72,74,76,76,78,78,80,80,82,82,82,82,82,82,82,84,86,86,86,86,86,88,88,90,85,85,85,87,89,91,93,93,93,93,93,95,95,95,95],"card_choices":[{"not_picked":["Backstab","Acrobatics","PiercingWail"],"picked":"SKIP","floor":1.0},{"not_picked":["Dagger Throw","Warcry","Calculated Gamble"],"picked":"SKIP","floor":3.0},{"not_picked":["Backflip","Iron Wave","Clash"],"picked":"SKIP","floor":5.0},{"not_picked":["Deflect+1","Blood for Blood"],"picked":"Escape Plan+1","floor":7.0},{"not_picked":["Unload","Poisoned Stab"],"picked":"Fire Breathing","floor":11.0},{"not_picked":["Clash","Seeing Red+1","Power Through+1"],"picked":"Singing Bowl","floor":12.0},{"not_picked":["Wild Strike","Accuracy","Heavy Blade"],"picked":"Singing Bowl","floor":13.0},{"not_picked":["Headbutt","True Grit+1","Deflect+1"],"picked":"Singing Bowl","floor":14.0},{"not_picked":["Fiend Fire","Demon Form","Night Terror+1"],"picked":"Singing Bowl","floor":16.0},{"not_picked":["Anger","Flying Knee","Outmaneuver+1"],"picked":"Singing Bowl","floor":18.0},{"not_picked":["Body Slam","Evolve+1","Dodge and Roll+1"],"picked":"Singing Bowl","floor":20.0},{"not_picked":["Underhanded Strike","Metallicize"],"picked":"Intimidate+1","floor":24},{"not_picked":["Reaper","Fire Breathing","Burning Pact+1"],"picked":"Singing Bowl","floor":27},{"not_picked":["Cloak And Dagger+1","Caltrops","Bouncing Flask+1"],"picked":"Singing Bowl","floor":28},{"not_picked":["Heel Hook+1","Battle Trance+1","Burning Pact+1"],"picked":"Venomology+1","floor":30},{"not_picked":["Bullet Time+1","Fiend Fire","Limit Break+1","Demon Form"],"picked":"Singing Bowl","floor":33},{"not_picked":["Power Through+1","Shockwave+1","Dropkick+1","Cloak And Dagger+1"],"picked":"Singing Bowl","floor":35},{"not_picked":["Quick Slash","Outmaneuver+1","Poisoned Stab","Twin Strike"],"picked":"Singing Bowl","floor":39},{"not_picked":["Footwork","Blade Dance+1","Tactician+1","Thunderclap"],"picked":"Singing Bowl","floor":40},{"not_picked":["Cleave","Seeing Red+1","Catalyst+1","Thunderclap+1"],"picked":"Singing Bowl","floor":41},{"not_picked":["Dodge and Roll+1","Combust+1","Acrobatics+1","True Grit+1"],"picked":"Singing Bowl","floor":42},{"not_picked":["Terror+1","Searing Blow","Expertise+1","Poisoned Stab+1"],"picked":"Singing Bowl","floor":47}],"player_experience":3309160,"relics_obtained":[{"floor":7.0,"key":"Toxic Egg 2"},{"floor":11.0,"key":"Singing Bowl"},{"floor":13.0,"key":"Blood Vial"},{"floor":24,"key":"Paper Crane"},{"floor":26,"key":"StrikeDummy"},{"floor":28,"key":"Question Card"},{"floor":30,"key":"Art of War"},{"floor":40,"key":"Oddly Smooth Stone"},{"floor":40,"key":"Mummified Hand"},{"floor":42,"key":"StoneCalendar"},{"floor":42,"key":"Whetstone"},{"floor":43,"key":"CeramicFish"},{"floor":47,"key":"Akabeko"},{"floor":47,"key":"Ice Cream"}],"event_choices":[{"damage_healed":0.0,"max_hp_gain":0.0,"max_hp_loss":0.0,"gold_gain":0.0,"event_name":"Liars Game","player_choice":"Ignored","floor":2.0,"gold_loss":0.0,"damage_taken":0.0},{"damage_healed":0.0,"max_hp_gain":0.0,"max_hp_loss":0.0,"gold_gain":0.0,"event_name":"NoteForYourself","player_choice":"Ignored","floor":4.0,"gold_loss":0.0,"damage_taken":0.0},{"damage_healed":0,"gold_gain":0,"player_choice":"Max HP","damage_taken":0,"max_hp_gain":0,"max_hp_loss":5,"event_name":"Winding Halls","floor":36,"gold_loss":0},{"damage_healed":0,"gold_gain":0,"player_choice":"Paid","damage_taken":0,"relics_obtained":["Red Mask"],"max_hp_gain":0,"max_hp_loss":0,"event_name":"Tomb of Lord Red Mask","floor":38,"gold_loss":188}],"is_beta":false,"boss_relics":[{"not_picked":["Ring of the Serpent","Calling Bell"],"picked":"SacredBark"},{"not_picked":["Velvet Choker","Empty Cage"],"picked":"Black Star"}],"items_purged_floors":[37,48],"is_endless":false,"potions_floor_spawned":[1,5,7,13,18,27,33,40,41,42],"ascension_level":0}}