{"host":"vhvm1b4sel61ztfv","time":1610934687,"event":{"mods":["BaseMod","BetterRewards","Displayed Cursed Tome","Gold Saver","Minty Spire (QoL Compilation)","StSLib"],"gold_per_floor":[5680,5133,5147,5167,5167,5198,5198,5198,5198,5232,5248,5261,5148,4917,4917,5015,5015,5032,5032,4808,4658,4670,4705,4705,4715,4715,4745,4484,4584,4594,4594,4594,4689,4689,4702,4662,4740,4543,4543,4543,4560,4463,4486,4499,4527,4527,4539,4550,4550,4550,4550,4550,3968,4001,4001],"floor_reached":56,"language":"ENG","playtime":3073,"items_purged":["Defend_R"],"score":1698,"play_id":"384a3df7-24db-40c7-a59e-0213c20e6a25","local_time":"20210117205127","is_ascension_mode":false,"campfire_choices":[{"data":"Rupture","floor":8,"key":"SMITH"},{"data":"Brutality","floor":15,"key":"SMITH"},{"data":"Brutality","floor":24,"key":"PURGE"},{"floor":32,"key":"RECALL"},{"data":"1","floor":40,"key":"LIFT"},{"data":"2","floor":46,"key":"LIFT"},{"data":"Dark Embrace","floor":49,"key":"SMITH"},{"data":"3","floor":52,"key":"LIFT"}],"circlet_count":0,"master_deck":["Strike_R","Strike_R","Strike_R","Strike_R+1","Defend_R","Defend_R+1","Bash","Rupture+1","Cleave","Havoc+1","Warcry+1","Dark Embrace+1","Fiend Fire+1","The Bomb+1","Spot Weakness+1","Regret","Heavy Blade","Combust","Offering+1","Brutality+1","Perfected Strike","Rupture+1","Mayhem+1","Infernal Blade+1","Immolate","Flame Barrier+1","True Grit+1","Feel No Pain+1","Mayhem+1","Rupture+1","Juggernaut+1","Thunderclap","Clothesline","Armaments+1","Flame Barrier+1","Rupture+1","The Bomb+1","Purity+1"],"relics":["Black Blood","Red Skull","Toxic Egg 2","Membership Card","Paper Frog","Pear","Ornamental Fan","Frozen Eye","Singing Bowl","WingedGreaves","Matryoshka","Oddly Smooth Stone","War Paint","PreservedInsect","Mercury Hourglass","Mummified Hand","Bronze Scales","Champion Belt","Lee\u0027s Waffle","Mango","Regal Pillow","White Beast Statue","Happy Flower","Strawberry","Whetstone","Vajra","Orrery","MealTicket","DollysMirror","Runic Pyramid","MutagenicStrength","HandDrill","Peace Pipe","Tiny Chest","Centennial Puzzle","Frozen Egg 2","Bag of Preparation","Charon\u0027s Ashes","Gremlin Horn","Ancient Tea Set","Omamori","Chemical X","Girya","StrikeDummy","Bag of Marbles","ClockworkSouvenir","Toy Ornithopter","Orichalcum","Letter Opener","Sundial","Self Forming Clay"],"acts_visited":["Exordium","TheCity","TheBeyond","TheEnding"],"potions_floor_usage":[33,41,50,50,55,55],"damage_taken":[{"damage":4,"enemies":"2 Louse","floor":1,"turns":2},{"damage":2,"enemies":"Jaw Worm","floor":3,"turns":2},{"damage":0,"enemies":"Cultist","floor":4,"turns":3},{"damage":10,"enemies":"Gremlin Nob","floor":6,"turns":3},{"damage":6,"enemies":"3 Sentries","floor":10,"turns":3},{"damage":17,"enemies":"2 Fungi Beasts","floor":11,"turns":3},{"damage":11,"enemies":"Large Slime","floor":12,"turns":3},{"damage":22,"enemies":"Slime Boss","floor":16,"turns":5},{"damage":12,"enemies":"Spheric Guardian","floor":18,"turns":3},{"damage":17,"enemies":"Shell Parasite","floor":22,"turns":2},{"damage":31,"enemies":"Gremlin Leader","floor":23,"turns":2},{"damage":16,"enemies":"Cultist and Chosen","floor":25,"turns":3},{"damage":17,"enemies":"Book of Stabbing","floor":27,"turns":3},{"damage":0,"enemies":"Colosseum Slavers","floor":29,"turns":1},{"damage":1,"enemies":"Colosseum Nobs","floor":29,"turns":2},{"damage":0,"enemies":"Snake Plant","floor":30,"turns":1},{"damage":8,"enemies":"Automaton","floor":33,"turns":2},{"damage":11,"enemies":"3 Shapes","floor":35,"turns":2},{"damage":0,"enemies":"3 Darklings","floor":41,"turns":1},{"damage":9,"enemies":"Spire Growth","floor":44,"turns":2},{"damage":9,"enemies":"Giant Head","floor":45,"turns":3},{"damage":2,"enemies":"Maw","floor":47,"turns":3},{"damage":4,"enemies":"3 Darklings","floor":48,"turns":3},{"damage":17,"enemies":"Time Eater","floor":50,"turns":3},{"damage":26,"enemies":"Shield and Spear","floor":54,"turns":3},{"damage":55,"enemies":"The Heart","floor":55,"turns":5}],"seed_played":"5463529652248583523","potions_obtained":[{"floor":1,"key":"ColorlessPotion"},{"floor":4,"key":"EssenceOfSteel"},{"floor":6,"key":"EntropicBrew"},{"floor":12,"key":"DistilledChaos"},{"floor":33,"key":"SteroidPotion"},{"floor":41,"key":"Fruit Juice"},{"floor":48,"key":"PowerPotion"}],"is_trial":false,"path_per_floor":["M","$","M","M","?","E","?","R","T","E","M","M","$","$","R","B",null,"M","?","$","$","M","E","R","M","T","E","$","?","M","?","R","B",null,"M","?","T","$","?","R","M","$","T","M","E","R","M","M","R","B",null,"R","$","E","B",null],"character_chosen":"IRONCLAD","items_purchased":["Red Skull","Toxic Egg 2","Membership Card","Paper Frog","Pear","Ornamental Fan","Frozen Eye","Singing Bowl","WingedGreaves","FairyPotion","Matryoshka","Oddly Smooth Stone","War Paint","PreservedInsect","Rupture","Mercury Hourglass","Mummified Hand","Bronze Scales","Champion Belt","Lee\u0027s Waffle","Mango","Regal Pillow","Havoc+1","Warcry+1","Dark Embrace","Fiend Fire","The Bomb+1","Combust","Orrery","MealTicket","DollysMirror","Mayhem","HandDrill","Peace Pipe","Tiny Chest","Centennial Puzzle","Ancient Tea Set","Omamori","Chemical X","Feel No Pain+1","Mayhem+1","Bag of Marbles","ClockworkSouvenir","PowerPotion","PowerPotion","Letter Opener","Sundial","LiquidBronze","Thunderclap","Clothesline","Armaments+1","Flame Barrier+1","Rupture+1","The Bomb+1","Purity+1"],"campfire_rested":0,"item_purchase_floors":[0,0,0,0,0,0,0,0,0,0,0,0,0,0,0,0,0,0,0,2,2,2,2,2,2,2,2,13,13,14,14,14,20,20,21,21,28,28,28,38,38,38,42,42,53,53,53,53,53,53,53,53,53,53,53],"current_hp_per_floor":[52,111,113,113,113,111,111,111,118,118,109,106,110,110,110,94,130,124,124,130,130,119,96,96,86,86,75,90,103,111,111,111,111,138,140,140,140,140,140,140,147,147,147,147,147,147,149,151,151,146,151,151,151,139,106],"gold":4001,"neow_bonus":"","is_daily":false,"chose_seed":false,"campfire_upgraded":3,"win_rate":0.0,"timestamp":1610934687,"path_taken":["M","$","M","M","?","E","?","R","T","E","?","M","$","$","R","BOSS","M","?","$","$","M","E","R","M","T","E","$","?","M","?","R","BOSS","M","?","?","$","?","R","M","$","T","M","E","R","M","M","R","BOSS","R","$","E","BOSS"],"items_purchased_type":["Relic","Relic","Relic","Relic","Relic","Relic","Relic","Relic","Relic","Potion","Relic","Relic","Relic","Relic","Card","Relic","Relic","Relic","Relic","Relic","Relic","Relic","Card","Card","Card","Card","Card","Card","Relic","Relic","Relic","Card","Relic","Relic","Relic","Relic","Relic","Relic","Relic","Card","Card","Relic","Relic","Potion","Potion","Relic","Relic","Potion","Card","Card","Card","Card","Card","Card","Card"],"build_version":"2020-12-22","purchased_purges":1,"victory":true,"max_hp_per_floor":[90,111,113,113,113,115,115,115,122,122,124,126,130,130,130,130,130,130,130,130,130,130,132,132,132,132,132,132,134,136,136,136,138,138,140,140,140,140,140,140,147,147,147,147,147,147,149,151,151,151,151,151,151,153,153],"card_choices":[{"not_picked":["Pommel Strike","Shrug It Off+1"],"picked":"Cleave","floor":1},{"not_picked":["Cleave","True Grit+1","Armaments+1"],"picked":"Singing Bowl","floor":3},{"not_picked":["Twin Strike","Sword Boomerang"],"picked":"Spot Weakness+1","floor":4},{"not_picked":["Double Tap+1","Dropkick","Pommel Strike"],"picked":"Singing Bowl","floor":6},{"not_picked":["Pommel Strike","Dual Wield+1"],"picked":"Heavy Blade","floor":10},{"not_picked":["True Grit+1","Heavy Blade","Armaments+1"],"picked":"Singing Bowl","floor":11},{"not_picked":["Disarm+1","Headbutt","Battle Trance+1"],"picked":"Singing Bowl","floor":12},{"not_picked":["Metallicize","Rampage"],"picked":"Offering+1","floor":13},{"not_picked":["Rupture","Flex+1"],"picked":"Brutality","floor":13},{"not_picked":["Wild Strike","Shockwave+1","Shrug It Off+1"],"picked":"Singing Bowl","floor":13},{"not_picked":["Shrug It Off+1","Pommel Strike","Entrench+1"],"picked":"Singing Bowl","floor":13},{"not_picked":["Inflame","Impervious+1"],"picked":"Perfected Strike","floor":13},{"not_picked":["Berserk","Bludgeon"],"picked":"Brutality","floor":16},{"not_picked":["Cleave","Body Slam"],"picked":"Infernal Blade+1","floor":18},{"not_picked":["Perfected Strike+1","Iron Wave+1"],"picked":"Immolate","floor":22},{"not_picked":["Anger","Shrug It Off+1","Dropkick"],"picked":"Singing Bowl","floor":23},{"not_picked":["Infernal Blade+1","Ghostly Armor+1"],"picked":"Flame Barrier+1","floor":25},{"not_picked":["Exhume+1","Heavy Blade"],"picked":"True Grit+1","floor":27},{"not_picked":["Fire Breathing+1","Perfected Strike","Wild Strike"],"picked":"Singing Bowl","floor":29},{"not_picked":["Perfected Strike","Infernal Blade+1","Thunderclap"],"picked":"Singing Bowl","floor":30},{"not_picked":["Fiend Fire","Berserk+1","Reaper"],"picked":"Singing Bowl","floor":33},{"not_picked":["Metallicize+1","Pommel Strike+1","Havoc+1"],"picked":"Singing Bowl","floor":35},{"not_picked":["Disarm+1","Iron Wave","Evolve+1"],"picked":"Singing Bowl","floor":41},{"not_picked":["Sword Boomerang","Pommel Strike+1"],"picked":"Rupture+1","floor":44},{"not_picked":["Thunderclap+1","Body Slam"],"picked":"Juggernaut+1","floor":45},{"not_picked":["Havoc+1","Clash","Infernal Blade+1"],"picked":"Singing Bowl","floor":47},{"not_picked":["Spot Weakness+1","Havoc+1","Body Slam"],"picked":"Singing Bowl","floor":48},{"not_picked":["Bludgeon","Thunderclap","Armaments+1"],"picked":"Singing Bowl","floor":54}],"player_experience":147682,"relics_obtained":[{"floor":6,"key":"Happy Flower"},{"floor":9,"key":"Strawberry"},{"floor":9,"key":"Whetstone"},{"floor":10,"key":"Vajra"},{"floor":23,"key":"Frozen Egg 2"},{"floor":26,"key":"Bag of Preparation"},{"floor":26,"key":"Charon\u0027s Ashes"},{"floor":27,"key":"Gremlin Horn"},{"floor":29,"key":"Girya"},{"floor":29,"key":"StrikeDummy"},{"floor":43,"key":"Toy Ornithopter"},{"floor":45,"key":"Orichalcum"},{"floor":54,"key":"Self Forming Clay"}],"event_choices":[{"damage_healed":0,"gold_gain":0,"player_choice":"Box","damage_taken":0,"relics_obtained":["White Beast Statue"],"max_hp_gain":0,"max_hp_loss":0,"event_name":"Big Fish","floor":5,"gold_loss":0,"cards_obtained":["Regret"]},{"damage_healed":0,"gold_gain":0,"player_choice":"Bought 0 Potions","damage_taken":0,"max_hp_gain":0,"max_hp_loss":0,"event_name":"The Woman in Blue","floor":7,"gold_loss":0},{"damage_healed":0,"gold_gain":0,"player_choice":"Inject Mutagens","damage_taken":0,"relics_obtained":["MutagenicStrength"],"max_hp_gain":0,"max_hp_loss":0,"event_name":"Drug Dealer","floor":19,"gold_loss":0},{"damage_healed":0,"gold_gain":0,"player_choice":"Fight","damage_taken":0,"max_hp_gain":0,"max_hp_loss":0,"event_name":"Colosseum","floor":29,"gold_loss":0},{"damage_healed":0,"gold_gain":0,"player_choice":"Fought Nobs","damage_taken":0,"max_hp_gain":0,"max_hp_loss":0,"event_name":"Colosseum","floor":29,"gold_loss":0},{"cards_removed":["Strike_R"],"damage_healed":0,"gold_gain":0,"player_choice":"Card Removal","damage_taken":0,"max_hp_gain":0,"max_hp_loss":0,"event_name":"Wheel of Change","floor":31,"gold_loss":0},{"damage_healed":0,"gold_gain":0,"player_choice":"Upgrade","damage_taken":0,"max_hp_gain":0,"max_hp_loss":0,"event_name":"Designer","floor":36,"gold_loss":40,"cards_upgraded":["Mayhem"]},{"cards_removed":["Defend_R"],"damage_healed":0,"gold_gain":0,"player_choice":"Removed Skill","damage_taken":0,"max_hp_gain":0,"max_hp_loss":0,"event_name":"Falling","floor":39,"gold_loss":0}],"is_beta":false,"boss_relics":[{"not_picked":["Pandora\u0027s Box","Velvet Choker"],"picked":"Runic Pyramid"},{"not_picked":["SacredBark","Cursed Key"],"picked":"Black Blood"}],"items_purged_floors":[28],"is_endless":false,"potions_floor_spawned":[1,4,6,10,11,12,16,18,22,23,25,27,29,29,30,33,35,41,44,45,47,48,54],"ascension_level":0}}