{"host":"rvofswtrkybk7ok8","time":1610977932,"event":{"mods":["ATMod(°¢èªMod)","BaseMod","Card Filter","Colored Map","Minty Spire (QoL Compilation)","Quick Restart","StSLib"],"gold_per_floor":[110,35,35,35,35,35,70,70,97,109,154,166,214,240,252,358,370,406,441,467,499,530,542,577,628,640,652,678,726,738,773,785,887,899,926,938,966,1311,1340,1385,1397,1436,1448,1476,1488,1518,1555,486,486,486,486,486,486,31,60,60],"floor_reached":57,"language":"ZHS","playtime":2830,"items_purged":["Strike_R"],"score":3115,"play_id":"2aa3b5ae-a9bf-4ef7-a2b2-0cdcd5c82001","local_time":"20210118215212","is_ascension_mode":true,"campfire_choices":[{"data":"Cleave","floor":6.0,"key":"SMITH"},{"floor":8.0,"key":"DIG"},{"floor":10.0,"key":"DIG"},{"floor":15.0,"key":"DIG"},{"data":"AT_ShrugMaster","floor":23.0,"key":"SMITH"},{"floor":27.0,"key":"DIG"},{"data":"Armaments","floor":30.0,"key":"SMITH"},{"floor":32.0,"key":"RECALL"},{"floor":41.0,"key":"DIG"},{"data":"AT_ShrugMaster","floor":45,"key":"SMITH"},{"floor":49,"key":"DIG"},{"floor":53,"key":"DIG"}],"circlet_count":0,"master_deck":["AscendersBane","Strike_R","Defend_R+1","Defend_R","Defend_R+1","Bash","AT_Desolate+1","Cleave+1","Rampage","Warcry","Inflame","AT_ShrugMaster+1","Double Tap","Disarm","Flex","Barricade","Armaments+1","AT_DiedThrough","Feed","AT_ShrugMaster+1","Madness","Madness","AT_BodySlamDance","Limit Break","Apotheosis","Flex","Impervious"],"relics":["Burning Blood","AT_ATBox","NeowsBlessing","Shovel","Potion Belt","MawBank","AT_BellDemon","Matryoshka","Anchor","AT_BellowingDragoncrestRing","Empty Cage","Blood Vial","Centennial Puzzle","Ice Cream","War Paint","Letter Opener","Mark of Pain","Dead Branch","Turnip","AT_LudenTempest","AT_ChloranthyRing","CaptainsWheel","Paper Frog","Question Card","Sling","Blue Candle","AT_ArchangelStaff","Mummified Hand","AT_SunfireAegis"],"acts_visited":["Exordium","TheCity","TheBeyond","TheEnding"],"potions_floor_usage":[48,56,56],"damage_taken":[{"damage":0.0,"enemies":"Jaw Worm","floor":1.0,"turns":1.0},{"damage":0.0,"enemies":"Gremlin Nob","floor":7.0,"turns":1.0},{"damage":0.0,"enemies":"3 Sentries","floor":11.0,"turns":2.0},{"damage":10.0,"enemies":"Lagavulin","floor":13.0,"turns":4.0},{"damage":0.0,"enemies":"2 Louse","floor":14.0,"turns":2.0},{"damage":37.0,"enemies":"Hexaghost","floor":16.0,"turns":6.0},{"damage":0.0,"enemies":"Chosen","floor":18.0,"turns":3.0},{"damage":0.0,"enemies":"Spheric Guardian","floor":19.0,"turns":3.0},{"damage":20.0,"enemies":"Snake Plant","floor":20.0,"turns":4.0},{"damage":0.0,"enemies":"Snecko","floor":21.0,"turns":4.0},{"damage":25.0,"enemies":"Cultist and Chosen","floor":22.0,"turns":6.0},{"damage":18.0,"enemies":"Shelled Parasite and Fungi","floor":24.0,"turns":7.0},{"damage":9.0,"enemies":"Book of Stabbing","floor":25.0,"turns":5.0},{"damage":5.0,"enemies":"Centurion and Healer","floor":28.0,"turns":5.0},{"damage":22.0,"enemies":"Slavers","floor":29.0,"turns":6.0},{"damage":1.0,"enemies":"Sentry and Sphere","floor":31.0,"turns":4.0},{"damage":0.0,"enemies":"Automaton","floor":33.0,"turns":6.0},{"damage":0.0,"enemies":"Orb Walker","floor":35.0,"turns":4.0},{"damage":13.0,"enemies":"3 Darklings","floor":37.0,"turns":4.0},{"damage":9.0,"enemies":"Transient","floor":39.0,"turns":6.0},{"damage":0.0,"enemies":"Giant Head","floor":40.0,"turns":5.0},{"damage":23.0,"enemies":"Reptomancer","floor":42.0,"turns":4.0},{"damage":21.0,"enemies":"Spire Growth","floor":44.0,"turns":4.0},{"damage":11,"enemies":"Writhing Mass","floor":46,"turns":3},{"damage":0,"enemies":"Mind Bloom Boss Battle","floor":47,"turns":6},{"damage":6,"enemies":"Awakened One","floor":50,"turns":4},{"damage":14,"enemies":"Time Eater","floor":51,"turns":6},{"damage":11,"enemies":"Shield and Spear","floor":55,"turns":4},{"damage":13,"enemies":"The Heart","floor":56,"turns":5}],"seed_played":"3392016186263961347","potions_obtained":[{"floor":7.0,"key":"Energy Potion"},{"floor":13.0,"key":"Strength Potion"},{"floor":16.0,"key":"Regen Potion"},{"floor":21.0,"key":"Strength Potion"},{"floor":22.0,"key":"Fruit Juice"},{"floor":24.0,"key":"ElixirPotion"},{"floor":25.0,"key":"SteroidPotion"},{"floor":44.0,"key":"Strength Potion"},{"floor":46,"key":"GamblersBrew"}],"is_trial":false,"path_per_floor":["M","?","?","?","?","R","E","R","T","R","E","?","E","M","R","B",null,"M","M","M","M","M","R","M","E","T","R","M","E","R","M","R","B",null,"M","?","M","?","M","E","R","E","T","M","R","M","?","$","R","B","B",null,"R","$","E","B",null],"character_chosen":"IRONCLAD","items_purchased":["Paper Frog","Question Card","Sling","Apotheosis","Fruit Juice","AT_ArchangelStaff","Mummified Hand","Flex"],"campfire_rested":0,"item_purchase_floors":[48,48,48,48,48,54,54,54],"current_hp_per_floor":[74,74,68,68,61,61,67,67,67,67,68,64,60,66,66,35,60,66,68,54,60,46,46,55,52,52,52,55,41,41,48,48,56,69,73,60,59,59,58,70,70,59,59,46,46,43,55,60,60,66,60,89,89,89,90,85],"gold":60,"neow_bonus":"THREE_ENEMY_KILL","is_daily":false,"chose_seed":false,"campfire_upgraded":4,"win_rate":0.0,"timestamp":1610977932,"path_taken":["M","?","?","?","?","R","E","R","T","R","E","?","E","M","R","BOSS","M","M","?","M","M","R","M","E","T","R","M","E","R","M","R","BOSS","M","?","M","?","M","E","R","E","T","M","R","M","?","$","R","BOSS","BOSS","R","$","E","BOSS"],"items_purchased_type":["Relic","Relic","Relic","Card","Potion","Relic","Relic","Card"],"build_version":"2020-12-22","purchased_purges":1,"victory":true,"max_hp_per_floor":[75,75,68,68,68,68,68,68,68,68,68,68,68,68,68,68,68,68,68,68,68,73,73,73,73,73,73,73,73,73,73,73,73,73,73,73,77,77,77,81,81,85,85,85,85,85,89,94,94,98,98,98,98,98,98,98],"card_choices":[{"not_picked":["True Grit","Ghostly Armor"],"picked":"Cleave","floor":1.0},{"not_picked":["Second Wind","Thunderclap"],"picked":"Rampage","floor":7.0},{"not_picked":["Clothesline","Bludgeon"],"picked":"Warcry","floor":11.0},{"not_picked":["Clothesline","Iron Wave"],"picked":"Inflame","floor":13.0},{"not_picked":["Wild Strike","Flex"],"picked":"AT_ShrugMaster","floor":14.0},{"not_picked":["Fiend Fire","Brutality"],"picked":"Double Tap","floor":16.0},{"not_picked":["Sword Boomerang","Searing Blow","Clash+1"],"picked":"SKIP","floor":18.0},{"not_picked":["Sever Soul","Clothesline"],"picked":"Disarm","floor":19.0},{"not_picked":["Warcry","Cleave","Flame Barrier"],"picked":"SKIP","floor":20.0},{"not_picked":["Armaments","Clothesline","Power Through"],"picked":"SKIP","floor":21.0},{"not_picked":["Havoc","Infernal Blade"],"picked":"Flex","floor":22.0},{"not_picked":["Flex","Wild Strike","Second Wind"],"picked":"SKIP","floor":24.0},{"not_picked":["Flex","Heavy Blade","Pummel"],"picked":"SKIP","floor":25.0},{"not_picked":["Rage","Flex"],"picked":"Barricade","floor":28.0},{"not_picked":["Searing Blow","Clothesline+1"],"picked":"Armaments","floor":29.0},{"not_picked":["Pummel","Heavy Blade"],"picked":"AT_DiedThrough","floor":31.0},{"not_picked":["Brutality","Bludgeon"],"picked":"Feed","floor":33.0},{"not_picked":["Bloodletting","Whirlwind"],"picked":"AT_ShrugMaster","floor":35.0},{"not_picked":["Cleave+1","Wild Strike","Sentinel"],"picked":"SKIP","floor":37.0},{"not_picked":["Sword Boomerang","Reckless Charge"],"picked":"AT_BodySlamDance","floor":39.0},{"not_picked":["Power Through","Iron Wave+1"],"picked":"Limit Break","floor":40.0},{"not_picked":["Clash","Dual Wield","Shrug It Off"],"picked":"SKIP","floor":42.0},{"not_picked":["Shrug It Off","Body Slam+1","Thunderclap+1"],"picked":"SKIP","floor":44.0},{"not_picked":["Burning Pact","Infernal Blade","Twin Strike"],"picked":"SKIP","floor":46},{"not_picked":["Thunderclap","AT_BodySlamDance+1","Iron Wave"],"picked":"Impervious","floor":55}],"player_experience":607396,"relics_obtained":[{"floor":7.0,"key":"Shovel"},{"floor":8.0,"key":"Potion Belt"},{"floor":9.0,"key":"MawBank"},{"floor":10.0,"key":"AT_BellDemon"},{"floor":11.0,"key":"Matryoshka"},{"floor":13.0,"key":"Anchor"},{"floor":15.0,"key":"AT_BellowingDragoncrestRing"},{"floor":25.0,"key":"Blood Vial"},{"floor":26.0,"key":"Centennial Puzzle"},{"floor":26.0,"key":"Ice Cream"},{"floor":27.0,"key":"War Paint"},{"floor":29.0,"key":"Letter Opener"},{"floor":40.0,"key":"Dead Branch"},{"floor":41.0,"key":"Turnip"},{"floor":42.0,"key":"AT_LudenTempest"},{"floor":43.0,"key":"AT_ChloranthyRing"},{"floor":47,"key":"CaptainsWheel"},{"floor":53,"key":"Blue Candle"},{"floor":55,"key":"AT_SunfireAegis"}],"event_choices":[{"cards_removed":["Strike_R"],"damage_healed":0.0,"max_hp_gain":0.0,"max_hp_loss":0.0,"gold_gain":0.0,"event_name":"The Cleric","player_choice":"Card Removal","floor":2.0,"gold_loss":75.0,"damage_taken":0.0},{"damage_healed":0.0,"max_hp_gain":0.0,"max_hp_loss":7.0,"gold_gain":0.0,"event_name":"Golden Idol","player_choice":"Lose Max HP","floor":3.0,"gold_loss":0.0,"damage_taken":0.0,"relics_obtained":["Golden Idol"]},{"damage_healed":0.0,"max_hp_gain":0.0,"max_hp_loss":0.0,"gold_gain":0.0,"event_name":"Living Wall","player_choice":"Grow","floor":4.0,"gold_loss":0.0,"damage_taken":0.0,"cards_upgraded":["AT_Desolate"]},{"cards_removed":["Strike_R"],"damage_healed":0.0,"max_hp_gain":0.0,"max_hp_loss":0.0,"gold_gain":0.0,"event_name":"Golden Wing","player_choice":"Card Removal","floor":5.0,"gold_loss":0.0,"damage_taken":7.0},{"damage_healed":0.0,"max_hp_gain":0.0,"max_hp_loss":0.0,"gold_gain":0.0,"event_name":"The Woman in Blue","player_choice":"Bought 0 Potions","floor":12.0,"gold_loss":0.0,"damage_taken":0.0},{"damage_healed":0.0,"max_hp_gain":0.0,"max_hp_loss":0.0,"gold_gain":0.0,"event_name":"Winding Halls","player_choice":"Embrace Madness","floor":36.0,"gold_loss":0.0,"damage_taken":13.0,"cards_obtained":["Madness","Madness"]},{"damage_healed":0.0,"max_hp_gain":0.0,"max_hp_loss":0.0,"gold_gain":333.0,"event_name":"The Moai Head","player_choice":"Gave Idol","floor":38.0,"relics_lost":["Golden Idol"],"gold_loss":0.0,"damage_taken":0.0},{"damage_healed":0,"gold_gain":0,"player_choice":"Fight","damage_taken":0,"max_hp_gain":0,"max_hp_loss":0,"event_name":"MindBloom","floor":47,"gold_loss":0}],"is_beta":false,"boss_relics":[{"not_picked":["Busted Crown","Runic Cube"],"picked":"Empty Cage"},{"not_picked":["Coffee Dripper","Pandora\u0027s Box"],"picked":"Mark of Pain"}],"items_purged_floors":[48],"is_endless":false,"potions_floor_spawned":[7,13,16,21,22,24,25,28,44,46,47],"ascension_level":20}}