{"host":"1z4hbl9vfqrhg136","time":1610929244,"event":{"mods":["BaseMod","Minty Spire (QoL Compilation)"],"gold_per_floor":[111,111,123,73,86,113,113,130,130,181,181,181,197,197,197,276,276,294,304,203,25,25,25],"floor_reached":22,"language":"ENG","playtime":1248,"items_purged":["Strike_R","Strike_R"],"score":388,"play_id":"6db6c408-5497-43c7-b9cc-4d6fc290c215","local_time":"20210118002044","is_ascension_mode":true,"campfire_choices":[{"data":"Wild Strike","floor":7,"key":"SMITH"},{"floor":12,"key":"REST"},{"data":"Disarm","floor":15,"key":"SMITH"}],"circlet_count":0,"master_deck":["AscendersBane","Strike_R+1","Strike_R","Strike_R","Defend_R","Defend_R","Defend_R+1","Defend_R","Bash","Wild Strike+1","Disarm+1","Ghostly Armor","Seeing Red","True Grit","Cleave","Immolate","Spot Weakness","Shrug It Off","Evolve","Clothesline"],"relics":["Burning Blood","Smiling Mask","Regal Pillow","HornCleat","Bird Faced Urn","Sozu","Ancient Tea Set"],"acts_visited":["Exordium","TheCity"],"potions_floor_usage":[6,10,16,16],"damage_taken":[{"damage":6,"enemies":"Jaw Worm","floor":1,"turns":5},{"damage":5,"enemies":"2 Louse","floor":3,"turns":3},{"damage":1,"enemies":"Cultist","floor":5,"turns":3},{"damage":22,"enemies":"3 Sentries","floor":6,"turns":5},{"damage":8,"enemies":"2 Fungi Beasts","floor":8,"turns":4},{"damage":21,"enemies":"Gremlin Nob","floor":10,"turns":4},{"damage":6,"enemies":"Looter","floor":13,"turns":3},{"damage":39,"enemies":"The Guardian","floor":16,"turns":20},{"damage":14,"enemies":"Chosen","floor":18,"turns":7},{"damage":47,"enemies":"Shell Parasite","floor":19,"turns":8},{"damage":24,"enemies":"Sentry and Sphere","floor":22,"turns":4}],"seed_played":"7421170651021422391","potions_obtained":[{"floor":1,"key":"PowerPotion"},{"floor":8,"key":"ColorlessPotion"},{"floor":11,"key":"SteroidPotion"},{"floor":11,"key":"Fire Potion"}],"is_trial":false,"path_per_floor":["M","?","M","$","M","E","R","M","T","E","?","R","M","?","R","B",null,"M","M","?","$","M"],"character_chosen":"IRONCLAD","items_purchased":["Evolve","Clothesline"],"campfire_rested":1,"item_purchase_floors":[21,21],"current_hp_per_floor":[68,45,46,46,51,35,35,33,33,18,18,55,55,60,60,27,67,59,18,18,18,0,0],"gold":25,"neow_bonus":"RANDOM_COMMON_RELIC","is_daily":false,"chose_seed":false,"campfire_upgraded":2,"win_rate":0.0,"timestamp":1610929244,"path_taken":["M","?","M","$","M","E","R","M","T","E","?","R","?","?","R","BOSS","M","M","?","$","M"],"items_purchased_type":["Card","Card"],"build_version":"2020-12-22","purchased_purges":2,"victory":false,"max_hp_per_floor":[75,75,75,75,75,75,75,75,75,75,75,75,75,80,80,80,80,80,80,80,80,80,80],"card_choices":[{"not_picked":["Body Slam","Pommel Strike"],"picked":"Wild Strike","floor":1},{"not_picked":["Flex","Twin Strike"],"picked":"Disarm","floor":3},{"not_picked":["Body Slam","Heavy Blade"],"picked":"Ghostly Armor","floor":5},{"not_picked":["Cleave","Sentinel"],"picked":"Seeing Red","floor":6},{"not_picked":["Searing Blow","Flex"],"picked":"True Grit","floor":8},{"not_picked":["Flex","Dual Wield"],"picked":"Cleave","floor":10},{"not_picked":["Clash","Perfected Strike","Entrench"],"picked":"SKIP","floor":13},{"not_picked":["Fiend Fire","Berserk"],"picked":"Immolate","floor":16},{"not_picked":["Wild Strike","Warcry"],"picked":"Spot Weakness","floor":18},{"not_picked":["Headbutt","Warcry"],"picked":"Shrug It Off","floor":19}],"player_experience":1895091,"relics_obtained":[{"floor":6,"key":"Regal Pillow"},{"floor":9,"key":"HornCleat"},{"floor":10,"key":"Bird Faced Urn"}],"event_choices":[{"damage_healed":0,"gold_gain":0,"player_choice":"Entered Light","damage_taken":23,"max_hp_gain":0,"max_hp_loss":0,"event_name":"Shining Light","floor":2,"gold_loss":0,"cards_upgraded":["Defend_R","Strike_R"]},{"damage_healed":0,"gold_gain":0,"player_choice":"Got Potions","damage_taken":0,"max_hp_gain":0,"max_hp_loss":0,"event_name":"Lab","floor":11,"gold_loss":0},{"damage_healed":0,"gold_gain":0,"player_choice":"Donut","damage_taken":0,"max_hp_gain":5,"max_hp_loss":0,"event_name":"Big Fish","floor":14,"gold_loss":0},{"damage_healed":0,"gold_gain":0,"player_choice":"Paid Gold","damage_taken":0,"relics_obtained":["Ancient Tea Set"],"max_hp_gain":0,"max_hp_loss":0,"event_name":"WeMeetAgain","floor":20,"gold_loss":101}],"is_beta":false,"boss_relics":[{"not_picked":["Busted Crown","Coffee Dripper"],"picked":"Sozu"}],"items_purged_floors":[4,21],"is_endless":false,"potions_floor_spawned":[1,8,13,18],"killed_by":"Sentry and Sphere","ascension_level":20}}