{"host":"1a3cjta80tad0aqj","time":1610950978,"event":{"mods":["2.2 Compatiblity","AchievementEnabler","BaseMod","Colored Map","DeckTracker","KOR Keyword Fix","Keyboard Shortcuts","Minty Spire (QoL Compilation)","Permanent Neow","Quick Restart","Random Character Button","StSLib","SuperFastMode","everything is the same but u backflip on backflip"],"gold_per_floor":[118,128,25,25,38,38,65,65,111,111,121,153,169,169,169,259,259,283,283,299,6,6,6,6],"floor_reached":23,"language":"KOR","playtime":703,"items_purged":[],"score":348,"play_id":"c3ac60e4-8f73-4c75-a7a3-f1f44cc1fc04","local_time":"20210118152258","is_ascension_mode":true,"campfire_choices":[{"data":"Eruption","floor":6,"key":"SMITH"},{"data":"BowlingBash","floor":8,"key":"SMITH"},{"data":"Blasphemy","floor":15,"key":"SMITH"}],"circlet_count":0,"master_deck":["AscendersBane","Strike_P","Strike_P","Strike_P","Defend_P","Defend_P","Eruption+1","Vigilance","BowlingBash+1","EmptyFist","FollowUp","MentalFortress","Blasphemy+1","FearNoEvil","DeusExMachina","FlurryOfBlows","Worship","WheelKick"],"relics":["PureWater","Orichalcum","Bag of Preparation","Omamori","Oddly Smooth Stone","Tiny Chest","Golden Idol","Cursed Key","White Beast Statue","Pen Nib"],"acts_visited":["Exordium","TheCity"],"potions_floor_usage":[7,12,16,23],"damage_taken":[{"damage":6,"enemies":"2 Louse","floor":1,"turns":3},{"damage":0,"enemies":"Cultist","floor":2,"turns":4},{"damage":1,"enemies":"Jaw Worm","floor":5,"turns":4},{"damage":2,"enemies":"Gremlin Nob","floor":7,"turns":3},{"damage":1,"enemies":"Blue Slaver","floor":11,"turns":3},{"damage":27,"enemies":"Lagavulin","floor":12,"turns":7},{"damage":0,"enemies":"Exordium Wildlife","floor":13,"turns":2},{"damage":20,"enemies":"Slime Boss","floor":16,"turns":9},{"damage":20,"enemies":"2 Thieves","floor":18,"turns":4},{"damage":4,"enemies":"Chosen","floor":20,"turns":2},{"damage":28,"enemies":"Slavers","floor":23,"turns":2}],"seed_played":"-3865062845354967364","potions_obtained":[{"floor":7,"key":"BlessingOfTheForge"},{"floor":11,"key":"AttackPotion"},{"floor":13,"key":"Strength Potion"}],"is_trial":false,"path_per_floor":["M","M","$","?","M","R","E","R","T","?","M","E","M","?","R","B",null,"M","?","M","$","?","E"],"character_chosen":"WATCHER","items_purchased":["FearPotion","Block Potion","White Beast Statue","Explosive Potion"],"campfire_rested":0,"item_purchase_floors":[3,3,21,21],"current_hp_per_floor":[55,55,55,55,54,54,52,52,52,52,51,24,24,24,24,4,52,32,32,28,28,28,0,0],"gold":6,"neow_bonus":"RANDOM_COMMON_RELIC","is_daily":false,"chose_seed":false,"campfire_upgraded":3,"win_rate":0.0,"timestamp":1610950978,"path_taken":["M","M","$","?","?","R","E","R","T","?","M","E","M","?","R","BOSS","M","?","M","$","?","E"],"items_purchased_type":["Potion","Potion","Relic","Potion"],"build_version":"2020-12-22","purchased_purges":0,"victory":false,"max_hp_per_floor":[68,68,68,68,68,68,68,68,68,68,68,68,68,68,68,68,68,68,68,68,68,68,68,68],"card_choices":[{"not_picked":["WindmillStrike","CrushJoints"],"picked":"BowlingBash","floor":1},{"not_picked":["CutThroughFate","ThirdEye"],"picked":"EmptyFist","floor":2},{"not_picked":["Crescendo","DeceiveReality"],"picked":"FollowUp","floor":5},{"not_picked":["FlyingSleeves","ThirdEye"],"picked":"MentalFortress","floor":7},{"not_picked":["CutThroughFate","EmptyFist"],"picked":"Blasphemy","floor":11},{"not_picked":["WheelKick","FollowUp","Nirvana"],"picked":"SKIP","floor":12},{"not_picked":["Conclude","DeceiveReality"],"picked":"FearNoEvil","floor":13},{"not_picked":["Devotion","ConjureBlade"],"picked":"DeusExMachina","floor":16},{"not_picked":["Weave+1","DeceiveReality"],"picked":"FlurryOfBlows","floor":18},{"not_picked":["BattleHymn","BowlingBash","Crescendo"],"picked":"SKIP","floor":20}],"player_experience":734076,"relics_obtained":[{"floor":7,"key":"Bag of Preparation"},{"floor":9,"key":"Omamori"},{"floor":12,"key":"Tiny Chest"}],"event_choices":[{"cards_removed":["Defend_P"],"damage_healed":0,"gold_gain":0,"player_choice":"Purged","damage_taken":0,"max_hp_gain":0,"max_hp_loss":0,"event_name":"Purifier","floor":4,"gold_loss":0},{"damage_healed":0,"gold_gain":0,"player_choice":"Box","damage_taken":0,"relics_obtained":["Oddly Smooth Stone"],"max_hp_gain":0,"max_hp_loss":0,"event_name":"Big Fish","floor":10,"gold_loss":0,"cards_obtained":["Regret"]},{"damage_healed":0,"gold_gain":0,"player_choice":"Take Wound","damage_taken":0,"relics_obtained":["Golden Idol"],"max_hp_gain":0,"max_hp_loss":0,"event_name":"Golden Idol","floor":14,"gold_loss":0,"cards_obtained":["Injury"]},{"damage_healed":0,"gold_gain":0,"cards_transformed":["Defend_P","Strike_P"],"player_choice":"Became Test Subject","damage_taken":0,"max_hp_gain":0,"max_hp_loss":0,"event_name":"Drug Dealer","floor":19,"gold_loss":0,"cards_obtained":["Worship","WheelKick"]},{"damage_healed":0,"gold_gain":0,"player_choice":"Gave Potion","damage_taken":0,"relics_obtained":["Pen Nib"],"max_hp_gain":0,"max_hp_loss":0,"event_name":"WeMeetAgain","floor":22,"gold_loss":0}],"is_beta":false,"boss_relics":[{"not_picked":["SlaversCollar","Ectoplasm"],"picked":"Cursed Key"}],"items_purged_floors":[],"is_endless":false,"potions_floor_spawned":[7,11,13],"killed_by":"Slavers","ascension_level":15}}