{"host":"7gewg82ormp6yt4e","time":1610981847,"event":{"mods":["BaseMod","Block Reminder","Colored Map","Colored Powertips","DeckTracker","Highlight Path","Minty Spire (QoL Compilation)","Relic Stats","StSLib","ojb\u0027s Info Mod"],"gold_per_floor":[113,127,139,139,157,157,189,189,235,258,283,295,307,339,351,439,451,477,489,501,471,160,160,192,210,210,210,210,32,32,48,48,126,126,140,140,65,82,102,102,127,127,153,153,184,184,184],"floor_reached":46,"language":"JPN","playtime":2424,"items_purged":["Writhe"],"score":986,"play_id":"a596518e-e3f1-4db4-a2b9-772d38483492","local_time":"20210118235727","is_ascension_mode":true,"campfire_choices":[{"data":"Rip and Tear","floor":6,"key":"SMITH"},{"data":"Doom and Gloom","floor":8,"key":"SMITH"},{"data":"Loop","floor":12,"key":"SMITH"},{"floor":15,"key":"REST"},{"floor":23,"key":"RECALL"},{"floor":27,"key":"REST"},{"floor":32,"key":"REST"},{"floor":40,"key":"REST"},{"floor":44,"key":"REST"}],"circlet_count":0,"master_deck":["AscendersBane","Strike_B","Strike_B","Strike_B","Defend_B","Defend_B+1","Defend_B","Defend_B+1","Zap","Dualcast","Rip and Tear+1","Ball Lightning","Conserve Battery","Rebound","Doom and Gloom+1","Coolheaded","Loop+1","Hologram","Biased Cognition","Capacitor","Consume+1","Capacitor","Ball Lightning","Coolheaded","Apotheosis","Hologram","Reboot","Coolheaded+1","Scrape","Loop","Glacier","All For One"],"relics":["FrozenCore","Lizard Tail","Question Card","MawBank","Fusion Hammer","Lee\u0027s Waffle","War Paint","Pear","Torii","Oddly Smooth Stone","Shuriken"],"acts_visited":["Exordium","TheCity","TheBeyond"],"potions_floor_usage":[5,7,16,24,25,33,45,45],"damage_taken":[{"damage":7,"enemies":"Small Slimes","floor":1,"turns":3},{"damage":2,"enemies":"Jaw Worm","floor":2,"turns":3},{"damage":1,"enemies":"Cultist","floor":3,"turns":3},{"damage":9,"enemies":"Blue Slaver","floor":5,"turns":3},{"damage":13,"enemies":"Lagavulin","floor":7,"turns":5},{"damage":15,"enemies":"Large Slime","floor":10,"turns":4},{"damage":8,"enemies":"Exordium Wildlife","floor":11,"turns":4},{"damage":2,"enemies":"2 Fungi Beasts","floor":14,"turns":2},{"damage":11,"enemies":"The Guardian","floor":16,"turns":7},{"damage":20,"enemies":"Chosen","floor":18,"turns":4},{"damage":23,"enemies":"2 Thieves","floor":21,"turns":5},{"damage":63,"enemies":"Slavers","floor":24,"turns":5},{"damage":28,"enemies":"Snecko","floor":25,"turns":5},{"damage":21,"enemies":"Sentry and Sphere","floor":31,"turns":4},{"damage":31,"enemies":"Collector","floor":33,"turns":15},{"damage":22,"enemies":"3 Darklings","floor":35,"turns":8},{"damage":13,"enemies":"3 Shapes","floor":38,"turns":8},{"damage":10,"enemies":"Maw","floor":39,"turns":10},{"damage":0,"enemies":"Mind Bloom Boss Battle","floor":41,"turns":5},{"damage":68,"enemies":"Reptomancer","floor":45,"turns":9},{"damage":1,"enemies":"Sphere and 2 Shapes","floor":46,"turns":2}],"seed_played":"1853936891077890362","potions_obtained":[{"floor":1,"key":"Regen Potion"},{"floor":2,"key":"LiquidMemories"},{"floor":10,"key":"AttackPotion"},{"floor":24,"key":"ColorlessPotion"},{"floor":25,"key":"PotionOfCapacity"},{"floor":33,"key":"PotionOfCapacity"},{"floor":35,"key":"PowerPotion"},{"floor":45,"key":"SpeedPotion"}],"is_trial":false,"path_per_floor":["M","M","M","?","M","R","E","R","T","M","M","R","$","M","R","B",null,"M","?","$","M","$","R","E","M","T","R","?","$","$","M","R","B",null,"M","?","$","M","M","R","?","?","T","R","E","M"],"character_chosen":"DEFECT","items_purchased":["Lee\u0027s Waffle","Capacitor","Ball Lightning","AttackPotion","Apotheosis"],"campfire_rested":5,"item_purchase_floors":[22,22,22,22,29],"current_hp_per_floor":[57,55,54,54,54,54,41,41,41,26,18,18,18,16,35,24,54,34,34,34,11,71,71,8,20,20,41,51,51,51,30,54,23,67,45,45,45,32,22,46,46,46,46,69,1,0,0],"gold":184,"neow_bonus":"ONE_RARE_RELIC","is_daily":false,"chose_seed":false,"campfire_upgraded":3,"win_rate":0.0,"timestamp":1610981847,"path_taken":["M","M","M","?","M","R","E","R","T","M","M","R","?","?","R","BOSS","M","?","$","M","$","R","E","M","T","R","?","?","$","M","R","BOSS","M","?","$","M","?","R","?","?","T","R","E","M"],"items_purchased_type":["Relic","Card","Card","Potion","Card"],"build_version":"2020-12-22","purchased_purges":1,"victory":false,"max_hp_per_floor":[64,64,64,64,64,64,64,64,64,64,64,64,64,64,64,64,64,64,64,64,64,71,71,71,71,71,71,81,81,81,81,81,81,81,81,81,81,81,81,81,81,77,77,77,77,77,77],"relic_stats":{"Lizard Tail":35,"Lee\u0027s Waffle":60,"Torii":7,"counters":[21,113],"Shuriken":[0],"War Paint":["Defend_B","Defend_B"],"Question Card":15,"MawBank":156,"obtain_stats":[{"Lizard Tail":0,"Lee\u0027s Waffle":22,"Pear":28,"Torii":41,"Shuriken":45,"Oddly Smooth Stone":43,"Fusion Hammer":17,"War Paint":24,"Cracked Core":0,"Question Card":7,"MawBank":9,"FrozenCore":34},{"Lizard Tail":0,"Lee\u0027s Waffle":11,"Pear":13,"Torii":19,"Shuriken":20,"Oddly Smooth Stone":19,"Fusion Hammer":9,"War Paint":12,"Cracked Core":0,"Question Card":5,"MawBank":5,"FrozenCore":15},{"Lizard Tail":0,"Lee\u0027s Waffle":43,"Pear":52,"Torii":102,"Shuriken":111,"Oddly Smooth Stone":102,"Fusion Hammer":34,"War Paint":47,"Cracked Core":0,"Question Card":17,"MawBank":17,"FrozenCore":71}],"FrozenCore":[16]},"card_choices":[{"not_picked":["Steam Power","Leap"],"picked":"Rip and Tear","floor":1},{"not_picked":["Rebound","Storm"],"picked":"Ball Lightning","floor":2},{"not_picked":["Reprogram","Blizzard"],"picked":"Conserve Battery","floor":3},{"not_picked":["Turbo","Blizzard"],"picked":"Rebound","floor":5},{"not_picked":["Hologram","Rebound"],"picked":"Doom and Gloom","floor":7},{"not_picked":["Consume","Sweeping Beam","Doom and Gloom"],"picked":"Coolheaded","floor":10},{"not_picked":["Meteor Strike","BootSequence","Hello World"],"picked":"Loop","floor":11},{"not_picked":["Fusion","Stack","Leap"],"picked":"Hologram","floor":14},{"not_picked":["Seek","Multi-Cast","Core Surge"],"picked":"Biased Cognition","floor":16},{"not_picked":["Streamline","Consume","Cold Snap"],"picked":"Capacitor","floor":18},{"not_picked":["White Noise","Storm","Compile Driver+1"],"picked":"Consume+1","floor":21},{"not_picked":["Tempest","Redo","Blizzard+1","Sweeping Beam"],"picked":"SKIP","floor":24},{"not_picked":["Turbo","Beam Cell","Redo"],"picked":"Coolheaded","floor":25},{"not_picked":["Darkness","Sunder","Melter"],"picked":"Hologram","floor":31},{"not_picked":["Multi-Cast","Meteor Strike","Buffer"],"picked":"Reboot","floor":33},{"not_picked":["Barrage+1","Go for the Eyes+1","Melter"],"picked":"Coolheaded+1","floor":35},{"not_picked":["Chaos+1","Sunder+1","Redo"],"picked":"Loop","floor":38},{"not_picked":["Cold Snap","Heatsinks","Consume","Leap"],"picked":"SKIP","floor":39},{"not_picked":["Beam Cell","Barrage","Redo+1"],"picked":"Glacier","floor":41},{"not_picked":["FTL","Double Energy","Auto Shields"],"picked":"All For One","floor":45}],"player_experience":2620813,"relics_obtained":[{"floor":7,"key":"Question Card"},{"floor":9,"key":"MawBank"},{"floor":24,"key":"War Paint"},{"floor":41,"key":"Torii"},{"floor":43,"key":"Oddly Smooth Stone"},{"floor":45,"key":"Shuriken"}],"event_choices":[{"damage_healed":0,"gold_gain":0,"player_choice":"Leave","damage_taken":0,"max_hp_gain":0,"max_hp_loss":0,"event_name":"The Cleric","floor":4,"gold_loss":0},{"damage_healed":0,"gold_gain":0,"player_choice":"Ignored","damage_taken":0,"max_hp_gain":0,"max_hp_loss":0,"event_name":"Cursed Tome","floor":19,"gold_loss":0},{"damage_healed":0,"gold_gain":0,"player_choice":"Opened","damage_taken":0,"relics_obtained":["Pear"],"max_hp_gain":0,"max_hp_loss":0,"event_name":"The Mausoleum","floor":28,"gold_loss":0,"cards_obtained":["Writhe"]},{"damage_healed":0,"gold_gain":0,"cards_transformed":["Strike_B"],"player_choice":"Transformed","damage_taken":0,"max_hp_gain":0,"max_hp_loss":0,"event_name":"Transmorgrifier","floor":36,"gold_loss":0,"cards_obtained":["Scrape"]},{"damage_healed":0,"gold_gain":0,"player_choice":"Fight","damage_taken":0,"max_hp_gain":0,"max_hp_loss":0,"event_name":"MindBloom","floor":41,"gold_loss":0},{"damage_healed":0,"gold_gain":0,"player_choice":"Max HP","damage_taken":0,"max_hp_gain":0,"max_hp_loss":4,"event_name":"Winding Halls","floor":42,"gold_loss":0}],"is_beta":false,"boss_relics":[{"not_picked":["Nuclear Battery","Empty Cage"],"picked":"Fusion Hammer"},{"not_picked":["SacredBark","Coffee Dripper"],"picked":"FrozenCore"}],"items_purged_floors":[37],"is_endless":false,"potions_floor_spawned":[1,2,10,24,25,33,35,38,45],"killed_by":"Sphere and 2 Shapes","ascension_level":20}}