{"host":"g2yp6paluzgljz05","time":1610978444,"event":{"mods":["BaseMod","Bestiary","Colored Powertips","DeckTracker","Highlight Path","Minty Spire (QoL Compilation)","Quick Restart"],"gold_per_floor":[115,125,8,8,25,52,52,66,66,82,82,53,64,74,74,172,172,185,185,202,202,202],"floor_reached":21,"language":"ENG","playtime":886,"items_purged":[],"score":220,"play_id":"cb85a95b-198e-4ec1-adb8-c03ee193d704","local_time":"20210119010044","is_ascension_mode":true,"campfire_choices":[{"floor":11,"key":"REST"},{"data":"Uppercut","floor":15,"key":"SMITH"}],"circlet_count":0,"master_deck":["Strike_R","Strike_R","Strike_R","Strike_R","Strike_R","Defend_R","Defend_R","Bash","Warcry","Inflame","Perfected Strike","Warcry","Inflame","Uppercut+1","Intimidate","Pommel Strike","Double Tap","Cleave+1","Dropkick"],"relics":["Burning Blood","NeowsBlessing","Dream Catcher","InkBottle","Bottled Tornado","Runic Cube"],"acts_visited":["Exordium","TheCity"],"potions_floor_usage":[16,16,16],"damage_taken":[{"damage":0,"enemies":"Cultist","floor":1,"turns":1},{"damage":0,"enemies":"Jaw Worm","floor":2,"turns":1},{"damage":0,"enemies":"2 Louse","floor":5,"turns":1},{"damage":37,"enemies":"Gremlin Nob","floor":6,"turns":4},{"damage":8,"enemies":"Exordium Wildlife","floor":8,"turns":4},{"damage":21,"enemies":"Lots of Slimes","floor":10,"turns":5},{"damage":13,"enemies":"Large Slime","floor":13,"turns":5},{"damage":18,"enemies":"Exordium Thugs","floor":14,"turns":4},{"damage":28,"enemies":"Slime Boss","floor":16,"turns":5},{"damage":33,"enemies":"Spheric Guardian","floor":18,"turns":4},{"damage":49,"enemies":"3 Byrds","floor":20,"turns":4},{"damage":15,"enemies":"Shelled Parasite and Fungi","floor":21,"turns":1}],"seed_played":"-8873503516226492980","potions_obtained":[{"floor":2,"key":"ColorlessPotion"},{"floor":5,"key":"Strength Potion"},{"floor":6,"key":"DuplicationPotion"},{"floor":13,"key":"Energy Potion"}],"is_trial":false,"path_per_floor":["M","M","$","?","M","E","?","M","T","M","R","?","M","M","R","B",null,"M","?","M","M"],"character_chosen":"IRONCLAD","items_purchased":["Inflame","Perfected Strike"],"campfire_rested":1,"item_purchase_floors":[3,3],"current_hp_per_floor":[80,80,80,77,80,49,42,40,40,25,49,49,42,30,30,8,80,53,53,10,0,0],"gold":202,"neow_bonus":"THREE_ENEMY_KILL","is_daily":false,"chose_seed":false,"campfire_upgraded":1,"win_rate":0.0,"timestamp":1610978444,"path_taken":["M","?","$","?","M","E","?","M","T","M","R","?","M","M","R","BOSS","M","?","M","?"],"items_purchased_type":["Card","Card"],"build_version":"2020-12-22","purchased_purges":0,"victory":false,"max_hp_per_floor":[80,80,80,80,80,80,80,80,80,80,80,80,80,80,80,80,80,80,80,80,80,80],"card_choices":[{"not_picked":["Havoc","Bloodletting"],"picked":"Warcry","floor":1},{"not_picked":["Anger","Disarm","Exhume"],"picked":"SKIP","floor":2},{"not_picked":["Body Slam","Dual Wield"],"picked":"Warcry","floor":5},{"not_picked":["Rupture","Iron Wave"],"picked":"Inflame","floor":6},{"not_picked":["Anger","Iron Wave"],"picked":"Uppercut","floor":8},{"not_picked":["Carnage","Entrench"],"picked":"Intimidate","floor":10},{"not_picked":["Uppercut","Fire Breathing","Havoc"],"picked":"SKIP","floor":13},{"not_picked":["Thunderclap","Ghostly Armor"],"picked":"Pommel Strike","floor":14},{"not_picked":["Corruption","Offering"],"picked":"Double Tap","floor":16},{"not_picked":["Dual Wield+1","Feel No Pain"],"picked":"Cleave+1","floor":18},{"not_picked":["Rupture","Searing Blow+1"],"picked":"Dropkick","floor":20}],"player_experience":220529,"relics_obtained":[{"floor":6,"key":"InkBottle"},{"floor":9,"key":"Bottled Tornado"}],"event_choices":[{"damage_healed":0,"gold_gain":0,"player_choice":"Success","damage_taken":3,"relics_obtained":["Dream Catcher"],"max_hp_gain":0,"max_hp_loss":0,"event_name":"Scrap Ooze","floor":4,"gold_loss":0},{"cards_removed":["Defend_R"],"damage_healed":0,"gold_gain":0,"player_choice":"Card Removal","damage_taken":7,"max_hp_gain":0,"max_hp_loss":0,"event_name":"Golden Wing","floor":7,"gold_loss":0},{"damage_healed":0,"gold_gain":0,"player_choice":"Left Gold","damage_taken":0,"max_hp_gain":0,"max_hp_loss":0,"event_name":"World of Goop","floor":12,"gold_loss":29},{"cards_removed":["Defend_R"],"damage_healed":0,"gold_gain":0,"player_choice":"Card Removal","damage_taken":0,"max_hp_gain":0,"max_hp_loss":0,"event_name":"Wheel of Change","floor":19,"gold_loss":0}],"is_beta":false,"boss_relics":[{"not_picked":["Philosopher\u0027s Stone","Pandora\u0027s Box"],"picked":"Runic Cube"}],"items_purged_floors":[],"is_endless":false,"potions_floor_spawned":[2,5,6,13],"killed_by":"Shelled Parasite and Fungi","ascension_level":4}}