{"host":"a5lz0e76zb3fcwkm","time":1610946010,"event":{"mods":["AchievementEnabler","BaseMod","Colored Map","Colored Powertips","Minty Spire (QoL Compilation)","StSLib","SuperFastMode"],"gold_per_floor":[118,129,139,159,84,84,84,112,165,165,193,212,237,162,162,239,239,250,525,544,24,39,39,74,74,100,114,148,164,176,226,226,305,305,316,191,191,205,205,205,205,237,237,253,253,265,265,115,115,115,115,115,115,74,108,108,108],"floor_reached":56,"language":"KOR","playtime":1279,"items_purged":["Strike_R","Regret","Strike_R","Rupture"],"score":1850,"play_id":"7160f556-ecbe-4220-8f4d-e7f1f540aad2","local_time":"20210118140010","is_ascension_mode":true,"campfire_choices":[{"data":"Twin Strike","floor":6.0,"key":"SMITH"},{"data":"Sword Boomerang","floor":10.0,"key":"SMITH"},{"data":"Fire Breathing","floor":15.0,"key":"SMITH"},{"data":"Immolate","floor":23.0,"key":"SMITH"},{"data":"Evolve","floor":25.0,"key":"SMITH"},{"data":"Entrench","floor":32.0,"key":"SMITH"},{"floor":40,"key":"RECALL"},{"floor":49,"key":"REST"},{"floor":53,"key":"REST"}],"circlet_count":0,"master_deck":["AscendersBane","Defend_R","Defend_R","Bash","Twin Strike+1","Fire Breathing+1","Second Wind","Power Through","Shrug It Off","Flame Barrier","Immolate+1","Entrench+1","Evolve+1","Body Slam+1","Entrench","Feel No Pain","Body Slam+1"],"relics":["Burning Blood","Ornamental Fan","Toy Ornithopter","MealTicket","Odd Mushroom","Sozu","Centennial Puzzle","Oddly Smooth Stone","StrikeDummy","Pantograph","Fusion Hammer","Pocketwatch","Anchor","InkBottle"],"acts_visited":["Exordium","TheCity","TheBeyond","TheEnding"],"potions_floor_usage":[],"damage_taken":[{"damage":9.0,"enemies":"2 Louse","floor":1.0,"turns":3.0},{"damage":9.0,"enemies":"Small Slimes","floor":2.0,"turns":4.0},{"damage":7.0,"enemies":"Jaw Worm","floor":3.0,"turns":3.0},{"damage":19.0,"enemies":"Blue Slaver","floor":4.0,"turns":4.0},{"damage":8.0,"enemies":"Gremlin Nob","floor":8.0,"turns":3.0},{"damage":5.0,"enemies":"3 Sentries","floor":11.0,"turns":5.0},{"damage":14.0,"enemies":"Gremlin Gang","floor":12.0,"turns":5.0},{"damage":17.0,"enemies":"The Mushroom Lair","floor":13.0,"turns":5.0},{"damage":14.0,"enemies":"The Guardian","floor":16.0,"turns":13.0},{"damage":8.0,"enemies":"3 Byrds","floor":18.0,"turns":3.0},{"damage":24.0,"enemies":"Spheric Guardian","floor":20.0,"turns":6.0},{"damage":20.0,"enemies":"Snake Plant","floor":22.0,"turns":4.0},{"damage":17.0,"enemies":"Slavers","floor":24.0,"turns":3.0},{"damage":20.0,"enemies":"Shelled Parasite and Fungi","floor":27.0,"turns":5.0},{"damage":21.0,"enemies":"Gremlin Leader","floor":28.0,"turns":5.0},{"damage":0.0,"enemies":"Cultist and Chosen","floor":29.0,"turns":4.0},{"damage":2.0,"enemies":"Chosen and Byrds","floor":30.0,"turns":3.0},{"damage":36.0,"enemies":"Collector","floor":33.0,"turns":9.0},{"damage":0.0,"enemies":"Orb Walker","floor":35.0,"turns":3.0},{"damage":14,"enemies":"3 Shapes","floor":38,"turns":4},{"damage":30,"enemies":"Nemesis","floor":42,"turns":5},{"damage":23,"enemies":"3 Darklings","floor":44,"turns":3},{"damage":18,"enemies":"Transient","floor":46,"turns":6},{"damage":38,"enemies":"Time Eater","floor":50,"turns":12},{"damage":30,"enemies":"Awakened One","floor":51,"turns":11},{"damage":0,"enemies":"Shield and Spear","floor":55,"turns":5},{"damage":65,"enemies":"The Heart","floor":56,"turns":3}],"seed_played":"-5810670996867058153","potions_obtained":[{"floor":2.0,"key":"Block Potion"},{"floor":4.0,"key":"DistilledChaos"},{"floor":12.0,"key":"Weak Potion"},{"floor":13.0,"key":"Explosive Potion"}],"is_trial":false,"path_per_floor":["M","M","M","M","?","R","?","E","T","R","E","M","?","$","R","B",null,"M","?","M","$","M","R","E","R","T","M","E","M","M","?","R","B",null,"M","$","?","M","?","R","?","E","T","M","$","M","?","$","R","B","B",null,"R","$","E","B"],"character_chosen":"IRONCLAD","items_purchased":["Evolve","Centennial Puzzle","Oddly Smooth Stone","Feel No Pain"],"campfire_rested":2,"item_purchase_floors":[21,21,21,54],"current_hp_per_floor":[65,62,61,48,48,48,41,39,39,39,40,37,26,41,41,38,61,59,59,41,56,42,42,36,36,36,22,7,13,17,17,17,12,54,60,68,68,60,60,60,60,36,36,19,34,22,22,37,56,33,34,57,65,65,65,0,0],"gold":108,"neow_bonus":"TRANSFORM_TWO_CARDS","is_daily":false,"chose_seed":false,"campfire_upgraded":6,"win_rate":0.0,"timestamp":1610946010,"path_taken":["M","M","M","M","?","R","?","E","T","R","E","M","?","?","R","BOSS","M","?","?","$","M","R","E","R","T","M","E","M","?","?","R","BOSS","M","$","?","?","?","R","?","E","T","M","$","?","?","$","R","BOSS","BOSS","R","$","E","BOSS"],"items_purchased_type":["Card","Relic","Relic","Card"],"build_version":"2020-12-22","purchased_purges":4,"victory":false,"max_hp_per_floor":[68,68,68,68,68,68,68,68,68,68,68,68,68,68,68,68,68,68,68,68,68,68,68,68,68,68,68,68,68,68,68,68,68,68,68,68,68,68,68,68,68,68,68,68,68,68,65,65,65,65,65,65,65,65,65,65,65],"card_choices":[{"not_picked":["Flex","Burning Pact"],"picked":"Sword Boomerang","floor":1.0},{"not_picked":["Twin Strike","Metallicize","Body Slam"],"picked":"SKIP","floor":2.0},{"not_picked":["Whirlwind","Cleave"],"picked":"Second Wind","floor":3.0},{"not_picked":["Armaments","Wild Strike","Headbutt"],"picked":"SKIP","floor":4.0},{"not_picked":["Exhume","Shrug It Off"],"picked":"Power Through","floor":8.0},{"not_picked":["Wild Strike","Clash","Infernal Blade"],"picked":"SKIP","floor":11.0},{"not_picked":["Brutality","Anger"],"picked":"Shrug It Off","floor":12.0},{"not_picked":["Iron Wave","Thunderclap"],"picked":"Flame Barrier","floor":13.0},{"not_picked":["Juggernaut","Bludgeon"],"picked":"Immolate","floor":16.0},{"not_picked":["Sword Boomerang+1","True Grit"],"picked":"Entrench","floor":18.0},{"not_picked":["Wild Strike","Bloodletting","Thunderclap"],"picked":"SKIP","floor":20.0},{"not_picked":["Clothesline","Thunderclap","Exhume"],"picked":"SKIP","floor":22.0},{"not_picked":["Ghostly Armor","Pommel Strike","Heavy Blade+1"],"picked":"SKIP","floor":24.0},{"not_picked":["Anger+1","Perfected Strike"],"picked":"Body Slam","floor":27.0},{"not_picked":["Twin Strike","Seeing Red","Reaper"],"picked":"SKIP","floor":28.0},{"not_picked":["Second Wind","Blood for Blood","Twin Strike"],"picked":"SKIP","floor":29.0},{"not_picked":["Clothesline+1","Pommel Strike","Combust"],"picked":"SKIP","floor":30.0},{"not_picked":["Cleave+1","Flex","Headbutt"],"picked":"SKIP","floor":35.0},{"not_picked":["Clash","Heavy Blade+1","Iron Wave"],"picked":"SKIP","floor":38},{"not_picked":["Body Slam","Clash","Clothesline"],"picked":"SKIP","floor":42},{"not_picked":["Bloodletting","Armaments+1","Body Slam"],"picked":"SKIP","floor":44},{"not_picked":["Spot Weakness","Limit Break"],"picked":"Entrench","floor":46},{"not_picked":["Dark Embrace","Twin Strike"],"picked":"Body Slam+1","floor":55}],"player_experience":1756927,"relics_obtained":[{"floor":8.0,"key":"Ornamental Fan"},{"floor":9.0,"key":"Toy Ornithopter"},{"floor":11.0,"key":"MealTicket"},{"floor":13.0,"key":"Odd Mushroom"},{"floor":24.0,"key":"StrikeDummy"},{"floor":28.0,"key":"Pantograph"},{"floor":42,"key":"Pocketwatch"},{"floor":43,"key":"Anchor"},{"floor":55,"key":"InkBottle"}],"event_choices":[{"cards_removed":["Strike_R"],"damage_healed":0.0,"max_hp_gain":0.0,"max_hp_loss":0.0,"gold_gain":0.0,"event_name":"The Cleric","player_choice":"Card Removal","floor":5.0,"gold_loss":75.0,"damage_taken":0.0},{"cards_removed":["Strike_R"],"damage_healed":0.0,"max_hp_gain":0.0,"max_hp_loss":0.0,"gold_gain":0.0,"event_name":"Golden Wing","player_choice":"Card Removal","floor":7.0,"gold_loss":0.0,"damage_taken":7.0},{"damage_healed":0.0,"max_hp_gain":0.0,"max_hp_loss":0.0,"gold_gain":0.0,"event_name":"Mushrooms","player_choice":"Fought Mushrooms","floor":13.0,"gold_loss":0.0,"damage_taken":0.0},{"damage_healed":0.0,"max_hp_gain":0.0,"max_hp_loss":0.0,"gold_gain":275.0,"event_name":"Golden Shrine","player_choice":"Desecrate","floor":19.0,"gold_loss":0.0,"damage_taken":0.0,"cards_obtained":["Regret"]},{"damage_healed":0.0,"max_hp_gain":0.0,"max_hp_loss":0.0,"gold_gain":50.0,"event_name":"Nest","player_choice":"Stole From Cult","floor":31.0,"gold_loss":0.0,"damage_taken":0.0},{"damage_healed":0,"gold_gain":0,"cards_transformed":["Sword Boomerang"],"player_choice":"Transformed","damage_taken":0,"max_hp_gain":0,"max_hp_loss":0,"event_name":"Transmorgrifier","floor":37,"gold_loss":0,"cards_obtained":["Rupture"]},{"cards_removed":["Defend_R"],"damage_healed":0,"gold_gain":0,"player_choice":"Removed Skill","damage_taken":0,"max_hp_gain":0,"max_hp_loss":0,"event_name":"Falling","floor":39,"gold_loss":0},{"damage_healed":0,"gold_gain":0,"player_choice":"Upgraded","damage_taken":0,"max_hp_gain":0,"max_hp_loss":0,"event_name":"Upgrade Shrine","floor":41,"gold_loss":0,"cards_upgraded":["Body Slam"]},{"damage_healed":0,"gold_gain":0,"player_choice":"Max HP","damage_taken":0,"max_hp_gain":0,"max_hp_loss":3,"event_name":"Winding Halls","floor":47,"gold_loss":0}],"is_beta":false,"boss_relics":[{"not_picked":["SacredBark","Cursed Key"],"picked":"Sozu"},{"not_picked":["Astrolabe","Philosopher\u0027s Stone"],"picked":"Fusion Hammer"}],"items_purged_floors":[14,21,36,48],"is_endless":false,"potions_floor_spawned":[2,4,12,13,18,20,24,27,28,30,44,46,55],"killed_by":"The Heart","ascension_level":20}}