{"host":"r0vmyty6lrh6xfm3","time":1610938774,"event":{"mods":["BaseMod","Bestiary","Colored Map","Colored Powertips","DeckTracker","Highlight Path","Minty Spire (QoL Compilation)","Quick Restart","Relic Stats","StSLib"],"gold_per_floor":[114,114,264,277,287,287,300,300,300,313,313,313,313,328,328,400,400,415,415,415,465,27,57,57,87,87,87,98,98,127,47,47,124,124,144,144,159,45,59,91,91,91,91],"floor_reached":42,"language":"ENG","playtime":1864,"items_purged":["Doubt"],"score":904,"play_id":"198cff0b-1042-464b-b345-0d8b62226a46","local_time":"20210117205934","is_ascension_mode":true,"campfire_choices":[{"data":"Poisoned Stab","floor":6.0,"key":"SMITH"},{"data":"Crippling Poison","floor":8.0,"key":"SMITH"},{"data":"Neutralize","floor":11.0,"key":"SMITH"},{"data":"Masterful Stab","floor":13.0,"key":"SMITH"},{"data":"Blade Dance","floor":15.0,"key":"SMITH"},{"floor":24.0,"key":"REST"},{"floor":27.0,"key":"REST"},{"data":"Blade Dance","floor":32.0,"key":"SMITH"},{"data":"After Image","floor":41.0,"key":"SMITH"}],"circlet_count":0,"master_deck":["AscendersBane","Strike_G","Strike_G","Strike_G","Defend_G","Defend_G","Defend_G","Defend_G","Survivor","Neutralize+1","Poisoned Stab+1","Masterful Stab+1","Blur","Crippling Poison+1","PiercingWail","Blade Dance+1","After Image+1","Blade Dance+1","Backstab","JustLucky","Inflame+1","Battle Trance","Accuracy","Berserk","Reprogram","Beam Cell+1","Battle Trance"],"relics":["Empty Cage","Kunai","WristBlade","PrismaticShard","Singing Bowl","Sundial","CaptainsWheel","MutagenicStrength","Red Mask","Runic Pyramid","Letter Opener"],"acts_visited":["Exordium","TheCity","TheBeyond"],"potions_floor_usage":[],"damage_taken":[{"damage":8.0,"enemies":"2 Louse","floor":1.0,"turns":5.0},{"damage":5.0,"enemies":"Jaw Worm","floor":4.0,"turns":6.0},{"damage":2.0,"enemies":"Small Slimes","floor":5.0,"turns":4.0},{"damage":8.0,"enemies":"Gremlin Gang","floor":7.0,"turns":6.0},{"damage":2.0,"enemies":"Looter","floor":10.0,"turns":4.0},{"damage":13.0,"enemies":"Large Slime","floor":14.0,"turns":8.0},{"damage":8.0,"enemies":"The Guardian","floor":16.0,"turns":12.0},{"damage":10.0,"enemies":"2 Thieves","floor":18.0,"turns":4.0},{"damage":16.0,"enemies":"Slavers","floor":23.0,"turns":5.0},{"damage":27.0,"enemies":"Gremlin Leader","floor":25.0,"turns":7.0},{"damage":0.0,"enemies":"Chosen","floor":28.0,"turns":4.0},{"damage":0.0,"enemies":"Masked Bandits","floor":30.0,"turns":3.0},{"damage":7.0,"enemies":"Collector","floor":33.0,"turns":7.0},{"damage":1.0,"enemies":"Orb Walker","floor":35.0,"turns":4.0},{"damage":10.0,"enemies":"3 Shapes","floor":37.0,"turns":4.0},{"damage":17.0,"enemies":"Spire Growth","floor":39.0,"turns":6.0},{"damage":49.0,"enemies":"Reptomancer","floor":40.0,"turns":6.0},{"damage":12,"enemies":"Nemesis","floor":42,"turns":2}],"seed_played":"1012900187979159702","potions_obtained":[{"floor":1.0,"key":"Poison Potion"},{"floor":4.0,"key":"CunningPotion"},{"floor":12.0,"key":"CultistPotion"},{"floor":25.0,"key":"BlessingOfTheForge"},{"floor":28.0,"key":"Fire Potion"},{"floor":33.0,"key":"Regen Potion"},{"floor":40.0,"key":"Explosive Potion"}],"is_trial":false,"path_per_floor":["M","?","?","M","M","R","M","R","T","M","R","?","R","M","R","B",null,"M","?","?","?","$","E","R","E","T","R","M","?","?","$","R","B",null,"M","?","M","$","M","E","R","E"],"character_chosen":"THE_SILENT","items_purchased":["Blade Dance","Backstab","PrismaticShard","SteroidPotion","Accuracy","FairyPotion"],"campfire_rested":2,"item_purchase_floors":[22,22,22,22,31,38],"current_hp_per_floor":[51,44,44,39,37,37,29,29,29,27,27,27,27,14,14,6,51,41,41,23,23,23,7,28,1,1,22,22,22,24,24,24,17,59,70,70,60,60,43,23,23,11,11],"gold":91,"neow_bonus":"BOSS_RELIC","is_daily":false,"chose_seed":false,"campfire_upgraded":7,"win_rate":0.0,"timestamp":1610938774,"path_taken":["M","?","?","M","M","R","M","R","T","M","R","?","R","?","R","BOSS","M","?","?","?","$","E","R","E","T","R","M","?","?","?","R","BOSS","M","?","M","$","M","E","R","E"],"items_purchased_type":["Card","Card","Relic","Potion","Card","Potion"],"build_version":"2020-12-22","purchased_purges":1,"victory":false,"max_hp_per_floor":[66,66,66,66,66,66,66,66,66,66,66,66,66,66,66,66,66,66,66,71,71,71,71,71,71,71,71,71,71,73,73,73,73,73,73,73,73,73,73,75,75,75,75],"relic_stats":{"Singing Bowl":4,"counters":[18,97],"Sundial":[2],"Kunai":[44],"Letter Opener":[0],"obtain_stats":[{"CaptainsWheel":26,"WristBlade":17,"Singing Bowl":23,"Sundial":25,"MutagenicStrength":29,"Red Mask":30,"Kunai":9,"Letter Opener":40,"Empty Cage":0,"PrismaticShard":22,"Ring of the Snake":0,"Runic Pyramid":34},{"CaptainsWheel":10,"WristBlade":7,"Singing Bowl":9,"Sundial":10,"MutagenicStrength":11,"Red Mask":12,"Kunai":4,"Letter Opener":17,"Empty Cage":0,"PrismaticShard":8,"Ring of the Snake":0,"Runic Pyramid":13},{"CaptainsWheel":61,"WristBlade":45,"Singing Bowl":54,"Sundial":61,"MutagenicStrength":65,"Red Mask":68,"Kunai":21,"Letter Opener":95,"Empty Cage":0,"PrismaticShard":49,"Ring of the Snake":0,"Runic Pyramid":75}]},"card_choices":[{"not_picked":["Finisher","Dagger Spray"],"picked":"Poisoned Stab","floor":1.0},{"not_picked":["Underhanded Strike","Prepared"],"picked":"Masterful Stab","floor":4.0},{"not_picked":["Slice","Prepared"],"picked":"Blur","floor":5.0},{"not_picked":["Dagger Spray","Deflect"],"picked":"Crippling Poison","floor":7.0},{"not_picked":["Crippling Poison","Slice"],"picked":"PiercingWail","floor":10.0},{"not_picked":["Infinite Blades","Deflect"],"picked":"Blade Dance","floor":14.0},{"not_picked":["Glass Knife","Adrenaline"],"picked":"After Image","floor":16.0},{"not_picked":["Riddle With Holes","Bane","Deadly Poison"],"picked":"SKIP","floor":18.0},{"not_picked":["Force Field","Poisoned Stab"],"picked":"JustLucky","floor":23.0},{"not_picked":["Adaptation","Steam Power+1"],"picked":"Inflame+1","floor":25.0},{"not_picked":["Sword Boomerang","ReachHeaven"],"picked":"Battle Trance","floor":28.0},{"not_picked":["Pommel Strike","Skim","Ball Lightning"],"picked":"Singing Bowl","floor":30.0},{"not_picked":["Tools of the Trade","Panache"],"picked":"Berserk","floor":33.0},{"not_picked":["JustLucky+1","Rebound"],"picked":"Reprogram","floor":35.0},{"not_picked":["Dagger Throw","PathToVictory"],"picked":"Beam Cell+1","floor":37.0},{"not_picked":["FlurryOfBlows","Searing Blow"],"picked":"Battle Trance","floor":39.0},{"not_picked":["Riddle With Holes","Cold Snap","Reckless Charge"],"picked":"Singing Bowl","floor":40.0}],"player_experience":992725,"relics_obtained":[{"floor":9.0,"key":"Kunai"},{"floor":23.0,"key":"Singing Bowl"},{"floor":25.0,"key":"Sundial"},{"floor":26.0,"key":"CaptainsWheel"},{"floor":30.0,"key":"Red Mask"},{"floor":40.0,"key":"Letter Opener"}],"event_choices":[{"cards_removed":["Strike_G"],"damage_healed":0.0,"max_hp_gain":0.0,"max_hp_loss":0.0,"gold_gain":0.0,"event_name":"Golden Wing","player_choice":"Card Removal","floor":2.0,"gold_loss":0.0,"damage_taken":7.0},{"damage_healed":0.0,"max_hp_gain":0.0,"max_hp_loss":0.0,"gold_gain":150.0,"event_name":"Liars Game","player_choice":"AGREE","floor":3.0,"gold_loss":0.0,"damage_taken":0.0,"cards_obtained":["Doubt"]},{"damage_healed":0.0,"max_hp_gain":0.0,"max_hp_loss":0.0,"gold_gain":0.0,"event_name":"Lab","player_choice":"Got Potions","floor":12.0,"gold_loss":0.0,"damage_taken":0.0},{"damage_healed":0.0,"max_hp_gain":0.0,"max_hp_loss":0.0,"gold_gain":0.0,"event_name":"The Mausoleum","player_choice":"Ignored","floor":19.0,"gold_loss":0.0,"damage_taken":0.0},{"damage_healed":0.0,"max_hp_gain":5.0,"max_hp_loss":0.0,"gold_gain":0.0,"event_name":"Forgotten Altar","player_choice":"Shed Blood","floor":20.0,"gold_loss":0.0,"damage_taken":23.0},{"damage_healed":0.0,"max_hp_gain":0.0,"max_hp_loss":0.0,"gold_gain":50.0,"event_name":"Nest","player_choice":"Stole From Cult","floor":21.0,"gold_loss":0.0,"damage_taken":0.0},{"damage_healed":0.0,"max_hp_gain":0.0,"max_hp_loss":0.0,"gold_gain":0.0,"event_name":"Drug Dealer","player_choice":"Inject Mutagens","floor":29.0,"gold_loss":0.0,"damage_taken":0.0,"relics_obtained":["MutagenicStrength"]},{"damage_healed":0.0,"max_hp_gain":0.0,"max_hp_loss":0.0,"gold_gain":0.0,"event_name":"Masked Bandits","player_choice":"Fought Bandits","floor":30.0,"gold_loss":0.0,"damage_taken":0.0},{"damage_healed":0.0,"max_hp_gain":0.0,"max_hp_loss":0.0,"gold_gain":0.0,"event_name":"SecretPortal","player_choice":"Ignored","floor":36.0,"gold_loss":0.0,"damage_taken":0.0}],"is_beta":false,"boss_relics":[{"not_picked":["Astrolabe","Fusion Hammer"],"picked":"WristBlade"},{"not_picked":["HoveringKite","Busted Crown"],"picked":"Runic Pyramid"}],"items_purged_floors":[22],"is_endless":false,"potions_floor_spawned":[1,4,25,28,30,33,40],"killed_by":"Nemesis","ascension_level":20}}