{"host":"1hzg86ju9fvxh562","time":1610980211,"event":{"mods":["AchievementEnabler","Act Like it!","AlwaysNeverKeys","BaseMod","Bestiary","Better Altar","Better Match","Better Note","Better Sensory Stone","Better Skull","Better Third Choice","Colored Map","Colored Powertips","Curses Come First","Displayed Cursed Tome","Filter the Spire","Highlight Path","Keyboard Shortcuts","Minty Spire (QoL Compilation)","Rare Cards Sparkle","Relic Sorter","Relic Stats","ShortenTheSpire","Spicy Shops","StSLib","everything is the same but u backflip on backflip","slay the spire mod where everything is the same but ironclad has a cowboy hat"],"gold_per_floor":[115,126,144,144,144,144,173,190,215,215,242,242,242,36,36,110,110,130,130,144,144,157,192,192,205,232,232,232,246,272,272,272,351,351,364,382,187,236,252,279,297,310,310,310,339,352,377,239,239,239,239,239,17,50,50],"floor_reached":56,"language":"ENG","playtime":7168,"items_purged":["Defend_B","Rebound","Coolheaded","Conserve Battery+1"],"score":1851,"play_id":"8d431435-3793-4400-9c88-3403aca796e6","local_time":"20210118123011","is_ascension_mode":true,"campfire_choices":[{"data":"Zap","floor":6.0,"key":"SMITH"},{"floor":10.0,"key":"REST"},{"data":"Chaos","floor":13.0,"key":"SMITH"},{"data":"Barrage","floor":15.0,"key":"SMITH"},{"data":"Consume","floor":24.0,"key":"SMITH"},{"floor":27.0,"key":"REST"},{"data":"Genetic Algorithm","floor":32.0,"key":"SMITH"},{"data":"Fission","floor":44.0,"key":"SMITH"},{"floor":49,"key":"RECALL"},{"data":"Capacitor","floor":52,"key":"SMITH"}],"circlet_count":0,"master_deck":["AscendersBane","Zap+1","Dualcast","Barrage+1","Seek","Chaos+1","Core Surge","Seek+1","Steam Power+1","Defragment","Ghostly","Ghostly","Ghostly","Ghostly","Ghostly","Consume+1","Echo Form","Chill","Reboot","Chill","Genetic Algorithm+1","Glacier","Ball Lightning","Fission+1","Compile Driver","Coolheaded+1","Compile Driver","Compile Driver+1","Capacitor+1","Echo Form"],"relics":["Inserter","Bronze Scales","Whetstone","Regal Pillow","Strawberry","InkBottle","Astrolabe","Letter Opener","Anchor","Potion Belt","Question Card","Philosopher\u0027s Stone","Membership Card","Du-Vu Doll","Akabeko","Gremlin Horn","Mango","Incense Burner","DollysMirror","Nunchaku","Bag of Preparation"],"acts_visited":["Exordium","TheCity","TheBeyond","TheEnding"],"potions_floor_usage":[54,55,55],"damage_taken":[{"damage":2.0,"enemies":"Jaw Worm","floor":1.0,"turns":3.0},{"damage":9.0,"enemies":"Small Slimes","floor":2.0,"turns":5.0},{"damage":6.0,"enemies":"Cultist","floor":3.0,"turns":3.0},{"damage":25.0,"enemies":"Lagavulin","floor":7.0,"turns":6.0},{"damage":3.0,"enemies":"Blue Slaver","floor":8.0,"turns":3.0},{"damage":35.0,"enemies":"3 Sentries","floor":11.0,"turns":7.0},{"damage":10.0,"enemies":"Hexaghost","floor":16.0,"turns":8.0},{"damage":2.0,"enemies":"Chosen","floor":18.0,"turns":4.0},{"damage":2.0,"enemies":"2 Thieves","floor":20.0,"turns":4.0},{"damage":7.0,"enemies":"Snecko","floor":22.0,"turns":5.0},{"damage":7.0,"enemies":"Gremlin Leader","floor":23.0,"turns":8.0},{"damage":0.0,"enemies":"Snake Plant","floor":25.0,"turns":4.0},{"damage":5.0,"enemies":"Centurion and Healer","floor":29.0,"turns":8.0},{"damage":1.0,"enemies":"Book of Stabbing","floor":30.0,"turns":6.0},{"damage":8.0,"enemies":"Collector","floor":33.0,"turns":17.0},{"damage":0.0,"enemies":"3 Shapes","floor":35.0,"turns":6.0},{"damage":0.0,"enemies":"Orb Walker","floor":36.0,"turns":3.0},{"damage":0.0,"enemies":"2 Orb Walkers","floor":38.0,"turns":6.0},{"damage":3.0,"enemies":"Jaw Worm Horde","floor":39.0,"turns":5.0},{"damage":9.0,"enemies":"Giant Head","floor":40.0,"turns":11.0},{"damage":0.0,"enemies":"Maw","floor":41.0,"turns":7.0},{"damage":0.0,"enemies":"Writhing Mass","floor":42.0,"turns":6.0},{"damage":0.0,"enemies":"Nemesis","floor":45.0,"turns":7.0},{"damage":0,"enemies":"Sphere and 2 Shapes","floor":46,"turns":4},{"damage":0,"enemies":"Mind Bloom Boss Battle","floor":47,"turns":6},{"damage":3,"enemies":"Awakened One","floor":50,"turns":12},{"damage":5,"enemies":"Shield and Spear","floor":54,"turns":7},{"damage":36,"enemies":"The Heart","floor":55,"turns":8}],"seed_played":"-6901254898406002396","potions_obtained":[{"floor":2.0,"key":"PowerPotion"},{"floor":5.0,"key":"DistilledChaos"},{"floor":7.0,"key":"Swift Potion"},{"floor":20.0,"key":"Energy Potion"},{"floor":23.0,"key":"FearPotion"},{"floor":38.0,"key":"FocusPotion"},{"floor":39.0,"key":"FocusPotion"},{"floor":46,"key":"Strength Potion"},{"floor":47,"key":"CultistPotion"}],"is_trial":false,"path_per_floor":["M","M","M","?","?","R","E","M","T","R","E","?","R","$","R","B",null,"M","?","M","?","M","E","R","M","T","R","?","M","E","T","R","B",null,"M","M","$","?","M","E","M","M","T","R","E","M","?","$","R","B",null,"R","$","E","B",null],"character_chosen":"DEFECT","items_purchased":["InkBottle","Membership Card","Incense Burner","Bronze Scales","Capacitor","DollysMirror","Nunchaku"],"campfire_rested":2,"item_purchase_floors":[14,37,48,48,48,53,53],"current_hp_per_floor":[66,57,51,51,51,51,26,23,23,60,32,25,25,25,25,15,65,63,41,39,31,24,17,17,17,17,41,41,36,35,35,35,27,38,38,38,38,38,35,26,26,26,26,26,26,26,40,40,40,37,51,51,51,46,10],"gold":50,"neow_bonus":"BOSS_RELIC","is_daily":false,"chose_seed":false,"campfire_upgraded":7,"win_rate":0.0,"timestamp":1610980211,"path_taken":["M","M","M","?","?","R","E","?","T","R","E","?","R","$","R","BOSS","M","?","M","?","M","E","R","M","T","R","?","M","E","?","R","BOSS","M","M","$","?","M","E","M","M","T","R","E","M","?","$","R","BOSS","R","$","E","BOSS"],"items_purchased_type":["Relic","Relic","Relic","Relic","Card","Relic","Relic"],"build_version":"2020-12-22","purchased_purges":4,"victory":true,"max_hp_per_floor":[75,75,75,75,75,75,75,75,75,75,82,82,82,82,82,82,82,82,41,41,41,41,41,41,41,41,41,41,41,41,41,41,41,41,41,41,41,41,41,41,41,41,41,41,41,41,55,55,55,55,55,55,55,55,55],"relic_stats":{"Regal Pillow":27,"Inserter":[89],"Gremlin Horn":[6,6],"counters":[28,179],"Astrolabe":["Seek","Steam Power","Conserve Battery"],"Bag of Preparation":[2],"Whetstone":["Strike_B","Strike_B"],"Letter Opener":[678],"Question Card":12,"Nunchaku":[3],"Bronze Scales":[198],"obtain_stats":[{"Potion Belt":30,"Regal Pillow":9,"Inserter":0,"Gremlin Horn":45,"Astrolabe":17,"Mango":47,"Incense Burner":48,"Bag of Preparation":54,"Whetstone":7,"Letter Opener":23,"Question Card":31,"Akabeko":40,"Du-Vu Doll":38,"Anchor":26,"Nunchaku":53,"DollysMirror":53,"Strawberry":11,"Bronze Scales":48,"Philosopher\u0027s Stone":34,"Membership Card":37,"Cracked Core":0,"InkBottle":14},{"Potion Belt":14,"Regal Pillow":5,"Inserter":0,"Gremlin Horn":23,"Astrolabe":7,"Mango":25,"Incense Burner":25,"Bag of Preparation":27,"Whetstone":4,"Letter Opener":11,"Question Card":14,"Akabeko":20,"Du-Vu Doll":18,"Anchor":12,"Nunchaku":26,"DollysMirror":26,"Strawberry":6,"Bronze Scales":25,"Philosopher\u0027s Stone":15,"Membership Card":17,"Cracked Core":0,"InkBottle":6},{"Potion Belt":74,"Regal Pillow":20,"Inserter":0,"Gremlin Horn":142,"Astrolabe":35,"Mango":152,"Incense Burner":152,"Bag of Preparation":171,"Whetstone":17,"Letter Opener":56,"Question Card":74,"Akabeko":122,"Du-Vu Doll":106,"Anchor":60,"Nunchaku":164,"DollysMirror":164,"Strawberry":27,"Bronze Scales":152,"Philosopher\u0027s Stone":91,"Membership Card":100,"Cracked Core":0,"InkBottle":27}],"InkBottle":[72]},"card_choices":[{"not_picked":["Gash","Barrage"],"picked":"Rebound","floor":1.0},{"not_picked":["Heatsinks","Force Field","Redo"],"picked":"SKIP","floor":2.0},{"not_picked":["Go for the Eyes","Stack","Hello World"],"picked":"SKIP","floor":3.0},{"not_picked":["Conserve Battery","Rebound"],"picked":"Seek","floor":7.0},{"not_picked":["Streamline","Rebound","Redo"],"picked":"SKIP","floor":8.0},{"not_picked":["Coolheaded","Undo"],"picked":"Chaos","floor":11.0},{"not_picked":["Rainbow","Thunder Strike"],"picked":"Core Surge","floor":16.0},{"not_picked":["Conserve Battery","Chaos"],"picked":"Defragment","floor":18.0},{"not_picked":["Redo","Steam Power"],"picked":"Consume","floor":20.0},{"not_picked":["BootSequence","Steam"],"picked":"Chill","floor":22.0},{"not_picked":["Reprogram","Hologram"],"picked":"Reboot","floor":23.0},{"not_picked":["Turbo","Fusion"],"picked":"Chill","floor":25.0},{"not_picked":["Capacitor","Lockon","Ball Lightning"],"picked":"SKIP","floor":29.0},{"not_picked":["Capacitor","Lockon"],"picked":"Ball Lightning","floor":29.0},{"not_picked":["Auto Shields","Chaos","Conserve Battery"],"picked":"SKIP","floor":30.0},{"not_picked":["Multi-Cast","Buffer","Electrodynamics"],"picked":"Fission","floor":33.0},{"not_picked":["Loop+1","Streamline","Sweeping Beam+1","Rip and Tear"],"picked":"SKIP","floor":35.0},{"not_picked":["Stack","Steam","Storm","Aggregate+1"],"picked":"SKIP","floor":36.0},{"not_picked":["Electrodynamics","Beam Cell+1","Reinforced Body"],"picked":"Coolheaded","floor":38.0},{"not_picked":["Lockon+1","Double Energy","Conserve Battery","Go for the Eyes"],"picked":"SKIP","floor":39.0},{"not_picked":["Steam","Beam Cell+1","Go for the Eyes","Skim+1"],"picked":"SKIP","floor":40.0},{"not_picked":["Turbo+1","Barrage","Fusion","Streamline"],"picked":"SKIP","floor":41.0},{"not_picked":["Skim+1","Stack","Turbo"],"picked":"Compile Driver","floor":42.0},{"not_picked":["Melter","Undo","Core Surge"],"picked":"Coolheaded+1","floor":45.0},{"not_picked":["Rebound+1","Steam","Gash"],"picked":"Compile Driver","floor":46},{"not_picked":["Reprogram+1","Hello World","Scrape"],"picked":"Compile Driver+1","floor":47},{"not_picked":["Darkness+1","White Noise","Sweeping Beam","Gash"],"picked":"SKIP","floor":54}],"player_experience":475625,"relics_obtained":[{"floor":7.0,"key":"Whetstone"},{"floor":9.0,"key":"Regal Pillow"},{"floor":11.0,"key":"Strawberry"},{"floor":23.0,"key":"Letter Opener"},{"floor":26.0,"key":"Anchor"},{"floor":30.0,"key":"Potion Belt"},{"floor":31.0,"key":"Question Card"},{"floor":38.0,"key":"Du-Vu Doll"},{"floor":40.0,"key":"Akabeko"},{"floor":45.0,"key":"Gremlin Horn"},{"floor":47,"key":"Mango"},{"floor":54,"key":"Bag of Preparation"}],"event_choices":[{"damage_healed":0.0,"max_hp_gain":0.0,"max_hp_loss":0.0,"gold_gain":0.0,"cards_transformed":["Strike_B"],"event_name":"Living Wall","player_choice":"Change","floor":4.0,"gold_loss":0.0,"damage_taken":0.0,"cards_obtained":["Barrage"]},{"damage_healed":0.0,"max_hp_gain":0.0,"max_hp_loss":0.0,"gold_gain":0.0,"event_name":"Lab","player_choice":"Got Potions","floor":5.0,"gold_loss":0.0,"damage_taken":0.0},{"cards_removed":["Strike_B"],"damage_healed":0.0,"max_hp_gain":0.0,"max_hp_loss":0.0,"gold_gain":0.0,"event_name":"Golden Wing","player_choice":"Card Removal","floor":12.0,"gold_loss":0.0,"damage_taken":7.0},{"damage_healed":0.0,"max_hp_gain":0.0,"max_hp_loss":41.0,"gold_gain":0.0,"event_name":"Ghosts","player_choice":"Became a Ghost","floor":19.0,"gold_loss":0.0,"damage_taken":0.0,"cards_obtained":["Ghostly","Ghostly","Ghostly","Ghostly","Ghostly"]},{"damage_healed":0.0,"max_hp_gain":0.0,"max_hp_loss":8.0,"gold_gain":2.0,"event_name":"betterStone:BetterStone","player_choice":"2","floor":21.0,"gold_loss":0.0,"damage_taken":0.0},{"damage_healed":0.0,"max_hp_gain":0.0,"max_hp_loss":0.0,"gold_gain":0.0,"cards_transformed":["Defend_B","Defend_B"],"event_name":"Drug Dealer","player_choice":"Became Test Subject","floor":28.0,"gold_loss":0.0,"damage_taken":0.0,"cards_obtained":["Genetic Algorithm","Glacier"]},{"damage_healed":0.0,"max_hp_gain":0.0,"max_hp_loss":0.0,"gold_gain":0.0,"event_name":"Mysterious Sphere","player_choice":"Fight","floor":38.0,"gold_loss":0.0,"damage_taken":0.0},{"damage_healed":0,"gold_gain":0,"player_choice":"Fight","damage_taken":0,"max_hp_gain":0,"max_hp_loss":0,"event_name":"MindBloom","floor":47,"gold_loss":0}],"is_beta":false,"boss_relics":[{"not_picked":["Fusion Hammer","Black Star"],"picked":"Astrolabe"},{"not_picked":["Cursed Key","Sozu"],"picked":"Philosopher\u0027s Stone"}],"items_purged_floors":[14,37,48,53],"is_endless":false,"potions_floor_spawned":[2,7,20,23,38,39,46,47],"ascension_level":13}}