{"host":"d4q750jvy4fei3fg","time":1610948505,"event":{"mods":["BaseMod","Downfall","Minty Spire (QoL Compilation)","StSLib"],"gold_per_floor":[99,113,133,308,308,308,355,83,95,80,65,94,94,114,133,133,133],"floor_reached":16,"language":"ENG","playtime":1148,"items_purged":["Writhe"],"score":100,"play_id":"34e5ea28-6e36-43ca-aa82-f44b66602621","local_time":"20210118004145","is_ascension_mode":false,"campfire_choices":[{"data":"bronze:InfiniteLoop","floor":1,"key":"SMITH"},{"floor":6,"key":"RECALL"},{"data":"bronze:BuggyMess","floor":13,"key":"SMITH"}],"circlet_count":0,"master_deck":["bronze:Strike","bronze:Strike+1","bronze:Strike","bronze:Strike","bronze:Defend","bronze:Defend","bronze:Defend","bronze:Defend","bronze:Replicate","bronze:Goto","bronze:InfiniteLoop+1","bronze:Separator","bronze:DelayedSlice+1","Doubt","bronze:Shield","Panache","bronze:DelayedGuard","bronze:FineTuning","bronze:BuggyMess+1","bronze:Boost","bronze:FineTuning","bronze:Branch"],"relics":["bronze:BronzeCore","Whetstone","Pear"],"acts_visited":["Exordium"],"potions_floor_usage":[16,16,16],"damage_taken":[{"damage":0,"enemies":"Small Slimes","floor":2,"turns":3},{"damage":6,"enemies":"Cultist","floor":3,"turns":3},{"damage":5,"enemies":"downfall:FleeingMerchant","floor":8,"turns":4},{"damage":1,"enemies":"2 Louse","floor":9,"turns":2},{"damage":0,"enemies":"downfall:FleeingMerchant","floor":10,"turns":4},{"damage":20,"enemies":"downfall:FleeingMerchant","floor":11,"turns":4},{"damage":3,"enemies":"Gremlin Nob","floor":12,"turns":3},{"damage":3,"enemies":"Large Slime","floor":14,"turns":5},{"damage":0,"enemies":"Blue Slaver","floor":15,"turns":3},{"damage":43,"enemies":"SI_SHIV_ARCHETYPE","floor":16,"turns":5}],"seed_played":"5189084849245689014","potions_obtained":[{"floor":3,"key":"PowerPotion"},{"floor":9,"key":"Swift Potion"},{"floor":14,"key":"PowerPotion"},{"floor":15,"key":"Swift Potion"}],"is_trial":false,"path_per_floor":["R","M","M","?","?","R","T","$","M","$","$","E","R","M","M","B"],"character_chosen":"THE_AUTOMATON","items_purchased":["Panache"],"campfire_rested":0,"item_purchase_floors":[8],"current_hp_per_floor":[70,70,64,64,64,64,64,59,58,58,38,45,45,42,42,0,0],"gold":133,"neow_bonus":"THREE_RARE_CARDS","is_daily":false,"chose_seed":false,"campfire_upgraded":2,"win_rate":0.0,"timestamp":1610948505,"path_taken":["R","M","M","?","?","R","T","$","?","?","$","E","R","M","M","BOSS"],"items_purchased_type":["Card"],"build_version":"2020-12-22","purchased_purges":1,"victory":false,"max_hp_per_floor":[70,70,70,70,70,70,70,70,70,70,70,80,80,80,80,80,80],"card_choices":[{"not_picked":["bronze:Assembly","bronze:FindAndReplace"],"picked":"bronze:InfiniteLoop","floor":0},{"not_picked":["bronze:Refactor","bronze:CutThrough"],"picked":"bronze:Separator","floor":2},{"not_picked":["bronze:Iterate","bronze:CloningBeam"],"picked":"bronze:DelayedSlice","floor":3},{"not_picked":["bronze:ItsAFeature","bronze:OilSpill"],"picked":"bronze:Shield","floor":8},{"not_picked":["bronze:BuggyMess","bronze:WildBeam"],"picked":"bronze:DelayedGuard","floor":9},{"not_picked":["bronze:Overheat","bronze:BugBarrage"],"picked":"bronze:FineTuning","floor":10},{"not_picked":["bronze:Shield","bronze:Return"],"picked":"bronze:BuggyMess","floor":11},{"not_picked":["bronze:CleanCode","bronze:Safeguard"],"picked":"bronze:Boost","floor":12},{"not_picked":["bronze:BuggyMess","bronze:Branch"],"picked":"bronze:FineTuning","floor":14},{"not_picked":["bronze:Deprecate","bronze:Backtrace"],"picked":"bronze:Branch","floor":15}],"player_experience":150566,"relics_obtained":[{"floor":7,"key":"Whetstone"},{"floor":12,"key":"Pear"}],"event_choices":[{"damage_healed":0,"gold_gain":0,"player_choice":"Ignored","damage_taken":0,"max_hp_gain":0,"max_hp_loss":0,"event_name":"NoteForYourself","floor":5,"gold_loss":0}],"is_beta":false,"boss_relics":[],"items_purged_floors":[8],"is_endless":false,"potions_floor_spawned":[3,9,14,15],"killed_by":"SI_SHIV_ARCHETYPE","ascension_level":0}}