{"host":"8a3jzv7qxg3y7b6t","time":1610944969,"event":{"mods":["BaseMod","Better Third Choice","Downfall","Hermit","Minty Spire (QoL Compilation)","Relic Stats","StSLib","The Bug Knight","The Cursed"],"gold_per_floor":[113,113,127,127,145,177,177,211,292,317,327,327,352,373,373,474,474,489,505,17,17,17,42,42,73,73,73,83,83,95,122,122,227,227,238,252,252,266,266,292,0,12,12],"floor_reached":42,"language":"ENG","playtime":3221,"items_purged":[],"score":538,"play_id":"f9159b93-b3bf-4bd0-b1b9-d2be866394d3","local_time":"20210117204249","is_ascension_mode":true,"campfire_choices":[{"floor":15,"key":"RECALL"},{"floor":24,"key":"REST"},{"floor":27,"key":"REST"},{"floor":32,"key":"REST"}],"circlet_count":0,"master_deck":["HollowMod:NailStrikeStart+1","HollowMod:NailStrikeStart+1","HollowMod:NailStrikeStart+1","HollowMod:NailStrikeStart+1","HollowMod:QuickDashStart+1","HollowMod:QuickDashStart+1","HollowMod:QuickDashStart+1","HollowMod:QuickDashStart+1","HollowMod:FocusHealStart","HollowMod:PogoStrike","HollowMod:SoulEater","HollowMod:DungDefenderAura","HollowMod:CloakDash","HollowMod:FallenFury","HollowMod:HeavyBlow","HollowMod:FallenFury","HollowMod:GrimmsGift","HollowMod:SharpenedNail","HollowMod:LifebloodCocoon+1","Panache","HollowMod:DesolateDive","HollowMod:SharpenedNail+1","HollowMod:SoulSplash","HollowMod:MidwifesHunger","CurseOfTheBell","HollowMod:DashSlash+1","Writhe"],"relics":["HollowMod:VesselMask","Anchor","FossilizedHelix","Bronze Scales","Bottled Tornado","Kunai","HollowMod:PaleOreRelic","Boot","Odd Mushroom","Sozu","StoneCalendar","HollowMod:StagPassRelic","Shuriken","Du-Vu Doll","Calling Bell","HollowMod:KingsBrand","Singing Bowl","Incense Burner","MawBank","Red Mask"],"acts_visited":["Exordium","TheCity","TheBeyond"],"potions_floor_usage":[6,10,13,16],"damage_taken":[{"damage":0,"enemies":"2 Louse","floor":1,"turns":2},{"damage":0,"enemies":"Small Slimes","floor":3,"turns":3},{"damage":0,"enemies":"Jaw Worm","floor":5,"turns":4},{"damage":12,"enemies":"3 Sentries","floor":6,"turns":11},{"damage":22,"enemies":"Lagavulin","floor":8,"turns":10},{"damage":14,"enemies":"Gremlin Nob","floor":10,"turns":5},{"damage":0,"enemies":"Exordium Wildlife","floor":11,"turns":4},{"damage":12,"enemies":"Lagavulin","floor":13,"turns":8},{"damage":0,"enemies":"The Mushroom Lair","floor":14,"turns":5},{"damage":31,"enemies":"Hexaghost","floor":16,"turns":9},{"damage":20,"enemies":"Spheric Guardian","floor":18,"turns":5},{"damage":0,"enemies":"Chosen","floor":19,"turns":6},{"damage":24,"enemies":"Book of Stabbing","floor":23,"turns":6},{"damage":19,"enemies":"Gremlin Leader","floor":25,"turns":7},{"damage":14,"enemies":"Sentry and Sphere","floor":28,"turns":4},{"damage":0,"enemies":"Snake Plant","floor":30,"turns":3},{"damage":6,"enemies":"Book of Stabbing","floor":31,"turns":5},{"damage":15,"enemies":"HollowMod:NKGrimm","floor":33,"turns":9},{"damage":0,"enemies":"Orb Walker","floor":35,"turns":3},{"damage":20,"enemies":"3 Darklings","floor":36,"turns":5},{"damage":39,"enemies":"4 Shapes","floor":38,"turns":6},{"damage":15,"enemies":"Reptomancer","floor":40,"turns":7},{"damage":41,"enemies":"Giant Head","floor":42,"turns":8}],"seed_played":"-4216250594848780997","potions_obtained":[{"floor":1,"key":"Explosive Potion"},{"floor":8,"key":"EssenceOfSteel"},{"floor":10,"key":"LiquidBronze"},{"floor":14,"key":"LiquidBronze"},{"floor":16,"key":"SneckoOil"}],"is_trial":false,"path_per_floor":["M","?","M","$","M","E","?","E","T","E","M","?","E","?","R","B",null,"M","M","$","?","?","E","R","E","T","R","M","?","M","E","R","B",null,"M","M","?","M","?","E","?","E"],"character_chosen":"THE_BUGKNIGHT","items_purchased":["Panache","StoneCalendar"],"campfire_rested":3,"item_purchase_floors":[20,20],"current_hp_per_floor":[75,57,67,67,73,71,71,56,56,42,48,48,36,42,42,11,75,55,65,65,65,65,41,63,44,44,66,52,52,52,46,68,64,75,75,57,76,45,45,38,38,0,0],"gold":12,"neow_bonus":"RANDOM_COMMON_RELIC","is_daily":false,"chose_seed":false,"campfire_upgraded":0,"win_rate":0.0,"timestamp":1610944969,"path_taken":["M","?","M","$","M","E","?","E","T","E","M","?","E","?","R","BOSS","M","M","$","?","?","E","R","E","T","R","M","?","M","E","R","BOSS","M","M","?","M","?","E","?","E"],"items_purchased_type":["Card","Relic"],"build_version":"2020-12-22","purchased_purges":0,"victory":false,"max_hp_per_floor":[75,75,75,75,75,75,75,75,75,75,75,75,75,75,75,75,75,75,75,75,75,75,75,75,75,75,75,75,75,75,75,75,75,75,75,77,77,79,79,81,81,81,81],"relic_stats":{"Sozu":5,"Singing Bowl":6,"counters":[23,135],"Shuriken":[23],"Bronze Scales":[294],"StoneCalendar":[136],"Kunai":[38],"Boot":[33],"MawBank":24,"obtain_stats":[{"Singing Bowl":34,"HollowMod:VesselMask":0,"StoneCalendar":20,"Incense Burner":34,"Bottled Tornado":8,"Odd Mushroom":14,"Boot":13,"HollowMod:StagPassRelic":23,"HollowMod:KingsBrand":34,"MawBank":40,"Sozu":17,"Du-Vu Doll":31,"Calling Bell":34,"Anchor":0,"Shuriken":25,"Bronze Scales":6,"Red Mask":41,"Kunai":9,"HollowMod:PaleOreRelic":10,"FossilizedHelix":2},{"Singing Bowl":18,"HollowMod:VesselMask":0,"StoneCalendar":12,"Incense Burner":18,"Bottled Tornado":5,"Odd Mushroom":9,"Boot":8,"HollowMod:StagPassRelic":13,"HollowMod:KingsBrand":18,"MawBank":22,"Sozu":10,"Du-Vu Doll":17,"Calling Bell":18,"Anchor":0,"Shuriken":14,"Bronze Scales":4,"Red Mask":22,"Kunai":5,"HollowMod:PaleOreRelic":6,"FossilizedHelix":1},{"Singing Bowl":106,"HollowMod:VesselMask":0,"StoneCalendar":72,"Incense Burner":106,"Bottled Tornado":30,"Odd Mushroom":52,"Boot":47,"HollowMod:StagPassRelic":78,"HollowMod:KingsBrand":106,"MawBank":127,"Sozu":61,"Du-Vu Doll":97,"Calling Bell":106,"Anchor":0,"Shuriken":85,"Bronze Scales":20,"Red Mask":127,"Kunai":30,"HollowMod:PaleOreRelic":35,"FossilizedHelix":2}]},"card_choices":[{"not_picked":["HollowMod:Grubsong","HollowMod:VengefulVoid"],"picked":"HollowMod:SoulEater","floor":1},{"not_picked":["HollowMod:SiblingsSouls","HollowMod:VengefulSpirit"],"picked":"HollowMod:DungDefenderAura","floor":3},{"not_picked":["HollowMod:HeavyBlow","HollowMod:SharpenedShadows"],"picked":"HollowMod:CloakDash","floor":5},{"not_picked":["HollowMod:MothsMistake","HollowMod:MawleksShell"],"picked":"HollowMod:FallenFury","floor":6},{"not_picked":["HollowMod:MonomonsArchive","HollowMod:DescendingDark"],"picked":"HollowMod:HeavyBlow","floor":8},{"not_picked":["HollowMod:CloakDash","HollowMod:ShadowDash"],"picked":"HollowMod:FallenFury","floor":10},{"not_picked":["HollowMod:ZotesMagnificence","HollowMod:BlackTendrils"],"picked":"HollowMod:GrimmsGift","floor":11},{"not_picked":["HollowMod:TaintedHusks","HollowMod:SiblingsSouls","HollowMod:SoulEater"],"picked":"SKIP","floor":13},{"not_picked":["HollowMod:NewLittleFool","HollowMod:CornifersMapStart"],"picked":"HollowMod:SharpenedNail","floor":14},{"not_picked":["HollowMod:LifebloodCore","HollowMod:RadiancesLament"],"picked":"HollowMod:SoulMaster","floor":16},{"not_picked":["HollowMod:InfectedCysts","HollowMod:ChannelNail"],"picked":"HollowMod:LifebloodCocoon+1","floor":18},{"not_picked":["HollowMod:LifebloodCocoon","HollowMod:SharpenedShadows","HollowMod:HuntersJournal"],"picked":"SKIP","floor":19},{"not_picked":["HollowMod:TaintedHusks","HollowMod:GrimmsGift+1","HollowMod:GoodIntentions"],"picked":"SKIP","floor":23},{"not_picked":["HollowMod:PerfectDash+1","HollowMod:VoidDash"],"picked":"HollowMod:DesolateDive","floor":25},{"not_picked":["HollowMod:SoulSplash","HollowMod:GoodIntentions"],"picked":"HollowMod:SharpenedNail+1","floor":28},{"not_picked":["HollowMod:GoodIntentions","HollowMod:SoulStrike","HollowMod:ChannelNail+1"],"picked":"SKIP","floor":30},{"not_picked":["HollowMod:CornifersMapStart","HollowMod:SharpenedNail"],"picked":"HollowMod:SoulSplash","floor":31},{"not_picked":["HollowMod:HornetsHelp","HollowMod:ElderbugsWisdom"],"picked":"HollowMod:MidwifesHunger","floor":33},{"not_picked":["HollowMod:DescendingDark+1","HollowMod:MothsMistake+1"],"picked":"HollowMod:DashSlash+1","floor":35},{"not_picked":["HollowMod:SoulEater","HollowMod:AbyssShriek","HollowMod:VengefulSpirit+1"],"picked":"Singing Bowl","floor":36},{"not_picked":["HollowMod:NewLittleFool","HollowMod:CornifersMapStart","HollowMod:InfectedAttack+1"],"picked":"Singing Bowl","floor":38},{"not_picked":["HollowMod:ElderbugsWisdom","HollowMod:ShapeofUnn+1","HollowMod:DoubleDash+1"],"picked":"Singing Bowl","floor":40}],"player_experience":602020,"relics_obtained":[{"floor":6,"key":"Bronze Scales"},{"floor":8,"key":"Bottled Tornado"},{"floor":9,"key":"Kunai"},{"floor":10,"key":"HollowMod:PaleOreRelic"},{"floor":13,"key":"Boot"},{"floor":14,"key":"Odd Mushroom"},{"floor":23,"key":"HollowMod:StagPassRelic"},{"floor":25,"key":"Shuriken"},{"floor":31,"key":"Du-Vu Doll"},{"floor":34,"key":"HollowMod:KingsBrand"},{"floor":34,"key":"Singing Bowl"},{"floor":34,"key":"Incense Burner"},{"floor":40,"key":"MawBank"}],"event_choices":[{"damage_healed":0,"gold_gain":0,"player_choice":"Relic ","damage_taken":18,"max_hp_gain":0,"max_hp_loss":0,"event_name":"betterThird:BetterScrap","floor":2,"gold_loss":0,"cards_obtained":["Doom and Gloom"]},{"damage_healed":0,"gold_gain":0,"player_choice":"Leave","damage_taken":0,"max_hp_gain":0,"max_hp_loss":0,"event_name":"The Cleric","floor":7,"gold_loss":0},{"damage_healed":0,"gold_gain":0,"player_choice":"Fought Mushrooms","damage_taken":0,"max_hp_gain":0,"max_hp_loss":0,"event_name":"Mushrooms","floor":14,"gold_loss":0},{"damage_healed":0,"gold_gain":0,"player_choice":"Simplicity","damage_taken":0,"max_hp_gain":0,"max_hp_loss":8,"event_name":"betterThird:BetterWriting","floor":21,"gold_loss":0},{"damage_healed":0,"gold_gain":0,"player_choice":"Ignored","damage_taken":0,"max_hp_gain":0,"max_hp_loss":0,"event_name":"Vampires","floor":22,"gold_loss":0},{"damage_healed":0,"gold_gain":0,"player_choice":"Ignored","damage_taken":0,"max_hp_gain":0,"max_hp_loss":0,"event_name":"Ghosts","floor":29,"gold_loss":0},{"damage_healed":19,"gold_gain":0,"player_choice":"Writhe","damage_taken":0,"max_hp_gain":0,"max_hp_loss":0,"event_name":"Winding Halls","floor":37,"gold_loss":0,"cards_obtained":["Writhe"]},{"cards_removed":["HollowMod:SoulMaster"],"damage_healed":0,"gold_gain":0,"player_choice":"Removed Power","damage_taken":0,"max_hp_gain":0,"max_hp_loss":0,"event_name":"Falling","floor":39,"gold_loss":0},{"damage_healed":0,"gold_gain":0,"player_choice":"Paid","damage_taken":0,"relics_obtained":["Red Mask"],"max_hp_gain":0,"max_hp_loss":0,"event_name":"Tomb of Lord Red Mask","floor":41,"gold_loss":304}],"is_beta":false,"boss_relics":[{"not_picked":["Cursed Key","Snecko Eye"],"picked":"Sozu"},{"not_picked":["Pandora\u0027s Box","Black Star"],"picked":"Calling Bell"}],"items_purged_floors":[],"is_endless":false,"potions_floor_spawned":[1,8,10,14,16,18,28,31,33,35],"killed_by":"Giant Head","ascension_level":1}}