{"host":"d66n7ln59ex8canu","time":1610995964,"event":{"mods":["AchievementEnabler","BaseMod","Colored Map","Minty Spire (QoL Compilation)","Quick Restart","StSLib"],"gold_per_floor":[12,12,26,26,49,49,87,108,156,156,179,100,100,119,119,242,242,262,281,281,281],"floor_reached":20,"language":"ENG","playtime":698,"items_purged":[],"score":238,"play_id":"77fc774a-89bd-4cad-9e6c-90c74d7157c8","local_time":"20210118135244","is_ascension_mode":true,"campfire_choices":[{"data":"Zap","floor":6,"key":"SMITH"},{"floor":15,"key":"REST"}],"circlet_count":0,"master_deck":["Strike_B","Strike_B","Strike_B","Strike_B+1","Defend_B","Defend_B","Defend_B","Defend_B","Zap+1","Dualcast","Capacitor","Cold Snap","Ball Lightning","Melter+1","Steam","Doom and Gloom","Ball Lightning","Creative AI","Coolheaded+1"],"relics":["Cracked Core","Emotion Chip","Golden Idol","Shuriken","Whetstone","Question Card","Inserter"],"acts_visited":["Exordium","TheCity"],"potions_floor_usage":[1,7,16,16,20],"damage_taken":[{"damage":2,"enemies":"Small Slimes","floor":1,"turns":4},{"damage":12,"enemies":"Jaw Worm","floor":3,"turns":3},{"damage":0,"enemies":"2 Louse","floor":5,"turns":3},{"damage":17,"enemies":"3 Sentries","floor":7,"turns":6},{"damage":9,"enemies":"Red Slaver","floor":8,"turns":2},{"damage":17,"enemies":"Lots of Slimes","floor":11,"turns":4},{"damage":6,"enemies":"2 Fungi Beasts","floor":14,"turns":3},{"damage":21,"enemies":"Hexaghost","floor":16,"turns":6},{"damage":28,"enemies":"Chosen","floor":18,"turns":6},{"damage":0,"enemies":"Spheric Guardian","floor":19,"turns":1},{"damage":37,"enemies":"Snake Plant","floor":20,"turns":4}],"seed_played":"-3471205994329646913","potions_obtained":[{"floor":1,"key":"EntropicBrew"},{"floor":7,"key":"CultistPotion"},{"floor":10,"key":"Explosive Potion"},{"floor":18,"key":"SpeedPotion"}],"is_trial":false,"path_per_floor":["M","?","M","?","M","R","E","M","T","?","M","$","T","M","R","B",null,"M","M","M"],"character_chosen":"DEFECT","items_purchased":["Doom and Gloom"],"campfire_rested":1,"item_purchase_floors":[12],"current_hp_per_floor":[66,48,36,61,61,61,44,35,35,35,18,18,18,12,34,13,60,32,32,0,0],"gold":281,"neow_bonus":"ONE_RARE_RELIC","is_daily":false,"chose_seed":false,"campfire_upgraded":1,"win_rate":0.0,"timestamp":1610995964,"path_taken":["M","?","M","?","M","R","E","M","T","?","?","$","?","M","R","BOSS","M","?","M"],"items_purchased_type":["Card"],"build_version":"2020-12-22","purchased_purges":0,"victory":false,"max_hp_per_floor":[75,75,75,75,75,75,75,75,75,75,75,75,75,75,75,75,75,75,75,75,75],"card_choices":[{"not_picked":["Auto Shields","Scrape"],"picked":"Capacitor","floor":1},{"not_picked":["Redo","Gash"],"picked":"Cold Snap","floor":3},{"not_picked":["Compile Driver","Sweeping Beam"],"picked":"Ball Lightning","floor":5},{"not_picked":["Ball Lightning","Auto Shields"],"picked":"Melter","floor":7},{"not_picked":["Redo","Streamline"],"picked":"Steam","floor":8},{"not_picked":["Barrage","Rebound","Turbo"],"picked":"SKIP","floor":11},{"not_picked":["Steam Power","Hello World","Rainbow"],"picked":"Ball Lightning","floor":14},{"not_picked":["Meteor Strike","Rainbow","Fission"],"picked":"Creative AI","floor":16},{"not_picked":["Gash","Hello World+1","Rebound"],"picked":"Coolheaded+1","floor":18},{"not_picked":["Lockon","Sweeping Beam+1","Compile Driver","Aggregate"],"picked":"SKIP","floor":19}],"player_experience":334858,"relics_obtained":[{"floor":7,"key":"Shuriken"},{"floor":9,"key":"Whetstone"},{"floor":13,"key":"Question Card"}],"event_choices":[{"damage_healed":0,"gold_gain":0,"player_choice":"Take Damage","damage_taken":18,"relics_obtained":["Golden Idol"],"max_hp_gain":0,"max_hp_loss":0,"event_name":"Golden Idol","floor":2,"gold_loss":0},{"damage_healed":25,"gold_gain":0,"player_choice":"Banana","damage_taken":0,"max_hp_gain":0,"max_hp_loss":0,"event_name":"Big Fish","floor":4,"gold_loss":0},{"damage_healed":0,"gold_gain":0,"player_choice":"Got Potions","damage_taken":0,"max_hp_gain":0,"max_hp_loss":0,"event_name":"Lab","floor":10,"gold_loss":0}],"is_beta":false,"boss_relics":[{"not_picked":["Snecko Eye","Cursed Key"],"picked":"Inserter"}],"items_purged_floors":[],"is_endless":false,"potions_floor_spawned":[1,7,8,18],"killed_by":"Snake Plant","ascension_level":7}}