{"host":"ayh4nqhr0ddw4ozv","time":1610928737,"event":{"mods":["BaseMod","Minty Spire (QoL Compilation)","Relic Stats","Replay The Spire","Robot Space Explorer","StSLib"],"gold_per_floor":[118,137,137,151,226,226,271,271,297,348,381,13,13,13,13,125,125,146,174,174,174,174,174,197,197,250,289,314,314,357,282,314,38,38,124,124,164,206,106,151,151,212,285,385,460,519,580,637,693,736,736,760,760,760,11,59,79],"floor_reached":58,"language":"ENG","playtime":4761,"items_purged":["Strike_G","Defend_G","HandOfGreed"],"score":1754,"play_id":"e4953afa-151e-4757-a502-49b2e68199b5","local_time":"20210117161217","is_ascension_mode":true,"campfire_choices":[{"data":"Masterful Stab","floor":6.0,"key":"SMITH"},{"floor":15.0,"key":"REST"},{"data":"Envenom","floor":25.0,"key":"SMITH"},{"data":"Noxious Fumes","floor":29.0,"key":"SMITH"},{"data":"ReplayTheSpireMod:Necrosis","floor":34.0,"key":"SMITH"},{"floor":51,"key":"RECALL"},{"data":"Apotheosis","floor":54,"key":"SMITH"}],"circlet_count":0,"master_deck":["AscendersBane","Defend_G","Defend_G","Defend_G","Defend_G","Survivor","Neutralize","Masterful Stab+1","Blade Dance","Leg Sweep+1","Blur","ReplayTheSpireMod:Speed Training","Tools of the Trade+1","Deadly Poison","Noxious Fumes+1","Envenom+1","Poisoned Stab","ReplayTheSpireMod:From All Sides+1","Flechettes+1","Envenom","Blur","ReplayTheSpireMod:Necrosis+1","Acrobatics+1","Apotheosis+1","Good Instincts","Heel Hook+1","Heel Hook+1","PiercingWail","Pot Of Greed","Pot Of Greed","Pot Of Greed"],"relics":["Ring of the Snake","NeowsBlessing","Replay:Bandana","Bag of Preparation","Bloody Idol","Snake Skull","Potion Belt","Ancient Tea Set","Guide Book","WristBlade","Bronze Scales","Boot","ReplayTheSpireMod:TigerMarble","Snack Pack","Chemical X","ChewingGum","Molten Egg 2","Incense Burner","Whetstone","Centennial Puzzle","Replay:Kaleidoscope","HornCleat","Toolbox","Vajra","Grinning Jar"],"acts_visited":["Exordium","TheCity","TheBeyond","TheEnding"],"potions_floor_usage":[48,52,56,56,57,57],"damage_taken":[{"damage":0.0,"enemies":"Small Slimes","floor":1.0,"turns":1.0},{"damage":0.0,"enemies":"2 Louse","floor":2.0,"turns":1.0},{"damage":0.0,"enemies":"Jaw Worm","floor":4.0,"turns":1.0},{"damage":23.0,"enemies":"Lagavulin","floor":7.0,"turns":7.0},{"damage":17.0,"enemies":"Gremlin Nob","floor":10.0,"turns":4.0},{"damage":0.0,"enemies":"Blue Slaver","floor":11.0,"turns":4.0},{"damage":4.0,"enemies":"Slime Boss","floor":16.0,"turns":12.0},{"damage":12.0,"enemies":"Spheric Guardian","floor":18.0,"turns":6.0},{"damage":7.0,"enemies":"Shell Parasite","floor":19.0,"turns":6.0},{"damage":2.0,"enemies":"Slavers","floor":26.0,"turns":5.0},{"damage":4.0,"enemies":"Cultist and Chosen","floor":27.0,"turns":5.0},{"damage":12.0,"enemies":"Gremlin Leader","floor":30.0,"turns":6.0},{"damage":0.0,"enemies":"Snecko","floor":32.0,"turns":4.0},{"damage":14.0,"enemies":"Collector","floor":35.0,"turns":6.0},{"damage":0.0,"enemies":"Orb Walker","floor":37.0,"turns":3.0},{"damage":0.0,"enemies":"3 Darklings","floor":38.0,"turns":5.0},{"damage":0.0,"enemies":"Sphere and 2 Shapes","floor":40.0,"turns":3.0},{"damage":0.0,"enemies":"Nemesis","floor":42.0,"turns":5.0},{"damage":10.0,"enemies":"2 Orb Walkers","floor":43.0,"turns":4.0},{"damage":0.0,"enemies":"R_Hoarder","floor":46.0,"turns":7.0},{"damage":0,"enemies":"Jaw Worm Horde","floor":47,"turns":5},{"damage":0,"enemies":"Reptomancer","floor":48,"turns":5},{"damage":0,"enemies":"4 Shapes","floor":49,"turns":5},{"damage":0,"enemies":"Mind Bloom Boss Battle","floor":50,"turns":6},{"damage":54,"enemies":"Replay:Hell Engine","floor":52,"turns":13},{"damage":15,"enemies":"Shield and Spear","floor":56,"turns":7},{"damage":53,"enemies":"The Heart","floor":57,"turns":10}],"seed_played":"-3886422756970884696","potions_obtained":[{"floor":2.0,"key":"SkillPotion"},{"floor":4.0,"key":"SpeedPotion"},{"floor":7.0,"key":"Adrenaline Potion"},{"floor":19.0,"key":"Milkshake"},{"floor":32.0,"key":"SkillPotion"},{"floor":35.0,"key":"Milkshake"},{"floor":38.0,"key":"Block Potion"},{"floor":40.0,"key":"Energy Potion"},{"floor":46.0,"key":"EssenceOfSteel"},{"floor":49,"key":"BlessingOfTheForge"},{"floor":50,"key":"Explosive Potion"}],"is_trial":false,"path_per_floor":["M","M","?","M","?","R","E","?","T","E","M","$","?","$","R","B",null,"M","M","?","PTL","PTL","?","T","R","E","M","T","R","E","?","M","$","R","B",null,"M","M","$","M","?","E","?","?","T","E","M","E","M","?","R","B",null,"R","$","E","B",null],"character_chosen":"THE_SILENT","items_purchased":["Ancient Tea Set","Noxious Fumes","Guide Book","Chemical X","Adrenaline Potion","HornCleat","Toolbox","Ancient Potion","Vajra"],"campfire_rested":1,"item_purchase_floors":[12,12,12,33,33,55,55,55,55],"current_hp_per_floor":[63,63,63,63,46,46,23,23,23,6,6,6,27,27,46,42,59,47,40,40,40,40,40,45,45,48,49,54,54,47,47,54,54,54,49,61,65,65,65,65,55,64,63,65,65,65,65,65,65,65,65,15,53,53,53,53,2],"gold":79,"neow_bonus":"THREE_ENEMY_KILL","is_daily":false,"chose_seed":false,"campfire_upgraded":5,"win_rate":0.0,"timestamp":1610928737,"path_taken":["M","M","?","M","?","R","E","?","T","E","?","$","?","$","R","BOSS","M","M","?","PTL","PTL","?","?","R","E","M","T","R","E","?","M","$","R","BOSS","M","M","$","M","?","E","?","?","T","E","M","E","?","?","R","BOSS","R","$","E","BOSS"],"items_purchased_type":["Relic","Card","Relic","Relic","Potion","Relic","Relic","Potion","Relic"],"build_version":"2020-12-22","purchased_purges":3,"victory":true,"max_hp_per_floor":[70,70,70,70,70,70,70,65,65,65,65,65,65,65,65,65,65,65,65,65,65,65,65,65,65,65,65,65,65,65,65,65,65,65,65,65,65,65,65,65,65,65,65,65,65,65,65,65,65,65,65,65,65,65,65,65,65],"relic_stats":{"Centennial Puzzle":[9],"counters":[27,146],"Bloody Idol":464,"Bronze Scales":[363],"Snake Skull":[411],"Bag of Preparation":[46],"Chemical X":[28],"Whetstone":["ReplayTheSpireMod:From All Sides","Flechettes"],"Boot":[193],"obtain_stats":[{"Vajra":55,"Snake Skull":9,"Bag of Preparation":7,"Incense Burner":43,"Whetstone":46,"Ancient Tea Set":12,"Boot":26,"Replay:Bandana":5,"Centennial Puzzle":48,"HornCleat":55,"WristBlade":17,"Toolbox":55,"Chemical X":33,"Ring of the Snake":0,"Potion Belt":10,"NeowsBlessing":0,"Golden Idol":8,"Guide Book":12,"Replay:Kaleidoscope":50,"Bloody Idol":23,"Bronze Scales":24,"ChewingGum":36,"Molten Egg 2":42,"ReplayTheSpireMod:TigerMarble":28,"Snack Pack":30,"Grinning Jar":56},{"Vajra":25,"Snake Skull":4,"Bag of Preparation":4,"Incense Burner":19,"Whetstone":20,"Ancient Tea Set":6,"Boot":10,"Replay:Bandana":3,"Centennial Puzzle":22,"HornCleat":25,"WristBlade":7,"Toolbox":25,"Chemical X":13,"Ring of the Snake":0,"Potion Belt":5,"NeowsBlessing":0,"Golden Idol":4,"Guide Book":6,"Replay:Kaleidoscope":24,"Bloody Idol":9,"Bronze Scales":9,"ChewingGum":14,"Molten Egg 2":18,"ReplayTheSpireMod:TigerMarble":11,"Snack Pack":12,"Grinning Jar":26},{"Vajra":129,"Snake Skull":10,"Bag of Preparation":10,"Incense Burner":88,"Whetstone":95,"Ancient Tea Set":18,"Boot":47,"Replay:Bandana":3,"Centennial Puzzle":105,"HornCleat":129,"WristBlade":30,"Toolbox":129,"Chemical X":62,"Ring of the Snake":0,"Potion Belt":14,"NeowsBlessing":0,"Golden Idol":10,"Guide Book":18,"Replay:Kaleidoscope":116,"Bloody Idol":42,"Bronze Scales":42,"ChewingGum":68,"Molten Egg 2":84,"ReplayTheSpireMod:TigerMarble":52,"Snack Pack":58,"Grinning Jar":136}],"Ring of the Snake":[54]},"card_choices":[{"not_picked":["Hidden Blade","Dagger Spray"],"picked":"Masterful Stab","floor":1.0},{"not_picked":["Outmaneuver","Eviscerate"],"picked":"Blade Dance","floor":2.0},{"not_picked":["Backstab","Sucker Punch"],"picked":"Leg Sweep","floor":4.0},{"not_picked":["Storm of Steel","Quick Slash"],"picked":"Blur","floor":5.0},{"not_picked":["Sucker Punch","Flechettes"],"picked":"ReplayTheSpireMod:Speed Training","floor":7.0},{"not_picked":["Blur","Dagger Throw"],"picked":"Tools of the Trade","floor":10.0},{"not_picked":["Fluid Movement","Blade Dance"],"picked":"Deadly Poison","floor":11.0},{"not_picked":["Burst","Adrenaline"],"picked":"Envenom","floor":16.0},{"not_picked":["Acrobatics","Flying Knee"],"picked":"Poisoned Stab","floor":18.0},{"not_picked":["Bane","Flying Knee"],"picked":"ReplayTheSpireMod:From All Sides","floor":19.0},{"not_picked":["Cloak And Dagger","A Thousand Cuts"],"picked":"Blur","floor":26.0},{"not_picked":["Bane","Poisoned Stab","Sucker Punch"],"picked":"SKIP","floor":27.0},{"not_picked":["Poisoned Stab","Flying Knee"],"picked":"ReplayTheSpireMod:Necrosis","floor":30.0},{"not_picked":["Underhanded Strike","Dagger Spray+1","Outmaneuver"],"picked":"SKIP","floor":32.0},{"not_picked":["Bane","Deflect+1","Prepared"],"picked":"SKIP","floor":37.0},{"not_picked":["Flying Knee","Dagger Throw"],"picked":"Acrobatics+1","floor":38.0},{"not_picked":["Terror","Bouncing Flask","Finisher"],"picked":"SKIP","floor":40.0},{"not_picked":["Replay:Parry","Poisoned Strike"],"picked":"Apotheosis","floor":41.0},{"not_picked":["ReplayTheSpireMod:Uncanny Aura","Replay:Sssssssssstrike"],"picked":"Good Instincts","floor":41.0},{"not_picked":["Specialist","Chrysalis"],"picked":"HandOfGreed","floor":41.0},{"not_picked":["Deflect","Glass Knife+1","Bane+1"],"picked":"SKIP","floor":42.0},{"not_picked":["Backflip","Dagger Spray+1"],"picked":"Heel Hook+1","floor":46.0},{"not_picked":["Infinite Blades","Dodge and Roll"],"picked":"Heel Hook+1","floor":47},{"not_picked":["Underhanded Strike+1","Grand Finale+1","Terror"],"picked":"SKIP","floor":48},{"not_picked":["Flying Knee+1","Deflect"],"picked":"PiercingWail","floor":49},{"not_picked":["Masterful Stab+1","Crippling Poison","Tools of the Trade"],"picked":"SKIP","floor":56}],"player_experience":344508,"relics_obtained":[{"floor":5.0,"key":"Replay:Bandana"},{"floor":7.0,"key":"Bag of Preparation"},{"floor":9.0,"key":"Snake Skull"},{"floor":10.0,"key":"Potion Belt"},{"floor":24.0,"key":"Bronze Scales"},{"floor":26.0,"key":"Boot"},{"floor":28.0,"key":"ReplayTheSpireMod:TigerMarble"},{"floor":30.0,"key":"Snack Pack"},{"floor":42.0,"key":"Molten Egg 2"},{"floor":43.0,"key":"Incense Burner"},{"floor":46.0,"key":"Whetstone"},{"floor":48,"key":"Centennial Puzzle"},{"floor":50,"key":"Replay:Kaleidoscope"},{"floor":56,"key":"Grinning Jar"}],"event_choices":[{"damage_healed":0.0,"max_hp_gain":0.0,"max_hp_loss":5.0,"gold_gain":0.0,"event_name":"Golden Idol","player_choice":"Lose Max HP","floor":8.0,"gold_loss":0.0,"damage_taken":0.0,"relics_obtained":["Golden Idol"]},{"damage_healed":21.0,"max_hp_gain":0.0,"max_hp_loss":0.0,"gold_gain":0.0,"event_name":"Big Fish","player_choice":"Banana","floor":13.0,"gold_loss":0.0,"damage_taken":0.0},{"damage_healed":0.0,"max_hp_gain":0.0,"max_hp_loss":0.0,"gold_gain":0.0,"cards_transformed":["Strike_G","Strike_G"],"event_name":"Drug Dealer","player_choice":"Became Test Subject","floor":20.0,"gold_loss":0.0,"damage_taken":0.0,"cards_obtained":["Flechettes","Envenom"]},{"damage_healed":0.0,"max_hp_gain":0.0,"max_hp_loss":0.0,"gold_gain":0.0,"event_name":"Forgotten Altar","player_choice":"Gave Idol","floor":23.0,"relics_lost":["Golden Idol"],"gold_loss":0.0,"damage_taken":0.0,"relics_obtained":["Bloody Idol"]},{"cards_removed":["Strike_G"],"damage_healed":0.0,"max_hp_gain":0.0,"max_hp_loss":0.0,"gold_gain":0.0,"event_name":"Beggar","player_choice":"Gave Gold","floor":31.0,"gold_loss":75.0,"damage_taken":0.0},{"damage_healed":0.0,"max_hp_gain":0.0,"max_hp_loss":0.0,"gold_gain":0.0,"event_name":"SensoryStone","player_choice":"Memory 3","floor":41.0,"gold_loss":0.0,"damage_taken":10.0},{"damage_healed":0.0,"max_hp_gain":0.0,"max_hp_loss":0.0,"gold_gain":0.0,"event_name":"Mysterious Sphere","player_choice":"Fight","floor":43.0,"gold_loss":0.0,"damage_taken":0.0},{"damage_healed":0.0,"max_hp_gain":0.0,"max_hp_loss":0.0,"gold_gain":100.0,"event_name":"Golden Shrine","player_choice":"Pray","floor":44.0,"gold_loss":0.0,"damage_taken":0.0},{"damage_healed":0,"gold_gain":0,"player_choice":"Fight","damage_taken":0,"max_hp_gain":0,"max_hp_loss":0,"event_name":"MindBloom","floor":50,"gold_loss":0}],"is_beta":false,"boss_relics":[{"not_picked":["SacredBark","Coffee Dripper"],"picked":"WristBlade"},{"not_picked":["ReplayTheSpireMod:DimensionalGlitch","Replay:Wanted Poster"],"picked":"ChewingGum"}],"items_purged_floors":[33,39,55],"is_endless":false,"potions_floor_spawned":[2,4,7,19,32,35,38,40,46,49,50],"ascension_level":13}}