{"host":"xen3g9xszuyodjyu","time":1610963188,"event":{"mods":["2.2 Compatiblity","AchievementEnabler","Arknights The Spire","BaseMod","Better Note","Colored Map","Colored Powertips","DeckTracker","Keyboard Shortcuts","Minty Spire (QoL Compilation)","Permanent Neow","Quick Restart","Rare Cards Sparkle","StSLib","SuperFastMode","everything is the same but u backflip on backflip"],"gold_per_floor":[5018,5032,4376,4391,4408,4408,4433,4433,4433,4464,4464,4474,4489,4521,4521,4619,4619,4639,4657,4572,4572,3916,3916,3916,3946,4026,4061,4078,4105,3934,3949,3949,4052,4052,4071,4071,4121,4121,3475,3475,3505,3518,3518,3552,3563,3589,3600,3613,3613,3613],"floor_reached":51,"language":"KOR","playtime":3842,"items_purged":["ats:Strike C"],"score":1108,"play_id":"ceea719a-e06a-4f67-8316-e8bcf123676e","local_time":"20210118184628","is_ascension_mode":true,"campfire_choices":[{"data":"ats:Emotion Absorption","floor":6,"key":"SMITH"},{"floor":11,"key":"RECALL"},{"data":"ats:Strike S","floor":15,"key":"SMITH"},{"floor":23,"key":"REST"},{"floor":32,"key":"DIG"},{"floor":40,"key":"DIG"},{"floor":49,"key":"DIG"}],"circlet_count":0,"master_deck":["ats:Armor Crushing Shot+1","ats:Emotion Absorption+1","ats:Poison Spread+1","ats:Sword Rain+1","ats:Poison Spread+1","ats:Hook Shot+1","ats:Hook Shot+1","ats:Apocalypse+1","ats:Assault Order+1","ats:Powerful Strike+1","ats:Rapid Magazine+1","ats:Apocalypse+1","ats:Ambush+1","ats:Powerful Strike+1","ats:Emotion Absorption+1","ats:Cat Scratch+1","ats:Apocalypse+1","ats:Assault Order+1","ats:Roar Of Ursus+1","ats:Apocalypse+1","ats:Sword Rain+1","ats:Neurotoxin+1","Madness+1","Madness+1","ats:Neurotoxin+1","ats:Poison Spread+1"],"relics":["ats:Sanity","Incense Burner","CaptainsWheel","Molten Egg 2","Frozen Egg 2","Toxic Egg 2","Ice Cream","ats:Special","ats:Berate","Ancient Tea Set","ats:Originium","Ornamental Fan","Philosopher\u0027s Stone","Omamori","Question Card","ats:Assault","Potion Belt","InkBottle","Shovel","Happy Flower","Smiling Mask","Pocketwatch","Fusion Hammer","Sundial","Torii","Bottled Tornado","Matryoshka","Pantograph","Lee\u0027s Waffle","Bottled Lightning","Kunai","PreservedInsect","Unceasing Top","ats:Hidden Killer","Toy Ornithopter"],"acts_visited":["Exordium","TheCity","TheBeyond"],"potions_floor_usage":[16,16,16,25,27,27,29,30,33,33,33,33,33,41,41,47,50,50,50],"damage_taken":[{"damage":1,"enemies":"Cultist","floor":1,"turns":4},{"damage":11,"enemies":"Jaw Worm","floor":2,"turns":3},{"damage":9,"enemies":"Small Slimes","floor":4,"turns":3},{"damage":13,"enemies":"Exordium Thugs","floor":5,"turns":4},{"damage":8,"enemies":"3 Sentries","floor":7,"turns":5},{"damage":13,"enemies":"Lagavulin","floor":10,"turns":5},{"damage":0,"enemies":"3 Louse","floor":12,"turns":2},{"damage":1,"enemies":"Exordium Wildlife","floor":13,"turns":5},{"damage":4,"enemies":"3 Sentries","floor":14,"turns":5},{"damage":21,"enemies":"The Guardian","floor":16,"turns":6},{"damage":11,"enemies":"2 Thieves","floor":18,"turns":4},{"damage":0,"enemies":"3 Byrds","floor":19,"turns":4},{"damage":8,"enemies":"Gremlin Leader","floor":25,"turns":4},{"damage":7,"enemies":"Book of Stabbing","floor":27,"turns":4},{"damage":0,"enemies":"Centurion and Healer","floor":28,"turns":4},{"damage":12,"enemies":"Gremlin Leader","floor":29,"turns":4},{"damage":0,"enemies":"Snecko","floor":31,"turns":5},{"damage":25,"enemies":"Automaton","floor":33,"turns":7},{"damage":0,"enemies":"3 Darklings","floor":35,"turns":4},{"damage":0,"enemies":"Mind Bloom Boss Battle","floor":37,"turns":6},{"damage":6,"enemies":"Giant Head","floor":41,"turns":6},{"damage":11,"enemies":"3 Shapes","floor":42,"turns":2},{"damage":30,"enemies":"Reptomancer","floor":44,"turns":4},{"damage":0,"enemies":"3 Darklings","floor":45,"turns":2},{"damage":0,"enemies":"Nemesis","floor":46,"turns":3},{"damage":11,"enemies":"Writhing Mass","floor":47,"turns":2},{"damage":0,"enemies":"Jaw Worm Horde","floor":48,"turns":3},{"damage":0,"enemies":"Time Eater","floor":50,"turns":8}],"seed_played":"-4807460701316058732","potions_obtained":[{"floor":2,"key":"SkillPotion"},{"floor":4,"key":"Fire Potion"},{"floor":7,"key":"ats:Top Emergency Sanity Potion"},{"floor":18,"key":"EssenceOfSteel"},{"floor":28,"key":"EssenceOfSteel"},{"floor":29,"key":"EntropicBrew"},{"floor":35,"key":"ats:Emergency Sanity Potion"},{"floor":44,"key":"SteroidPotion"},{"floor":45,"key":"FearPotion"}],"is_trial":false,"path_per_floor":["M","M","$","M","M","R","E","?","T","E","R","M","M","E","R","B",null,"M","M","?","T","$","R","?","E","T","E","M","E","$","M","R","B",null,"M","T","?","?","$","R","E","M","T","E","M","E","M","M","R","B",null],"character_chosen":"DOCTOR_CLASS","items_purchased":["ats:Special","ats:Berate","Ancient Tea Set","Ancient Potion","ats:Sword Rain+1","ats:Assault","Potion Belt","InkBottle","Swift Potion","Dexterity Potion","ats:Cat Scratch+1","EntropicBrew","Swift Potion","Matryoshka","Pantograph","Lee\u0027s Waffle"],"campfire_rested":1,"item_purchase_floors":[3,3,3,3,3,22,22,22,22,22,30,30,30,39,39,39],"current_hp_per_floor":[71,60,60,51,38,38,80,80,80,67,67,72,91,100,100,97,122,116,122,122,122,122,122,122,122,122,122,122,120,120,122,122,105,122,122,122,122,107,129,129,129,123,123,118,129,129,129,129,129,129],"gold":3613,"neow_bonus":"ONE_RARE_RELIC","is_daily":false,"chose_seed":false,"campfire_upgraded":2,"win_rate":0.0,"timestamp":1610963188,"path_taken":["M","M","$","M","?","R","E","?","T","E","R","M","M","E","R","BOSS","M","M","?","?","$","R","?","E","T","E","M","E","$","?","R","BOSS","M","?","?","?","$","R","E","M","T","E","M","E","?","M","R","BOSS"],"items_purchased_type":["Relic","Relic","Relic","Potion","Card","Relic","Relic","Relic","Potion","Potion","Card","Potion","Potion","Relic","Relic","Relic"],"build_version":"2020-12-22","purchased_purges":1,"victory":true,"max_hp_per_floor":[72,72,72,72,72,72,122,122,122,122,122,122,122,122,122,122,122,122,122,122,122,122,122,122,122,122,122,122,122,122,122,122,122,122,122,122,122,122,129,129,129,129,129,129,129,129,129,129,129,129],"card_choices":[{"not_picked":["ats:Childhood Dance+1","ats:Apocalypse+1"],"picked":"ats:Poison Spread+1","floor":1},{"not_picked":["ats:Explosion Area Strengthen+1","ats:Leaping Hammer+1","ats:Flexible Camouflage+1"],"picked":"SKIP","floor":2},{"not_picked":["ats:Mental Burst+1","ats:Spore Proliferation+1","ats:Closed Bolt Burst Fire+1"],"picked":"SKIP","floor":4},{"not_picked":["ats:Childhood Dance+1","ats:Curse Doll+1"],"picked":"ats:Poison Spread+1","floor":5},{"not_picked":["ats:Directed Diagnosis+1","ats:Rat Pack+1","ats:Curse Doll+1"],"picked":"SKIP","floor":7},{"not_picked":["ats:Revitalization+1","ats:Cat Scratch+1"],"picked":"ats:Apocalypse+1","floor":10},{"not_picked":["ats:Very Hot Blade+1","ats:Support Order+1"],"picked":"ats:Shell Defense+1","floor":12},{"not_picked":["ats:Poison Spread+1","ats:Flexible Camouflage+1"],"picked":"ats:Assault Order+1","floor":13},{"not_picked":["ats:Shell Defense+1","ats:Mental Burst+1"],"picked":"ats:Powerful Strike+1","floor":14},{"not_picked":["ats:Soul Rend+1","ats:Nebulous Foxfire+1"],"picked":"ats:Ambush+1","floor":16},{"not_picked":["ats:Hook Shot+1","ats:Closed Bolt Burst Fire+1"],"picked":"ats:Shell Defense+1","floor":18},{"not_picked":["ats:Assault Order+1","ats:Curse Doll+1"],"picked":"ats:Powerful Strike+1","floor":19},{"not_picked":["ats:Counter Healing Mode+1","ats:Ignite+1","ats:Powerful Strike+1","ats:Defend Order+1"],"picked":"SKIP","floor":25},{"not_picked":["ats:Directed Diagnosis+1","ats:Counter Healing Mode+1","ats:Automatic Cover+1","ats:Collapsing Strike+1"],"picked":"SKIP","floor":27},{"not_picked":["ats:Hammer On+1","ats:Ignite+1","ats:Powerful Strike+1","ats:Shell Defense+1"],"picked":"SKIP","floor":28},{"not_picked":["ats:Hook Shot+1","ats:True Silver Slash+1","ats:Hammer On+1","ats:Thermite Blade+1"],"picked":"SKIP","floor":29},{"not_picked":["ats:Flexible Camouflage+1","ats:Hook Shot+1","ats:Explosion Area Strengthen+1"],"picked":"ats:Assault Order+1","floor":31},{"not_picked":["ats:True Silver Slash+1","ats:Ambush+1","ats:Volcano+1"],"picked":"ats:Roar Of Ursus+1","floor":33},{"not_picked":["ats:Ignite+1","ats:Shell Defense+1","ats:Curse Doll+1"],"picked":"ats:Sword Rain+1","floor":35},{"not_picked":["ats:Mental Burst+1","ats:Cat Scratch+1","ats:Song Of Battle+1"],"picked":"ats:Neurotoxin+1","floor":37},{"not_picked":["ats:Burning Ground+1","ats:Spore Proliferation+1","ats:Childhood Dance+1"],"picked":"ats:Neurotoxin+1","floor":41},{"not_picked":["ats:Ignite+1","ats:Spore Proliferation+1","ats:Song Of Battle+1","ats:Beaten Up+1"],"picked":"SKIP","floor":42},{"not_picked":["ats:Flexible Camouflage+1","ats:Song Of Battle+1","ats:Revitalization+1"],"picked":"ats:Poison Spread+1","floor":44},{"not_picked":["ats:Flexible Camouflage+1","ats:Revitalization+1","ats:Collapsing Strike+1","ats:Apocalypse+1"],"picked":"SKIP","floor":45},{"not_picked":["ats:Ignite+1","ats:Explosion Area Strengthen+1","ats:Encircling Forest+1","ats:Flexible Camouflage+1"],"picked":"SKIP","floor":46},{"not_picked":["ats:LN2 Cannon+1","ats:Red Shift+1","ats:Flexible Camouflage+1","ats:Thermite Blade+1"],"picked":"SKIP","floor":47},{"not_picked":["ats:Ignite+1","ats:Hammer On+1","ats:Shadow Raid+1","ats:Rat Pack+1"],"picked":"SKIP","floor":48}],"player_experience":47675,"relics_obtained":[{"floor":7,"key":"ats:Originium"},{"floor":10,"key":"ats:Originium"},{"floor":14,"key":"ats:Originium"},{"floor":14,"key":"Ornamental Fan"},{"floor":21,"key":"Question Card"},{"floor":25,"key":"Happy Flower"},{"floor":26,"key":"Bottled Flame"},{"floor":27,"key":"Smiling Mask"},{"floor":29,"key":"Pocketwatch"},{"floor":32,"key":"Bottled Tornado"},{"floor":36,"key":"Sundial"},{"floor":37,"key":"Torii"},{"floor":40,"key":"Bottled Lightning"},{"floor":41,"key":"Kunai"},{"floor":43,"key":"PreservedInsect"},{"floor":44,"key":"Unceasing Top"},{"floor":46,"key":"ats:Hidden Killer"},{"floor":49,"key":"Toy Ornithopter"}],"event_choices":[{"damage_healed":0,"gold_gain":0,"player_choice":"Grow","damage_taken":0,"max_hp_gain":0,"max_hp_loss":0,"event_name":"Living Wall","floor":8,"gold_loss":0,"cards_upgraded":["ats:Armor Crushing Shot"]},{"damage_healed":0,"gold_gain":0,"player_choice":"Obtained Relic","damage_taken":0,"relics_obtained":["Omamori"],"max_hp_gain":0,"max_hp_loss":0,"event_name":"Addict","floor":20,"gold_loss":85},{"cards_removed":["ats:Shell Defense"],"damage_healed":0,"gold_gain":0,"player_choice":"Elegance","damage_taken":0,"max_hp_gain":0,"max_hp_loss":0,"event_name":"Back to Basics","floor":24,"gold_loss":0},{"damage_healed":0,"gold_gain":0,"player_choice":"Fight","damage_taken":0,"max_hp_gain":0,"max_hp_loss":0,"event_name":"MindBloom","floor":37,"gold_loss":0},{"damage_healed":0,"gold_gain":0,"player_choice":"Embrace Madness","damage_taken":15,"max_hp_gain":0,"max_hp_loss":0,"event_name":"Winding Halls","floor":38,"gold_loss":0,"cards_obtained":["Madness","Madness"]}],"is_beta":false,"boss_relics":[{"not_picked":["ats:Omniscience","ats:Sanity Plus"],"picked":"Philosopher\u0027s Stone"},{"not_picked":["Coffee Dripper","Busted Crown"],"picked":"Fusion Hammer"}],"items_purged_floors":[3],"is_endless":false,"potions_floor_spawned":[2,4,7,10,13,18,28,29,35,42,44,45,48],"ascension_level":1}}