{"host":"hhnl3ciqs3ht0ep9","time":1610998921,"event":{"mods":["AchievementEnabler","BaseMod","Colored Map","Keyboard Shortcuts","Minty Spire (QoL Compilation)","StSLib","SuperFastMode"],"gold_per_floor":[115,40,54,74,33,62,62,62,86,105,131,147,164,184,184,259,259,271,288,288,288],"floor_reached":20,"language":"KOR","playtime":513,"items_purged":["Strike_R"],"score":376,"play_id":"2659dee4-b58a-4914-8910-ed70b30438c6","local_time":"20210119044201","is_ascension_mode":true,"campfire_choices":[{"floor":7.0,"key":"REST"},{"floor":15.0,"key":"REST"}],"circlet_count":0,"master_deck":["AscendersBane","Strike_R","Defend_R+1","Defend_R","Bash","Warcry+1","Anger","Cleave","Shrug It Off","Power Through","Feel No Pain","Seeing Red","Inflame","Battle Trance","Sword Boomerang","Immolate","Cleave+1","Clash+1","Flex+1","Shrug It Off+1","Twin Strike+1"],"relics":["Burning Blood","Regal Pillow","Lantern","War Paint","Astrolabe"],"acts_visited":["Exordium","TheCity"],"potions_floor_usage":[16,19],"damage_taken":[{"damage":12.0,"enemies":"Cultist","floor":1.0,"turns":4.0},{"damage":9.0,"enemies":"2 Louse","floor":3.0,"turns":2.0},{"damage":7.0,"enemies":"Jaw Worm","floor":4.0,"turns":3.0},{"damage":54.0,"enemies":"3 Sentries","floor":6.0,"turns":12.0},{"damage":11.0,"enemies":"2 Fungi Beasts","floor":10.0,"turns":4.0},{"damage":25.0,"enemies":"Lagavulin","floor":11.0,"turns":8.0},{"damage":9.0,"enemies":"3 Louse","floor":12.0,"turns":4.0},{"damage":11.0,"enemies":"Looter","floor":13.0,"turns":3.0},{"damage":4.0,"enemies":"Exordium Wildlife","floor":14.0,"turns":4.0},{"damage":33,"enemies":"Slime Boss","floor":16,"turns":13},{"damage":22,"enemies":"Chosen","floor":18,"turns":5},{"damage":32,"enemies":"3 Byrds","floor":19,"turns":4},{"damage":38,"enemies":"Cultist and Chosen","floor":20,"turns":6}],"seed_played":"-3967382908784831583","potions_obtained":[{"floor":3.0,"key":"HeartOfIron"},{"floor":4.0,"key":"SkillPotion"},{"floor":12.0,"key":"SpeedPotion"},{"floor":16,"key":"CultistPotion"},{"floor":19,"key":"Fruit Juice"}],"is_trial":false,"path_per_floor":["M","$","M","M","$","E","R","?","T","M","E","M","M","M","R","B",null,"M","M","M"],"character_chosen":"IRONCLAD","items_purchased":["Power Through"],"campfire_rested":2,"item_purchase_floors":[5],"current_hp_per_floor":[62,62,59,58,58,10,47,40,40,35,16,13,8,10,47,20,61,45,24,0,0],"gold":288,"neow_bonus":"TRANSFORM_CARD","is_daily":false,"chose_seed":false,"campfire_upgraded":0,"win_rate":0.0,"timestamp":1610998921,"path_taken":["M","$","M","M","?","E","R","?","T","?","E","M","M","M","R","BOSS","M","M","M"],"items_purchased_type":["Card"],"build_version":"2020-12-22","purchased_purges":1,"victory":false,"max_hp_per_floor":[75,75,75,75,75,75,75,75,75,75,75,75,75,75,75,75,75,75,80,80,80],"card_choices":[{"not_picked":["Clothesline","Warcry"],"picked":"Anger","floor":1.0},{"not_picked":["Body Slam","Iron Wave"],"picked":"Cleave","floor":3.0},{"not_picked":["Clash","Inflame"],"picked":"Shrug It Off","floor":4.0},{"not_picked":["Corruption","Brutality"],"picked":"Feel No Pain","floor":6.0},{"not_picked":["Clash","Flex"],"picked":"Seeing Red","floor":10.0},{"not_picked":["Sword Boomerang","Rampage"],"picked":"Inflame","floor":11.0},{"not_picked":["Warcry","Bloodletting"],"picked":"Battle Trance","floor":12.0},{"not_picked":["Clothesline","Bloodletting","Warcry"],"picked":"SKIP","floor":13.0},{"not_picked":["Reckless Charge","Warcry"],"picked":"Sword Boomerang","floor":14.0},{"not_picked":["Bludgeon","Barricade"],"picked":"Immolate","floor":16},{"not_picked":["Thunderclap","Warcry"],"picked":"Shrug It Off+1","floor":18},{"not_picked":["Burning Pact","Sword Boomerang"],"picked":"Twin Strike+1","floor":19}],"player_experience":707335,"relics_obtained":[{"floor":6.0,"key":"Regal Pillow"},{"floor":9.0,"key":"Lantern"},{"floor":11.0,"key":"War Paint"}],"event_choices":[{"cards_removed":["Defend_R"],"damage_healed":0.0,"max_hp_gain":0.0,"max_hp_loss":0.0,"gold_gain":0.0,"event_name":"Golden Wing","player_choice":"Card Removal","floor":8.0,"gold_loss":0.0,"damage_taken":7.0}],"is_beta":false,"boss_relics":[{"not_picked":["Runic Dome","Calling Bell"],"picked":"Astrolabe"}],"items_purged_floors":[2],"is_endless":false,"potions_floor_spawned":[3,4,10,12,13,16,18,19],"killed_by":"Cultist and Chosen","ascension_level":20}}