{"host":"m16cty6bffmtplhu","time":1610995067,"event":{"mods":["BaseMod","DeckTracker","Highlight Path","Minty Spire (QoL Compilation)","Permanent Neow","Quick Restart","StSLib","everything is the same but u backflip on backflip"],"gold_per_floor":[111,111,87,87,111,155,170,188,188,231,306,386,386,407,407,407,407],"floor_reached":16,"language":"KOR","playtime":500,"items_purged":[],"score":162,"play_id":"9a4727d0-1db0-4f92-afa6-ad159f078e08","local_time":"20210119033747","is_ascension_mode":true,"campfire_choices":[{"floor":15,"key":"REST"}],"circlet_count":0,"master_deck":["Strike_R","Strike_R","Strike_R","Strike_R","Strike_R","Defend_R","Defend_R","Defend_R","Defend_R","Bash+1","Shrug It Off","Sword Boomerang","Pommel Strike","Barricade","Warcry","Battle Trance"],"relics":["Burning Blood","NeowsBlessing","Golden Idol","Oddly Smooth Stone","Blue Candle"],"acts_visited":["Exordium"],"potions_floor_usage":[10,10,16,16],"damage_taken":[{"damage":0,"enemies":"Small Slimes","floor":1,"turns":1},{"damage":0,"enemies":"Jaw Worm","floor":5,"turns":1},{"damage":0,"enemies":"Lagavulin","floor":6,"turns":1},{"damage":0,"enemies":"2 Louse","floor":7,"turns":3},{"damage":22,"enemies":"Lots of Slimes","floor":8,"turns":6},{"damage":22,"enemies":"3 Sentries","floor":10,"turns":7},{"damage":5,"enemies":"Blue Slaver","floor":14,"turns":3},{"damage":65,"enemies":"The Guardian","floor":16,"turns":10}],"seed_played":"56547606809072116","potions_obtained":[{"floor":1,"key":"LiquidBronze"},{"floor":7,"key":"PowerPotion"},{"floor":8,"key":"AttackPotion"},{"floor":10,"key":"SkillPotion"},{"floor":14,"key":"Block Potion"}],"is_trial":false,"path_per_floor":["M","?","$","?","M","E","M","M","T","E","?","?","?","M","R","B"],"character_chosen":"IRONCLAD","items_purchased":["Sword Boomerang"],"campfire_rested":1,"item_purchase_floors":[3],"current_hp_per_floor":[80,80,80,80,80,80,80,64,64,48,37,37,37,38,62,0,0],"gold":407,"neow_bonus":"THREE_ENEMY_KILL","is_daily":false,"chose_seed":false,"campfire_upgraded":0,"win_rate":0.0,"timestamp":1610995067,"path_taken":["M","?","$","?","M","E","M","?","T","E","?","?","?","M","R","BOSS"],"items_purchased_type":["Card"],"build_version":"2020-12-22","purchased_purges":0,"victory":false,"max_hp_per_floor":[80,80,80,80,80,80,80,80,80,80,80,80,80,80,80,80,80],"card_choices":[{"not_picked":["Burning Pact","Rampage"],"picked":"Shrug It Off","floor":1},{"not_picked":["Reckless Charge","Hemokinesis"],"picked":"Pommel Strike","floor":5},{"not_picked":["Flame Barrier","Thunderclap"],"picked":"Barricade","floor":6},{"not_picked":["Rupture","Pommel Strike"],"picked":"Warcry","floor":7},{"not_picked":["Dropkick","Fire Breathing"],"picked":"Battle Trance","floor":8},{"not_picked":["Rampage","Bludgeon","Anger"],"picked":"SKIP","floor":10},{"not_picked":["Clothesline","Havoc","Bloodletting"],"picked":"SKIP","floor":14}],"player_experience":91502,"relics_obtained":[{"floor":6,"key":"Oddly Smooth Stone"},{"floor":10,"key":"Blue Candle"}],"event_choices":[{"damage_healed":0,"gold_gain":0,"player_choice":"Grow","damage_taken":0,"max_hp_gain":0,"max_hp_loss":0,"event_name":"Living Wall","floor":2,"gold_loss":0,"cards_upgraded":["Bash"]},{"damage_healed":0,"gold_gain":0,"player_choice":"Take Wound","damage_taken":0,"relics_obtained":["Golden Idol"],"max_hp_gain":0,"max_hp_loss":0,"event_name":"Golden Idol","floor":4,"gold_loss":0,"cards_obtained":["Injury"]},{"damage_healed":0,"gold_gain":75,"player_choice":"Gather Gold","damage_taken":11,"max_hp_gain":0,"max_hp_loss":0,"event_name":"World of Goop","floor":11,"gold_loss":0},{"damage_healed":0,"gold_gain":80,"player_choice":"Gained Gold","damage_taken":0,"max_hp_gain":0,"max_hp_loss":0,"event_name":"Golden Wing","floor":12,"gold_loss":0},{"cards_removed":["Injury"],"damage_healed":0,"gold_gain":0,"player_choice":"Card Removal","damage_taken":0,"max_hp_gain":0,"max_hp_loss":0,"event_name":"Wheel of Change","floor":13,"gold_loss":0}],"is_beta":false,"boss_relics":[],"items_purged_floors":[],"is_endless":false,"potions_floor_spawned":[1,7,8,10,14],"killed_by":"The Guardian","ascension_level":4}}