{"host":"sc0o2qwpf9j16a4i","time":1610981132,"event":{"mods":["AchievementEnabler","BaseMod","BetterRewards","Block Reminder","Colored Map","Colored Powertips","Custom Start","Highlight Path","Minty Spire (QoL Compilation)","Relic Stats"],"gold_per_floor":[115,127,127,199,31,31,31,64,115,131,156,156,170,184,184,262,262,273,285,200,220,62,62,79,111,111,111,111,130,142,67,67,144,144,154,169,16,26,44,44,71,124,124,135,168,216,240,269,281,293,305,317,329,8,34,34],"floor_reached":57,"language":"ENG","playtime":2267,"items_purged":["Strike_R","Strike_R"],"score":3717,"play_id":"51e40bc1-df6b-44ff-844a-19b4ebe73bab","local_time":"20210118164532","is_ascension_mode":true,"campfire_choices":[{"data":"Whirlwind","floor":6,"key":"SMITH"},{"data":"Spot Weakness","floor":12,"key":"SMITH"},{"data":"Uppercut","floor":15,"key":"SMITH"},{"data":"Whirlwind","floor":23,"key":"SMITH"},{"data":"Disarm","floor":28,"key":"SMITH"},{"data":"True Grit","floor":32,"key":"SMITH"},{"floor":40,"key":"RECALL"},{"floor":49,"key":"REST"},{"data":"Strike_R","floor":53,"key":"PURGE"}],"circlet_count":0,"master_deck":["AscendersBane","Defend_R+1","Defend_R","Defend_R","Defend_R","Bash","Whirlwind+1","Spot Weakness+1","Uppercut+1","True Grit+1","Sword Boomerang","Evolve","Flame Barrier","Seeing Red","Whirlwind+1","Corruption","Disarm+1","Shrug It Off","Exhume","Flame Barrier+1","True Grit+1","Second Wind+1","True Grit+1","True Grit+1","Body Slam","Exhume+1","Shockwave+1","Body Slam+1","Seeing Red+1","Shrug It Off+1","Pommel Strike+1","Headbutt+1","Inflame","Shrug It Off+1","Seeing Red+1","Armaments+1","Spot Weakness+1","Offering+1","Dual Wield+1","Armaments+1","Seeing Red+1","Havoc+1","Reaper","Power Through+1","Warcry+1","Dark Embrace"],"relics":["Burning Blood","Chemical X","MealTicket","Medical Kit","Orichalcum","Sling","Peace Pipe","Dead Branch","Pen Nib","Tiny Chest","Happy Flower","Strawberry","Toy Ornithopter","Snecko Eye","Regal Pillow","Toxic Egg 2","Prayer Wheel","Sundial","Mark of Pain","Letter Opener","Ice Cream","War Paint","MawBank","Red Skull"],"acts_visited":["Exordium","TheCity","TheBeyond","TheEnding"],"potions_floor_usage":[11,24,24,33,50,56],"damage_taken":[{"damage":6,"enemies":"Jaw Worm","floor":1,"turns":2},{"damage":0,"enemies":"Small Slimes","floor":2,"turns":3},{"damage":0,"enemies":"3 Sentries","floor":8,"turns":1},{"damage":0,"enemies":"Cultist","floor":10,"turns":3},{"damage":5,"enemies":"Gremlin Nob","floor":11,"turns":3},{"damage":6,"enemies":"Large Slime","floor":13,"turns":3},{"damage":12,"enemies":"Exordium Thugs","floor":14,"turns":3},{"damage":11,"enemies":"Slime Boss","floor":16,"turns":4},{"damage":0,"enemies":"3 Byrds","floor":18,"turns":2},{"damage":16,"enemies":"2 Thieves","floor":19,"turns":2},{"damage":0,"enemies":"Snecko","floor":21,"turns":4},{"damage":10,"enemies":"Snake Plant","floor":24,"turns":2},{"damage":0,"enemies":"Book of Stabbing","floor":25,"turns":1},{"damage":6,"enemies":"Centurion and Healer","floor":29,"turns":3},{"damage":0,"enemies":"Sentry and Sphere","floor":30,"turns":3},{"damage":3,"enemies":"Champ","floor":33,"turns":5},{"damage":0,"enemies":"3 Shapes","floor":35,"turns":3},{"damage":3,"enemies":"Orb Walker","floor":36,"turns":3},{"damage":6,"enemies":"Transient","floor":38,"turns":2},{"damage":8,"enemies":"4 Shapes","floor":39,"turns":7},{"damage":23,"enemies":"Reptomancer","floor":41,"turns":4},{"damage":17,"enemies":"2 Orb Walkers","floor":42,"turns":3},{"damage":21,"enemies":"Sphere and 2 Shapes","floor":44,"turns":3},{"damage":0,"enemies":"Giant Head","floor":45,"turns":5},{"damage":9,"enemies":"Writhing Mass","floor":47,"turns":4},{"damage":0,"enemies":"Jaw Worm Horde","floor":48,"turns":2},{"damage":6,"enemies":"Awakened One","floor":50,"turns":3},{"damage":44,"enemies":"Time Eater","floor":51,"turns":6},{"damage":3,"enemies":"Shield and Spear","floor":55,"turns":2},{"damage":26,"enemies":"The Heart","floor":56,"turns":7}],"seed_played":"3757302081913704934","potions_obtained":[{"floor":2,"key":"ElixirPotion"},{"floor":8,"key":"Regen Potion"},{"floor":13,"key":"SmokeBomb"},{"floor":19,"key":"Swift Potion"},{"floor":24,"key":"BlessingOfTheForge"},{"floor":30,"key":"SpeedPotion"},{"floor":35,"key":"DuplicationPotion"},{"floor":44,"key":"LiquidMemories"}],"is_trial":false,"path_per_floor":["M","M","?","?","$","R","?","E","T","M","E","R","M","M","R","B",null,"M","M","?","M","$","R","M","E","T","T","R","M","M","?","R","B",null,"M","M","$","M","M","R","E","?","T","M","E","T","M","M","R","B","B",null,"R","$","E","B",null],"character_chosen":"IRONCLAD","items_purchased":["Chemical X","MealTicket","Medical Kit","Orichalcum","Whirlwind","Sling","Peace Pipe","Dead Branch","Spot Weakness","Pen Nib","Uppercut","Tiny Chest","Exhume","Shrug It Off+1","Reaper","Power Through+1","Ancient Potion","Warcry+1"],"campfire_rested":1,"item_purchase_floors":[0,0,0,0,0,0,0,0,0,0,0,5,22,37,54,54,54,54],"current_hp_per_floor":[20,26,26,26,41,41,41,47,54,60,70,70,70,64,64,59,76,82,72,72,78,82,82,78,82,82,82,82,82,82,82,82,82,82,82,82,82,82,80,80,63,52,52,37,43,43,40,46,82,82,44,73,73,82,82,82],"gold":34,"neow_bonus":"","is_daily":false,"chose_seed":false,"campfire_upgraded":6,"win_rate":0.0,"timestamp":1610981132,"path_taken":["M","M","?","?","$","R","?","E","T","M","E","R","?","M","R","BOSS","M","M","?","M","$","R","M","E","T","?","R","M","?","?","R","BOSS","M","M","$","M","M","R","E","?","T","M","E","?","M","M","R","BOSS","BOSS","R","$","E","BOSS"],"items_purchased_type":["Relic","Relic","Relic","Relic","Card","Relic","Relic","Relic","Card","Relic","Card","Relic","Card","Card","Card","Card","Potion","Card"],"build_version":"2020-12-22","purchased_purges":2,"victory":true,"max_hp_per_floor":[75,75,75,75,75,75,75,75,82,82,82,82,82,82,82,82,82,82,82,82,82,82,82,82,82,82,82,82,82,82,82,82,82,82,82,82,82,82,82,82,82,82,82,82,82,82,82,82,82,82,82,82,82,82,82,82],"relic_stats":{"Regal Pillow":12,"Happy Flower":[86],"counters":[112,505],"Dead Branch":[486],"Pen Nib":[14],"Letter Opener":[257],"Orichalcum":[108],"War Paint":["Flame Barrier","Defend_R"],"Medical Kit":[65],"MawBank":96,"Burning Blood":582,"Peace Pipe":3,"Sundial":[8],"Snecko Eye":[133,139,176,170],"MealTicket":58,"Tiny Chest":2,"Prayer Wheel":9,"Chemical X":[41],"obtain_stats":[{"Ice Cream":0,"Gremlin Horn":0,"CeramicFish":9,"Vajra":12,"Ginger":0,"Whetstone":46,"Sling":0,"DollysMirror":19,"Sundial":17,"Strawberry":22,"MealTicket":0,"Prayer Wheel":26,"Fusion Hammer":34,"Toxic Egg 2":41,"Happy Flower":8,"Dead Branch":0,"Oddly Smooth Stone":8,"Eternal Feather":55,"Pen Nib":12,"Letter Opener":41,"War Paint":45,"WarpedTongs":37,"Du-Vu Doll":17,"OrangePellets":22,"Shuriken":0,"Bronze Scales":0,"Bird Faced Urn":6,"Snecko Eye":17,"Molten Egg 2":0,"CultistMask":20,"Mark of Pain":34,"Unceasing Top":39,"Meat on the Bone":9,"Darkstone Periapt":21,"Lantern":13,"Regal Pillow":20,"Singing Bowl":0,"Magic Flower":0,"StoneCalendar":41,"Mango":42,"Bag of Preparation":28,"Smiling Mask":10,"Cursed Key":34,"Burning Blood":0,"ClockworkSouvenir":0,"Dream Catcher":0,"Matryoshka":9,"Mummified Hand":26,"Gambling Chip":30,"Pantograph":24,"Tiny Chest":5,"Chemical X":38,"Red Skull":25,"Paper Frog":0,"Lee\u0027s Waffle":0,"Golden Idol":5,"Omamori":10,"Frozen Egg 2":30,"Orichalcum":0,"Medical Kit":38,"MawBank":46,"White Beast Statue":26,"Peace Pipe":0,"Calling Bell":17,"Anchor":55,"CaptainsWheel":41,"Ornamental Fan":7,"Orrery":48,"Bag of Marbles":44,"Art of War":43,"Membership Card":0,"FossilizedHelix":14,"Toy Ornithopter":0},{"Ice Cream":29,"Gremlin Horn":57,"CeramicFish":4,"Vajra":62,"Ginger":29,"Whetstone":51,"Sling":57,"DollysMirror":10,"Sundial":64,"Strawberry":38,"MealTicket":57,"Prayer Wheel":95,"Fusion Hammer":44,"Toxic Egg 2":77,"Happy Flower":62,"Dead Branch":82,"Oddly Smooth Stone":4,"Eternal Feather":56,"Pen Nib":33,"Letter Opener":103,"War Paint":106,"WarpedTongs":75,"Du-Vu Doll":64,"OrangePellets":38,"Shuriken":29,"Bronze Scales":29,"Bird Faced Urn":61,"Snecko Eye":9,"Molten Egg 2":29,"CultistMask":37,"Mark of Pain":98,"Unceasing Top":21,"Meat on the Bone":32,"Darkstone Periapt":67,"Lantern":8,"Regal Pillow":92,"Singing Bowl":57,"Magic Flower":57,"StoneCalendar":22,"Mango":23,"Bag of Preparation":71,"Smiling Mask":5,"Cursed Key":18,"Burning Blood":0,"ClockworkSouvenir":29,"Dream Catcher":57,"Matryoshka":62,"Mummified Hand":14,"Gambling Chip":16,"Pantograph":39,"Tiny Chest":84,"Chemical X":20,"Red Skull":14,"Paper Frog":57,"Lee\u0027s Waffle":29,"Golden Idol":60,"Omamori":32,"Frozen Egg 2":73,"Orichalcum":82,"Medical Kit":46,"MawBank":106,"White Beast Statue":70,"Peace Pipe":57,"Calling Bell":64,"Anchor":28,"CaptainsWheel":48,"Ornamental Fan":32,"Orrery":25,"Bag of Marbles":50,"Art of War":77,"Membership Card":29,"FossilizedHelix":8,"Toy Ornithopter":29},{"Ice Cream":165,"Gremlin Horn":304,"CeramicFish":19,"Vajra":315,"Ginger":165,"Whetstone":259,"Sling":304,"DollysMirror":44,"Sundial":323,"Strawberry":200,"MealTicket":304,"Prayer Wheel":440,"Fusion Hammer":229,"Toxic Egg 2":379,"Happy Flower":315,"Dead Branch":407,"Oddly Smooth Stone":19,"Eternal Feather":295,"Pen Nib":182,"Letter Opener":470,"War Paint":481,"WarpedTongs":370,"Du-Vu Doll":323,"OrangePellets":200,"Shuriken":165,"Bronze Scales":165,"Bird Faced Urn":311,"Snecko Eye":40,"Molten Egg 2":165,"CultistMask":196,"Mark of Pain":451,"Unceasing Top":104,"Meat on the Bone":177,"Darkstone Periapt":334,"Lantern":33,"Regal Pillow":433,"Singing Bowl":304,"Magic Flower":304,"StoneCalendar":108,"Mango":112,"Bag of Preparation":347,"Smiling Mask":22,"Cursed Key":89,"Burning Blood":0,"ClockworkSouvenir":165,"Dream Catcher":304,"Matryoshka":315,"Mummified Hand":68,"Gambling Chip":77,"Pantograph":204,"Tiny Chest":412,"Chemical X":99,"Red Skull":68,"Paper Frog":304,"Lee\u0027s Waffle":165,"Golden Idol":308,"Omamori":177,"Frozen Egg 2":356,"Orichalcum":407,"Medical Kit":235,"MawBank":481,"White Beast Statue":343,"Peace Pipe":304,"Calling Bell":323,"Anchor":155,"CaptainsWheel":247,"Ornamental Fan":177,"Orrery":125,"Bag of Marbles":254,"Art of War":379,"Membership Card":165,"FossilizedHelix":33,"Toy Ornithopter":165}],"Toy Ornithopter":67},"card_choices":[{"not_picked":["Perfected Strike","Fire Breathing"],"picked":"True Grit","floor":1},{"not_picked":["Reckless Charge","Shrug It Off"],"picked":"Sword Boomerang","floor":2},{"not_picked":["True Grit","Shrug It Off"],"picked":"Evolve","floor":8},{"not_picked":["Combust","True Grit","Fire Breathing"],"picked":"SKIP","floor":10},{"not_picked":["Warcry","Hemokinesis"],"picked":"Flame Barrier","floor":11},{"not_picked":["Cleave","True Grit"],"picked":"Seeing Red","floor":13},{"not_picked":["Heavy Blade","Carnage"],"picked":"Whirlwind","floor":14},{"not_picked":["Exhume","Double Tap"],"picked":"Corruption","floor":16},{"not_picked":["Twin Strike","Clash","Infernal Blade"],"picked":"SKIP","floor":18},{"not_picked":["Armaments","Twin Strike"],"picked":"Disarm","floor":19},{"not_picked":["Bloodletting","Reckless Charge"],"picked":"Shrug It Off","floor":21},{"not_picked":["True Grit","Armaments+1"],"picked":"Flame Barrier","floor":24},{"not_picked":["Whirlwind+1","Sever Soul"],"picked":"True Grit+1","floor":25},{"not_picked":["Rampage","Rage+1"],"picked":"Second Wind+1","floor":29},{"not_picked":["Warcry+1","Rage+1"],"picked":"True Grit+1","floor":29},{"not_picked":["Cleave+1","Anger"],"picked":"True Grit+1","floor":30},{"not_picked":["Sever Soul","Thunderclap"],"picked":"Body Slam","floor":30},{"not_picked":["Corruption","Demon Form"],"picked":"Exhume+1","floor":33},{"not_picked":["Havoc+1","Body Slam+1"],"picked":"Shockwave+1","floor":35},{"not_picked":["Flex+1","Warcry+1","Heavy Blade"],"picked":"SKIP","floor":35},{"not_picked":["True Grit+1","Dropkick"],"picked":"Body Slam+1","floor":36},{"not_picked":["Uppercut","Rage+1"],"picked":"Seeing Red+1","floor":36},{"not_picked":["Perfected Strike","Clash"],"picked":"Pommel Strike+1","floor":38},{"not_picked":["Sword Boomerang+1","Rampage"],"picked":"Headbutt+1","floor":38},{"not_picked":["Clash","Warcry+1"],"picked":"Inflame","floor":39},{"not_picked":["Warcry+1","Infernal Blade+1"],"picked":"Shrug It Off+1","floor":39},{"not_picked":["Intimidate+1","Ghostly Armor+1"],"picked":"Seeing Red+1","floor":41},{"not_picked":["Body Slam","Heavy Blade+1"],"picked":"Armaments+1","floor":44},{"not_picked":["True Grit+1","Clothesline"],"picked":"Spot Weakness+1","floor":44},{"not_picked":["Sever Soul","Body Slam"],"picked":"Offering+1","floor":45},{"not_picked":["Wild Strike+1","Cleave"],"picked":"Dual Wield+1","floor":47},{"not_picked":["Heavy Blade","Perfected Strike+1"],"picked":"Armaments+1","floor":47},{"not_picked":["Flex+1","Warcry+1"],"picked":"Seeing Red+1","floor":48},{"not_picked":["Wild Strike","Rupture"],"picked":"Havoc+1","floor":48},{"not_picked":["Havoc+1","Whirlwind"],"picked":"Dark Embrace","floor":55}],"player_experience":718791,"relics_obtained":[{"floor":8,"key":"Happy Flower"},{"floor":9,"key":"Strawberry"},{"floor":11,"key":"Toy Ornithopter"},{"floor":25,"key":"Toxic Egg 2"},{"floor":26,"key":"Prayer Wheel"},{"floor":27,"key":"Sundial"},{"floor":41,"key":"Letter Opener"},{"floor":42,"key":"Ice Cream"},{"floor":45,"key":"War Paint"},{"floor":46,"key":"MawBank"},{"floor":55,"key":"Red Skull"}],"event_choices":[{"damage_healed":0,"gold_gain":0,"player_choice":"Fled","damage_taken":0,"max_hp_gain":0,"max_hp_loss":0,"event_name":"Scrap Ooze","floor":3,"gold_loss":0},{"damage_healed":0,"gold_gain":72,"player_choice":"Gained Gold","damage_taken":0,"max_hp_gain":0,"max_hp_loss":0,"event_name":"Golden Wing","floor":4,"gold_loss":0},{"cards_removed":["Strike_R"],"damage_healed":0,"gold_gain":0,"player_choice":"Purged","damage_taken":0,"max_hp_gain":0,"max_hp_loss":0,"event_name":"Purifier","floor":7,"gold_loss":0},{"damage_healed":0,"gold_gain":0,"player_choice":"Obtained Relic","damage_taken":0,"relics_obtained":["Regal Pillow"],"max_hp_gain":0,"max_hp_loss":0,"event_name":"Addict","floor":20,"gold_loss":85},{"cards_removed":["Strike_R"],"damage_healed":0,"gold_gain":0,"player_choice":"Gave Gold","damage_taken":0,"max_hp_gain":0,"max_hp_loss":0,"event_name":"Beggar","floor":31,"gold_loss":75},{"damage_healed":0,"gold_gain":0,"player_choice":"Fight","damage_taken":0,"max_hp_gain":0,"max_hp_loss":0,"event_name":"Mysterious Sphere","floor":42,"gold_loss":0}],"is_beta":false,"boss_relics":[{"not_picked":["Astrolabe","Busted Crown"],"picked":"Snecko Eye"},{"not_picked":["Black Blood","Philosopher\u0027s Stone"],"picked":"Mark of Pain"}],"items_purged_floors":[22,37],"is_endless":false,"potions_floor_spawned":[2,8,13,19,21,24,30,35,39,41,44,45],"ascension_level":20}}