{"host":"6azrrw3tf7wb0f4b","time":1610952634,"event":{"mods":["BaseMod","DeckTracker","Minty Spire (QoL Compilation)","SuperFastMode"],"gold_per_floor":[114,134,134,134,144,169,185,185,210,87,87,10,10,35,35,114,114,131,46,46,97,115,115,130,4,55,55,55],"floor_reached":27,"language":"KOR","playtime":457,"items_purged":["Strike_B","Defend_B"],"score":361,"play_id":"a79a1167-cb51-405b-8f77-5076efc37b1e","local_time":"20210118155034","is_ascension_mode":true,"campfire_choices":[{"data":"Sunder","floor":8.0,"key":"SMITH"},{"floor":11.0,"key":"REST"},{"data":"Defragment","floor":13.0,"key":"SMITH"},{"data":"Zap","floor":15.0,"key":"SMITH"},{"data":"Biased Cognition","floor":23,"key":"SMITH"}],"circlet_count":0,"master_deck":["AscendersBane","Strike_B","Strike_B+1","Strike_B","Defend_B","Defend_B+1","Defend_B","Zap+1","Dualcast+1","Sunder+1","Cold Snap","FTL","Leap","Defragment+1","Core Surge","Biased Cognition+1","Recycle+1","Go for the Eyes","Steam+1","Defragment"],"relics":["Cracked Core","MealTicket","Bronze Scales","Happy Flower","Smiling Mask","Black Star","Dream Catcher","Peace Pipe","Art of War","War Paint"],"acts_visited":["Exordium","TheCity"],"potions_floor_usage":[22,27],"damage_taken":[{"damage":10.0,"enemies":"Cultist","floor":1.0,"turns":4.0},{"damage":0.0,"enemies":"Small Slimes","floor":2.0,"turns":3.0},{"damage":2.0,"enemies":"Jaw Worm","floor":5.0,"turns":2.0},{"damage":20.0,"enemies":"Gremlin Nob","floor":6.0,"turns":3.0},{"damage":1.0,"enemies":"Blue Slaver","floor":7.0,"turns":3.0},{"damage":24.0,"enemies":"3 Sentries","floor":14.0,"turns":6.0},{"damage":22.0,"enemies":"The Guardian","floor":16.0,"turns":9.0},{"damage":24.0,"enemies":"Shell Parasite","floor":18.0,"turns":5.0},{"damage":11,"enemies":"2 Thieves","floor":22,"turns":4},{"damage":12,"enemies":"Centurion and Healer","floor":24,"turns":6},{"damage":44,"enemies":"Gremlin Leader","floor":27,"turns":5}],"seed_played":"-2297151435096029419","potions_obtained":[{"floor":1.0,"key":"FearPotion"},{"floor":5.0,"key":"FearPotion"},{"floor":16.0,"key":"SkillPotion"},{"floor":24,"key":"FocusPotion"}],"is_trial":false,"path_per_floor":["M","M","?","?","M","E","M","R","T","$","R","$","R","E","R","B",null,"M","?","?","T","M","R","M","$","T","E"],"character_chosen":"DEFECT","items_purchased":["Leap","Defragment","Defragment"],"campfire_rested":1,"item_purchase_floors":[10,12,25],"current_hp_per_floor":[58,58,58,43,41,21,20,20,20,35,57,72,72,48,48,26,63,39,39,39,39,28,28,16,31,31,0,0],"gold":55,"neow_bonus":"RANDOM_COMMON_RELIC","is_daily":false,"chose_seed":false,"campfire_upgraded":4,"win_rate":0.0,"timestamp":1610952634,"path_taken":["M","M","?","?","M","E","M","R","T","?","R","$","R","E","R","BOSS","M","?","?","?","?","R","M","$","T","E"],"items_purchased_type":["Card","Card","Card"],"build_version":"2020-12-22","purchased_purges":2,"victory":false,"max_hp_per_floor":[75,75,75,75,75,75,75,75,75,75,75,75,75,75,75,75,75,75,75,75,75,75,75,75,75,75,75,75],"card_choices":[{"not_picked":["Reprogram","Double Energy"],"picked":"Sunder","floor":1.0},{"not_picked":["Go for the Eyes","Blizzard"],"picked":"Cold Snap","floor":2.0},{"not_picked":["Tempest","Cold Snap","Darkness"],"picked":"SKIP","floor":5.0},{"not_picked":["Redo","Barrage","Scrape"],"picked":"SKIP","floor":6.0},{"not_picked":["Sweeping Beam","Genetic Algorithm"],"picked":"FTL","floor":7.0},{"not_picked":["Ball Lightning","Cold Snap"],"picked":"Core Surge","floor":14.0},{"not_picked":["Machine Learning","Echo Form"],"picked":"Biased Cognition","floor":16.0},{"not_picked":["Gash","Lockon"],"picked":"Recycle+1","floor":18.0},{"not_picked":["Redo","Consume"],"picked":"Go for the Eyes","floor":22},{"not_picked":["Static Discharge","Storm"],"picked":"Steam","floor":24}],"player_experience":725959,"relics_obtained":[{"floor":6.0,"key":"Bronze Scales"},{"floor":9.0,"key":"Happy Flower"},{"floor":14.0,"key":"Smiling Mask"},{"floor":21.0,"key":"Art of War"},{"floor":26,"key":"War Paint"}],"event_choices":[{"damage_healed":0.0,"max_hp_gain":0.0,"max_hp_loss":0.0,"gold_gain":0.0,"event_name":"Liars Game","player_choice":"Ignored","floor":3.0,"gold_loss":0.0,"damage_taken":0.0},{"damage_healed":0.0,"max_hp_gain":0.0,"max_hp_loss":0.0,"gold_gain":0.0,"event_name":"Shining Light","player_choice":"Entered Light","floor":4.0,"gold_loss":0.0,"damage_taken":15.0,"cards_upgraded":["Strike_B","Dualcast"]},{"damage_healed":0.0,"max_hp_gain":0.0,"max_hp_loss":0.0,"gold_gain":0.0,"event_name":"Addict","player_choice":"Obtained Relic","floor":19.0,"gold_loss":85.0,"damage_taken":0.0,"relics_obtained":["Dream Catcher"]},{"damage_healed":0.0,"max_hp_gain":0.0,"max_hp_loss":0.0,"gold_gain":0.0,"event_name":"The Mausoleum","player_choice":"Opened","floor":20.0,"gold_loss":0.0,"damage_taken":0.0,"relics_obtained":["Peace Pipe"]}],"is_beta":false,"boss_relics":[{"not_picked":["Snecko Eye","Ectoplasm"],"picked":"Black Star"}],"items_purged_floors":[10,25],"is_endless":false,"potions_floor_spawned":[1,5,16,24],"killed_by":"Gremlin Leader","ascension_level":13}}