{"host":"pjgcdp3h1plnbocs","time":1610992747,"event":{"mods":["AchievementEnabler","BaseMod","Colored Map","Downfall","Highlight Path","Minty Spire (QoL Compilation)","StSLib"],"gold_per_floor":[99,117,127,141,291,319,346,363,378,278,278,278,278,278,278],"floor_reached":13,"language":"ENG","playtime":644,"items_purged":[],"score":85,"play_id":"9e6a3f67-b785-431b-a87b-112d0fe4c28c","local_time":"20210118185907","is_ascension_mode":false,"campfire_choices":[{"data":"champ:Taunt","floor":1,"key":"SMITH"},{"data":"champ:FanOfKnives","floor":10,"key":"SMITH"}],"circlet_count":0,"master_deck":["champ:Strike","champ:Strike","champ:Strike","champ:Strike","champ:Defend","champ:Defend","champ:Defend","champ:Defend","champ:Execute","champ:Taunt+1","champ:DefensiveShout","champ:StanceDance","champ:AdrenalArmor","downfall:Icky","champ:FanOfKnives+1"],"relics":["champ:ChampionCrown","Boot","Tiny Chest","downfall:HeartBlessingGreen","downfall:BrokenWingStatue"],"acts_visited":["Exordium"],"potions_floor_usage":[13],"damage_taken":[{"damage":16,"enemies":"Cultist","floor":2,"turns":3},{"damage":31,"enemies":"Jaw Worm","floor":3,"turns":4},{"damage":10,"enemies":"Small Slimes","floor":4,"turns":4},{"damage":79,"enemies":"3 Sentries","floor":6,"turns":12},{"damage":28,"enemies":"Exordium Thugs","floor":8,"turns":7},{"damage":31,"enemies":"Red Slaver","floor":9,"turns":5},{"damage":31,"enemies":"Lagavulin","floor":13,"turns":5}],"seed_played":"1190313744267824093","potions_obtained":[{"floor":6,"key":"Energy Potion"},{"floor":8,"key":"Strength Potion"}],"is_trial":false,"path_per_floor":["R","M","M","M","?","E","T","M","M","R","?","?","E"],"character_chosen":"THE_CHAMP","items_purchased":[],"campfire_rested":0,"item_purchase_floors":[],"current_hp_per_floor":[99,93,87,87,87,43,43,35,24,24,24,24,0,0,0],"gold":278,"neow_bonus":"TEN_PERCENT_HP_BONUS","is_daily":false,"chose_seed":false,"campfire_upgraded":2,"win_rate":0.0,"timestamp":1610992747,"path_taken":["R","M","M","M","?","E","T","M","M","R","?","?","E"],"items_purchased_type":[],"build_version":"2020-12-22","purchased_purges":0,"victory":false,"max_hp_per_floor":[99,99,99,99,99,99,99,99,99,99,99,99,99,99,99],"card_choices":[{"not_picked":["champ:ArenaPreparation","champ:FlashCut"],"picked":"champ:DefensiveShout","floor":2},{"not_picked":["champ:BladeFlurry","champ:EnGarde"],"picked":"champ:StanceDance","floor":3},{"not_picked":["champ:FocusedBerserking","champ:PreciseThrust"],"picked":"champ:AdrenalArmor","floor":4},{"not_picked":["champ:AdrenalArmor","champ:PerfectedStrike","champ:Improvising"],"picked":"SKIP","floor":6},{"not_picked":["champ:TornadoPunch","champ:FaceSlap"],"picked":"champ:FanOfKnives","floor":8},{"not_picked":["champ:AdrenalArmor","champ:DefensiveShout","champ:GutPunch"],"picked":"SKIP","floor":9}],"player_experience":185394,"relics_obtained":[{"floor":6,"key":"Boot"},{"floor":7,"key":"Tiny Chest"}],"event_choices":[],"is_beta":false,"boss_relics":[],"items_purged_floors":[],"is_endless":false,"potions_floor_spawned":[6,8],"killed_by":"Lagavulin","ascension_level":0}}