{"host":"2qv44oxt58ptq59r","time":1610997764,"event":{"mods":["AchievementEnabler","BaseMod","Colored Powertips","Highlight Path","Minty Spire (QoL Compilation)","Permanent Neow","StSLib"],"gold_per_floor":[110,127,145,9,19,50,74,116,116,143,30,50,50,70,70,177,177,196,223,223,252,261,261,290,290,338,361,370,370,3,29,29,29,29],"floor_reached":33,"language":"ENG","playtime":10334,"items_purged":["Decay"],"score":309,"play_id":"0d612f23-65a8-4ba8-95dc-ce448da7d948","local_time":"20210118192244","is_ascension_mode":true,"campfire_choices":[{"data":"Bash","floor":13.0,"key":"SMITH"},{"floor":15.0,"key":"REST"},{"data":"Demon Form","floor":23.0,"key":"SMITH"},{"floor":25.0,"key":"REST"},{"floor":29.0,"key":"RECALL"},{"floor":32.0,"key":"REST"}],"circlet_count":0,"master_deck":["Strike_R+1","Strike_R+1","Strike_R+1","Strike_R+1","Strike_R+1","Defend_R+1","Defend_R+1","Defend_R+1","Defend_R+1","Bash+1","Body Slam","Shrug It Off","Pommel Strike","Whirlwind","Carnage","Inflame","Bandage Up","Inflame","Disarm","Demon Form+1","Sword Boomerang","Heavy Blade+1","Intimidate","Reaper","Heavy Blade+1","Shockwave","Uppercut","Cleave+1"],"relics":["Burning Blood","Mercury Hourglass","Odd Mushroom","CeramicFish","War Paint","Self Forming Clay","Black Star","Orichalcum","Membership Card","StoneCalendar"],"acts_visited":["Exordium","TheCity"],"potions_floor_usage":[33,33],"damage_taken":[{"damage":1.0,"enemies":"Small Slimes","floor":1.0,"turns":5.0},{"damage":6.0,"enemies":"Cultist","floor":2.0,"turns":3.0},{"damage":2.0,"enemies":"2 Louse","floor":3.0,"turns":3.0},{"damage":0.0,"enemies":"Looter","floor":5.0,"turns":1.0},{"damage":47.0,"enemies":"Lagavulin","floor":6.0,"turns":8.0},{"damage":9.0,"enemies":"The Mushroom Lair","floor":7.0,"turns":4.0},{"damage":5.0,"enemies":"3 Sentries","floor":8.0,"turns":7.0},{"damage":20.0,"enemies":"Gremlin Nob","floor":10.0,"turns":4.0},{"damage":19.0,"enemies":"Exordium Wildlife","floor":12.0,"turns":3.0},{"damage":3.0,"enemies":"3 Louse","floor":14.0,"turns":2.0},{"damage":37.0,"enemies":"Hexaghost","floor":16.0,"turns":10.0},{"damage":13.0,"enemies":"Chosen","floor":18.0,"turns":5.0},{"damage":19.0,"enemies":"Spheric Guardian","floor":19.0,"turns":4.0},{"damage":15.0,"enemies":"Snecko","floor":21.0,"turns":4.0},{"damage":20.0,"enemies":"Shelled Parasite and Fungi","floor":24.0,"turns":5.0},{"damage":20.0,"enemies":"Centurion and Healer","floor":27.0,"turns":6.0},{"damage":15.0,"enemies":"Snake Plant","floor":31.0,"turns":4.0},{"damage":101,"enemies":"Automaton","floor":33,"turns":8}],"seed_played":"901917589801069452","potions_obtained":[{"floor":1.0,"key":"SteroidPotion"},{"floor":2.0,"key":"AttackPotion"},{"floor":6.0,"key":"BloodPotion"},{"floor":12.0,"key":"BloodPotion"},{"floor":14.0,"key":"PowerPotion"},{"floor":19.0,"key":"Swift Potion"},{"floor":21.0,"key":"Ancient Potion"},{"floor":24.0,"key":"ColorlessPotion"},{"floor":31.0,"key":"LiquidMemories"}],"is_trial":false,"path_per_floor":["M","M","M","$","M","E","?","E","T","E","$","M","R","M","R","B",null,"M","M","?","M","?","R","M","R","T","M","?","R","$","M","R","B"],"character_chosen":"IRONCLAD","items_purchased":["EntropicBrew","Whirlwind","Bandage Up","Inflame","Membership Card","StoneCalendar","Uppercut","SkillPotion"],"campfire_rested":3,"item_purchase_floors":[4,4,11,11,30,30,30,30],"current_hp_per_floor":[80,80,80,80,80,39,36,53,53,39,39,26,26,33,57,46,80,73,64,64,55,55,55,45,69,69,59,59,59,59,56,80,0,0],"gold":29,"neow_bonus":"THREE_CARDS","is_daily":false,"chose_seed":false,"campfire_upgraded":2,"win_rate":0.0,"timestamp":1610997764,"path_taken":["M","M","M","$","M","E","?","E","T","E","$","M","R","M","R","BOSS","M","M","?","M","?","R","M","R","T","?","?","R","$","M","R","BOSS"],"items_purchased_type":["Potion","Card","Card","Card","Relic","Relic","Card","Potion"],"build_version":"2020-12-22","purchased_purges":1,"victory":false,"max_hp_per_floor":[80,80,80,80,80,80,80,80,80,80,80,80,80,80,80,80,80,80,80,80,80,80,80,80,80,80,80,80,80,80,80,80,80,80],"card_choices":[{"not_picked":["Clash","Sentinel"],"picked":"Body Slam","floor":0.0},{"not_picked":["Reckless Charge","Heavy Blade","Ghostly Armor"],"picked":"SKIP","floor":1.0},{"not_picked":["Sentinel","Wild Strike"],"picked":"Shrug It Off","floor":2.0},{"not_picked":["Heavy Blade","Iron Wave"],"picked":"Pommel Strike","floor":3.0},{"not_picked":["Wild Strike","Flex"],"picked":"Carnage","floor":5.0},{"not_picked":["Second Wind","Pummel","Iron Wave"],"picked":"SKIP","floor":6.0},{"not_picked":["Brutality","Twin Strike"],"picked":"Inflame","floor":8.0},{"not_picked":["Fire Breathing","Sentinel","True Grit"],"picked":"SKIP","floor":10.0},{"not_picked":["Iron Wave","Perfected Strike","Reckless Charge"],"picked":"SKIP","floor":12.0},{"not_picked":["Body Slam","Thunderclap"],"picked":"Disarm","floor":14.0},{"not_picked":["Bludgeon","Limit Break"],"picked":"Demon Form","floor":16.0},{"not_picked":["Reckless Charge+1","Iron Wave"],"picked":"Sword Boomerang","floor":18.0},{"not_picked":["Wild Strike","Metallicize"],"picked":"Heavy Blade+1","floor":19.0},{"not_picked":["Twin Strike","Armaments+1"],"picked":"Intimidate","floor":21.0},{"not_picked":["Perfected Strike","Rupture"],"picked":"Reaper","floor":24.0},{"not_picked":["Searing Blow","Seeing Red"],"picked":"Heavy Blade+1","floor":27.0},{"not_picked":["Infernal Blade","Clothesline"],"picked":"Cleave+1","floor":31.0}],"player_experience":5385518,"relics_obtained":[{"floor":6.0,"key":"Mercury Hourglass"},{"floor":7.0,"key":"Odd Mushroom"},{"floor":8.0,"key":"CeramicFish"},{"floor":9.0,"key":"War Paint"},{"floor":10.0,"key":"Self Forming Clay"},{"floor":26.0,"key":"Orichalcum"}],"event_choices":[{"damage_healed":0.0,"max_hp_gain":0.0,"max_hp_loss":0.0,"gold_gain":0.0,"event_name":"Mushrooms","player_choice":"Fought Mushrooms","floor":7.0,"gold_loss":0.0,"damage_taken":0.0},{"damage_healed":0.0,"max_hp_gain":0.0,"max_hp_loss":0.0,"gold_gain":0.0,"event_name":"Back to Basics","player_choice":"Simplicity","floor":20.0,"gold_loss":0.0,"damage_taken":0.0,"cards_upgraded":["Strike_R","Strike_R","Strike_R","Strike_R","Strike_R","Defend_R","Defend_R"]},{"damage_healed":0.0,"max_hp_gain":0.0,"max_hp_loss":0.0,"gold_gain":0.0,"event_name":"Wheel of Change","player_choice":"Cursed","floor":22.0,"gold_loss":0.0,"damage_taken":0.0,"cards_obtained":["Decay"]},{"damage_healed":0.0,"max_hp_gain":0.0,"max_hp_loss":0.0,"gold_gain":0.0,"event_name":"The Library","player_choice":"Read","floor":28.0,"gold_loss":0.0,"damage_taken":0.0,"cards_obtained":["Shockwave"]}],"is_beta":false,"boss_relics":[{"not_picked":["Runic Pyramid","Sozu"],"picked":"Black Star"}],"items_purged_floors":[30],"is_endless":false,"potions_floor_spawned":[1,2,6,12,14,19,21,24,31],"killed_by":"Automaton","ascension_level":1}}