{"host":"sav7uxregyirlf69","time":1610986346,"event":{"mods":["AchievementEnabler","BaseMod","Colored Map","DeckTracker","Keyboard Shortcuts","Minty Spire (QoL Compilation)","READ ME - Guardian Mod","StSLib","SuperFastMode"],"gold_per_floor":[116,116,134,134,59,86,86,119,145,145,163,163,225,225,225,225,225],"floor_reached":16,"language":"KOR","playtime":193,"items_purged":["Strike_R"],"score":212,"play_id":"d7808987-efa4-4a4c-8d43-ac00ff6dc670","local_time":"20210119011226","is_ascension_mode":true,"campfire_choices":[{"data":"Armaments","floor":7.0,"key":"SMITH"},{"floor":10.0,"key":"REST"},{"data":"Immolate","floor":12,"key":"SMITH"},{"data":"Evolve","floor":15,"key":"SMITH"}],"circlet_count":0,"master_deck":["AscendersBane","Strike_R","Strike_R","Strike_R","Defend_R","Defend_R","Defend_R","Defend_R","Bash","Immolate+1","Evolve+1","Armaments+1","Hemokinesis","Ghostly Armor"],"relics":["Burning Blood","Bag of Marbles","Art of War","Letter Opener","Golden Idol"],"acts_visited":["Exordium"],"potions_floor_usage":[13,16],"damage_taken":[{"damage":6.0,"enemies":"Cultist","floor":1.0,"turns":3.0},{"damage":0.0,"enemies":"2 Louse","floor":3.0,"turns":1.0},{"damage":22.0,"enemies":"3 Sentries","floor":6.0,"turns":5.0},{"damage":41.0,"enemies":"Lagavulin","floor":8.0,"turns":5.0},{"damage":0,"enemies":"Small Slimes","floor":11,"turns":1},{"damage":29,"enemies":"Lagavulin Event","floor":13,"turns":4},{"damage":18,"enemies":"Hexaghost","floor":16,"turns":7}],"seed_played":"3743218851617081212","potions_obtained":[{"floor":1.0,"key":"Ancient Potion"},{"floor":6.0,"key":"Weak Potion"},{"floor":8.0,"key":"HeartOfIron"},{"floor":11,"key":"DuplicationPotion"}],"is_trial":false,"path_per_floor":["M","?","M","?","$","E","R","E","T","R","M","R","?","?","R","B"],"character_chosen":"IRONCLAD","items_purchased":[],"campfire_rested":1,"item_purchase_floors":[],"current_hp_per_floor":[68,68,68,61,61,45,45,10,10,30,36,36,13,13,13,0,0],"gold":225,"neow_bonus":"THREE_RARE_CARDS","is_daily":false,"chose_seed":false,"campfire_upgraded":3,"win_rate":0.0,"timestamp":1610986346,"path_taken":["M","?","M","?","$","E","R","E","T","R","M","R","?","?","R","BOSS"],"items_purchased_type":[],"build_version":"2020-12-22","purchased_purges":1,"victory":false,"max_hp_per_floor":[68,68,68,68,68,68,68,68,68,68,68,68,68,62,62,62,62],"card_choices":[{"not_picked":["Bludgeon","Brutality"],"picked":"Immolate","floor":0.0},{"not_picked":["Headbutt","Power Through"],"picked":"Evolve","floor":1.0},{"not_picked":["Bloodletting","Flex"],"picked":"Armaments","floor":3.0},{"not_picked":["Anger","Armaments"],"picked":"Hemokinesis","floor":6.0},{"not_picked":["Sword Boomerang","Twin Strike"],"picked":"Ghostly Armor","floor":8.0},{"not_picked":["Havoc","Warcry","Headbutt"],"picked":"SKIP","floor":11}],"player_experience":1314588,"relics_obtained":[{"floor":6.0,"key":"Bag of Marbles"},{"floor":8.0,"key":"Art of War"}],"event_choices":[{"damage_healed":0.0,"max_hp_gain":0.0,"max_hp_loss":0.0,"gold_gain":0.0,"event_name":"Liars Game","player_choice":"Ignored","floor":2.0,"gold_loss":0.0,"damage_taken":0.0},{"cards_removed":["Strike_R"],"damage_healed":0.0,"max_hp_gain":0.0,"max_hp_loss":0.0,"gold_gain":0.0,"event_name":"Golden Wing","player_choice":"Card Removal","floor":4.0,"gold_loss":0.0,"damage_taken":7.0},{"damage_healed":0,"gold_gain":0,"player_choice":"Searched \u00272\u0027 times","damage_taken":0,"relics_obtained":["Letter Opener"],"max_hp_gain":0,"max_hp_loss":0,"event_name":"Dead Adventurer","floor":13,"gold_loss":0},{"damage_healed":0,"gold_gain":0,"player_choice":"Lose Max HP","damage_taken":0,"relics_obtained":["Golden Idol"],"max_hp_gain":0,"max_hp_loss":6,"event_name":"Golden Idol","floor":14,"gold_loss":0}],"is_beta":false,"boss_relics":[],"items_purged_floors":[5],"is_endless":false,"potions_floor_spawned":[1,6,8,11],"killed_by":"Hexaghost","ascension_level":20}}