{"host":"77pvex58kafzx78l","time":1610961827,"event":{"mods":["BaseMod","Better Vampires","DeckTracker","Googly Eyes","Minty Spire (QoL Compilation)","Quick Restart","StSLib","SuperFastMode"],"gold_per_floor":[109,123,141,159,173,173,200,200,269,290,315,65,65,84,84,189,189,203,203,213,133,153,153,182,196,196,226,261,280,32,67,67,167,167,178,1177,1399,1399,1417,1444,256,287,314,324,336,352,386,405,405,405,405,405,22,49,49],"floor_reached":56,"language":"ENG","playtime":2112,"items_purged":["Strike_P","Defend_P","Strike_P","FlurryOfBlows+1","Consecrate+1"],"score":1785,"play_id":"fc778c65-24cf-407e-968a-bbd17aee3ab3","local_time":"20210118172347","is_ascension_mode":true,"campfire_choices":[{"data":"Eruption","floor":6.0,"key":"SMITH"},{"data":"Vigilance","floor":8.0,"key":"SMITH"},{"floor":15.0,"key":"RECALL"},{"data":"Judgement","floor":23.0,"key":"SMITH"},{"data":"Apotheosis","floor":32.0,"key":"SMITH"},{"data":"Defend_P","floor":49.0,"key":"PURGE"},{"data":"BowlingBash","floor":52.0,"key":"PURGE"}],"circlet_count":0,"master_deck":["Eruption+1","Vigilance+1","Judgement+1","FearNoEvil","Halt+1","ClearTheMind+1","Apotheosis+1","ConjureBlade+1","MasterReality+1","Pray+1","TalkToTheHand","Adaptation","Scrawl","Adaptation"],"relics":["Empty Cage","Whetstone","The Courier","Odd Mushroom","Dead Branch","Question Card","Black Star","Bag of Preparation","White Beast Statue","HornCleat","Bag of Marbles","Damaru","Red Mask","Nunchaku","Omamori","Runic Dome","Sundial","Incense Burner","PreservedInsect","HandDrill","Pantograph","CloakClasp","Anchor","Peace Pipe","Dream Catcher","Darkstone Periapt","Toxic Egg 2","Ancient Tea Set","OrangePellets","Strawberry","Orichalcum","War Paint"],"acts_visited":["Exordium","TheCity","TheBeyond","TheEnding"],"potions_floor_usage":[55,55,55,55,55],"damage_taken":[{"damage":5.0,"enemies":"Small Slimes","floor":1.0,"turns":4.0},{"damage":1.0,"enemies":"2 Louse","floor":2.0,"turns":2.0},{"damage":4.0,"enemies":"Jaw Worm","floor":3.0,"turns":2.0},{"damage":6.0,"enemies":"Red Slaver","floor":4.0,"turns":5.0},{"damage":0.0,"enemies":"Large Slime","floor":5.0,"turns":3.0},{"damage":16.0,"enemies":"Gremlin Nob","floor":7.0,"turns":3.0},{"damage":0.0,"enemies":"The Mushroom Lair","floor":10.0,"turns":1.0},{"damage":0.0,"enemies":"3 Sentries","floor":11.0,"turns":4.0},{"damage":1.0,"enemies":"Exordium Thugs","floor":14.0,"turns":3.0},{"damage":16.0,"enemies":"Hexaghost","floor":16.0,"turns":7.0},{"damage":5.0,"enemies":"2 Thieves","floor":18.0,"turns":2.0},{"damage":7.0,"enemies":"Chosen","floor":20.0,"turns":4.0},{"damage":0.0,"enemies":"Centurion and Healer","floor":22.0,"turns":4.0},{"damage":46.0,"enemies":"Book of Stabbing","floor":24.0,"turns":5.0},{"damage":0.0,"enemies":"Sentry and Sphere","floor":25.0,"turns":1.0},{"damage":0.0,"enemies":"Gremlin Leader","floor":27.0,"turns":3.0},{"damage":0.0,"enemies":"Masked Bandits","floor":28.0,"turns":1.0},{"damage":0.0,"enemies":"Snake Plant","floor":29.0,"turns":1.0},{"damage":0.0,"enemies":"Book of Stabbing","floor":31.0,"turns":3.0},{"damage":8.0,"enemies":"Automaton","floor":33.0,"turns":8.0},{"damage":13.0,"enemies":"3 Darklings","floor":35.0,"turns":4.0},{"damage":2.0,"enemies":"3 Shapes","floor":39.0,"turns":2.0},{"damage":27.0,"enemies":"Giant Head","floor":40.0,"turns":6.0},{"damage":1.0,"enemies":"Nemesis","floor":42.0,"turns":3.0},{"damage":0.0,"enemies":"Transient","floor":44.0,"turns":5.0},{"damage":5.0,"enemies":"Maw","floor":45.0,"turns":7.0},{"damage":0.0,"enemies":"3 Darklings","floor":46.0,"turns":3.0},{"damage":0.0,"enemies":"Reptomancer","floor":47.0,"turns":2.0},{"damage":13.0,"enemies":"Writhing Mass","floor":48.0,"turns":3.0},{"damage":0.0,"enemies":"Donu and Deca","floor":50.0,"turns":6.0},{"damage":0.0,"enemies":"Shield and Spear","floor":54.0,"turns":2.0},{"damage":0,"enemies":"The Heart","floor":55,"turns":7}],"seed_played":"6984212198500594419","potions_obtained":[{"floor":1.0,"key":"Strength Potion"},{"floor":3.0,"key":"Strength Potion"},{"floor":4.0,"key":"LiquidMemories"},{"floor":25.0,"key":"PowerPotion"},{"floor":27.0,"key":"BottledMiracle"},{"floor":31.0,"key":"SpeedPotion"},{"floor":35.0,"key":"StancePotion"},{"floor":39.0,"key":"EntropicBrew"},{"floor":40.0,"key":"Regen Potion"},{"floor":42.0,"key":"Swift Potion"},{"floor":44.0,"key":"Strength Potion"},{"floor":45.0,"key":"DistilledChaos"},{"floor":47.0,"key":"EssenceOfSteel"},{"floor":48.0,"key":"SpeedPotion"}],"is_trial":false,"path_per_floor":["M","M","M","M","M","R","E","R","T","?","E","$","?","M","R","B",null,"M","?","M","$","M","R","E","M","T","E","?","M","$","E","R","B",null,"M","?","?","?","M","E","$","E","T","M","M","M","E","M","R","B",null,"R","$","E","B",null],"character_chosen":"WATCHER","items_purchased":["Question Card","Apotheosis","Adaptation","PreservedInsect","HandDrill","Pantograph","CloakClasp","Anchor","Peace Pipe","OrangePellets","Strawberry"],"campfire_rested":0,"item_purchase_floors":[12,30,41,41,41,41,41,41,41,53,53],"current_hp_per_floor":[67,66,62,56,56,56,40,40,40,40,40,40,33,32,32,16,72,67,67,60,60,60,60,14,14,14,14,14,14,14,14,14,6,72,59,59,59,59,57,30,30,29,29,43,38,38,38,25,25,50,72,72,79,79,79],"gold":49,"neow_bonus":"BOSS_RELIC","is_daily":false,"chose_seed":false,"campfire_upgraded":4,"win_rate":0.0,"timestamp":1610961827,"path_taken":["M","M","M","M","M","R","E","R","T","?","E","$","?","M","R","BOSS","M","?","M","$","?","R","E","M","T","E","?","M","$","E","R","BOSS","M","?","?","?","M","E","$","E","T","?","?","?","E","M","R","BOSS","R","$","E","BOSS"],"items_purchased_type":["Relic","Card","Card","Relic","Relic","Relic","Relic","Relic","Relic","Relic","Relic"],"build_version":"2020-12-22","purchased_purges":5,"victory":true,"max_hp_per_floor":[72,72,72,72,72,72,72,72,72,72,72,72,72,72,72,72,72,72,72,72,72,72,72,72,72,72,72,72,72,72,72,72,72,72,72,72,72,72,72,72,72,72,72,72,72,72,72,72,72,72,72,72,79,79,79],"card_choices":[{"not_picked":["EmptyFist","LikeWater","Sanctity"],"picked":"SKIP","floor":1.0},{"not_picked":["ClearTheMind","Wireheading"],"picked":"FlurryOfBlows","floor":2.0},{"not_picked":["Vengeance","Collect","Protect"],"picked":"SKIP","floor":3.0},{"not_picked":["EmptyBody","Evaluate","SashWhip"],"picked":"SKIP","floor":4.0},{"not_picked":["Halt","Weave"],"picked":"Consecrate","floor":5.0},{"not_picked":["Evaluate","DeceiveReality","ReachHeaven"],"picked":"SKIP","floor":7.0},{"not_picked":["SignatureMove","EmptyBody","DeceiveReality"],"picked":"SKIP","floor":11.0},{"not_picked":["SignatureMove","EmptyBody","DeceiveReality"],"picked":"SKIP","floor":11.0},{"not_picked":["Meditate","Sanctity","WindmillStrike","FlurryOfBlows"],"picked":"SKIP","floor":14.0},{"not_picked":["Vault","ConjureBlade","Omniscience"],"picked":"Judgement","floor":16.0},{"not_picked":["SashWhip","ThirdEye","Collect","ClearTheMind"],"picked":"SKIP","floor":18.0},{"not_picked":["Prostrate","FlurryOfBlows+1","WindmillStrike","ThirdEye"],"picked":"SKIP","floor":20.0},{"not_picked":["Brilliance","EmptyFist","FlyingSleeves","FollowUp"],"picked":"SKIP","floor":22.0},{"not_picked":["Devotion","FollowUp","CarveReality","ThirdEye"],"picked":"SKIP","floor":24.0},{"not_picked":["Swivel+1","Consecrate","Weave"],"picked":"Halt+1","floor":25.0},{"not_picked":["Wireheading","Prostrate+1","Vengeance"],"picked":"BowlingBash","floor":27.0},{"not_picked":["LikeWater","FlyingSleeves","BowlingBash"],"picked":"ClearTheMind","floor":28.0},{"not_picked":["CarveReality","Prostrate+1","PathToVictory+1","Consecrate"],"picked":"SKIP","floor":29.0},{"not_picked":["ClearTheMind","Collect+1","FlurryOfBlows"],"picked":"ConjureBlade","floor":31.0},{"not_picked":["Scrawl","Establishment","Omniscience"],"picked":"MasterReality","floor":33.0},{"not_picked":["FearNoEvil","MentalFortress+1","SashWhip+1","WindmillStrike+1"],"picked":"SKIP","floor":35.0},{"not_picked":["Prostrate","PathToVictory","Halt+1"],"picked":"Pray+1","floor":39.0},{"not_picked":["FlurryOfBlows+1","Judgement","Wireheading+1"],"picked":"TalkToTheHand","floor":40.0},{"not_picked":["Fasting2","BowlingBash+1","SpiritShield","ClearTheMind+1"],"picked":"SKIP","floor":42.0},{"not_picked":["EmptyFist","FollowUp","Collect+1","FlurryOfBlows+1"],"picked":"SKIP","floor":44.0},{"not_picked":["Prostrate+1","CrushJoints+1","SandsOfTime"],"picked":"Scrawl","floor":45.0},{"not_picked":["FlurryOfBlows+1","BowlingBash+1","MentalFortress+1","Indignation"],"picked":"SKIP","floor":46.0},{"not_picked":["WreathOfFlame+1","SandsOfTime","Meditate+1","WindmillStrike+1"],"picked":"SKIP","floor":47.0},{"not_picked":["FlyingSleeves","EmptyFist","CrushJoints+1","PathToVictory+1"],"picked":"SKIP","floor":48.0},{"not_picked":["Protect+1","WaveOfTheHand+1","EmptyFist+1"],"picked":"Adaptation","floor":54.0}],"player_experience":239937,"relics_obtained":[{"floor":7.0,"key":"Whetstone"},{"floor":9.0,"key":"The Courier"},{"floor":10.0,"key":"Odd Mushroom"},{"floor":11.0,"key":"Dead Branch"},{"floor":24.0,"key":"Bag of Preparation"},{"floor":24.0,"key":"White Beast Statue"},{"floor":26.0,"key":"HornCleat"},{"floor":27.0,"key":"Bag of Marbles"},{"floor":27.0,"key":"Damaru"},{"floor":28.0,"key":"Red Mask"},{"floor":31.0,"key":"Nunchaku"},{"floor":31.0,"key":"Omamori"},{"floor":40.0,"key":"Sundial"},{"floor":40.0,"key":"Incense Burner"},{"floor":42.0,"key":"Dream Catcher"},{"floor":42.0,"key":"Darkstone Periapt"},{"floor":47.0,"key":"Toxic Egg 2"},{"floor":47.0,"key":"Ancient Tea Set"},{"floor":54.0,"key":"Orichalcum"},{"floor":54.0,"key":"War Paint"}],"event_choices":[{"damage_healed":0.0,"max_hp_gain":0.0,"max_hp_loss":0.0,"gold_gain":0.0,"event_name":"Mushrooms","player_choice":"Fought Mushrooms","floor":10.0,"gold_loss":0.0,"damage_taken":0.0},{"cards_removed":["Strike_P"],"damage_healed":0.0,"max_hp_gain":0.0,"max_hp_loss":0.0,"gold_gain":0.0,"event_name":"Golden Wing","player_choice":"Card Removal","floor":13.0,"gold_loss":0.0,"damage_taken":7.0},{"damage_healed":0.0,"max_hp_gain":0.0,"max_hp_loss":0.0,"gold_gain":0.0,"cards_transformed":["Strike_P"],"event_name":"Transmorgrifier","player_choice":"Transformed","floor":19.0,"gold_loss":0.0,"damage_taken":0.0,"cards_obtained":["FearNoEvil"]},{"damage_healed":0.0,"max_hp_gain":0.0,"max_hp_loss":0.0,"gold_gain":0.0,"event_name":"Masked Bandits","player_choice":"Fought Bandits","floor":28.0,"gold_loss":0.0,"damage_taken":0.0},{"damage_healed":0.0,"max_hp_gain":0.0,"max_hp_loss":0.0,"gold_gain":999.0,"event_name":"MindBloom","player_choice":"Gold","floor":36.0,"gold_loss":0.0,"damage_taken":0.0,"cards_obtained":["Normality","Normality"]},{"damage_healed":0.0,"max_hp_gain":0.0,"max_hp_loss":0.0,"gold_gain":222.0,"event_name":"Tomb of Lord Red Mask","player_choice":"Wore Mask","floor":37.0,"gold_loss":0.0,"damage_taken":0.0},{"damage_healed":0.0,"max_hp_gain":0.0,"max_hp_loss":0.0,"gold_gain":0.0,"event_name":"Upgrade Shrine","player_choice":"Upgraded","floor":38.0,"gold_loss":0.0,"damage_taken":0.0,"cards_upgraded":["MasterReality"]}],"is_beta":false,"boss_relics":[{"not_picked":["Fusion Hammer","Philosopher\u0027s Stone"],"picked":"Black Star"},{"not_picked":["Sozu","Velvet Choker"],"picked":"Runic Dome"}],"items_purged_floors":[12,21,30,41,53],"is_endless":false,"potions_floor_spawned":[1,3,4,10,16,18,22,25,27,28,29,31,33,35,39,40,42,44,45,46,47,48,54],"ascension_level":2}}