{"host":"3498uni0c31c9bdm","time":1610937897,"event":{"mods":["BaseMod","Better Third Choice","Minty Spire (QoL Compilation)","Replay The Spire","StSLib"],"gold_per_floor":[113,113,113,128,140,140,166,166,189,70,104,123,123,103,103,233,233,252,273,294,318,318,318,349,309,309,309,325,369,181,202,202,321,321,336,336,19,43,57,57,78,117,117,117,117,150,218,238,238,238,238,238,62,105,105],"floor_reached":56,"language":"ENG","playtime":5307,"items_purged":["Replay:Hysterical Blindness","Delirium"],"score":1344,"play_id":"2e05b851-1edd-49e9-86c6-eab077a61070","local_time":"20210118134457","is_ascension_mode":true,"campfire_choices":[{"floor":6,"key":"RECALL"},{"floor":8,"key":"REST"},{"floor":15,"key":"REST"},{"floor":23,"key":"REST"},{"floor":27,"key":"REST"},{"floor":32,"key":"REST"},{"floor":40,"key":"REST"},{"floor":44,"key":"REST"},{"floor":49,"key":"REST"},{"data":"Echo Form","floor":52,"key":"SMITH"}],"circlet_count":0,"master_deck":["Defend_B+1","Defend_B","Defend_B","Defend_B+1","Zap+1","Dualcast","Defragment","Streamline+1","Barrage","Electrodynamics","Panache","Dark Shackles+1","Blind","Auto Shields","Core Surge","Injury","Echo Form+1","Cold Snap+1","Sweeping Beam","Bite","Bite+1","Bite+1","Bite","Bite+1","Turbo","FTL+1","White Noise","Redo+1","Parasite","ReplayTheSpireMod:Doomed","Ball Lightning+1","Stack+1","Stack+1","Echo Form","ReplayTheSpireMod:Omega Cannon","Beam Cell+1","Conserve Battery","Crystallizer"],"relics":["Cracked Core","Nunchaku","ReplayTheSpireMod:ShopPack","Replay:Rubber Ducky","Golden Idol","Busted Crown","Oddly Smooth Stone","Bottled Tornado","Anchor","Gremlin Food","Replay:Ancient Bell","Pet Ghost","Replay:Accelerometer","TungstenRod","Pantograph","ReplayFunnel","Ring of Fury","Ring of Peace","Omamori","Emotion Chip","Ginger"],"acts_visited":["Exordium","TheCity","TheBeyond","TheEnding"],"potions_floor_usage":[7,11,16,16,29,33,33,47,50,55],"damage_taken":[{"damage":2,"enemies":"Jaw Worm","floor":1,"turns":3},{"damage":7,"enemies":"Small Slimes","floor":4,"turns":4},{"damage":0,"enemies":"Cultist","floor":5,"turns":2},{"damage":34,"enemies":"Gremlin Nob","floor":7,"turns":5},{"damage":16,"enemies":"3 Sentries","floor":11,"turns":4},{"damage":8,"enemies":"Gremlin Gang","floor":12,"turns":2},{"damage":43,"enemies":"Hexaghost","floor":16,"turns":10},{"damage":1,"enemies":"Chosen","floor":18,"turns":6},{"damage":13,"enemies":"Shell Parasite","floor":19,"turns":5},{"damage":8,"enemies":"Snecko","floor":20,"turns":5},{"damage":26,"enemies":"Centurion and Healer","floor":21,"turns":7},{"damage":30,"enemies":"Replay:Snechameleon","floor":24,"turns":6},{"damage":0,"enemies":"Snake Plant","floor":28,"turns":5},{"damage":4,"enemies":"Gremlin Leader","floor":29,"turns":5},{"damage":0,"enemies":"Cultist and Chosen","floor":31,"turns":4},{"damage":44,"enemies":"Champ","floor":33,"turns":10},{"damage":24,"enemies":"3 Darklings","floor":35,"turns":4},{"damage":0,"enemies":"3 Shapes","floor":38,"turns":4},{"damage":51,"enemies":"Transient","floor":39,"turns":5},{"damage":27,"enemies":"Jaw Worm Horde","floor":41,"turns":3},{"damage":19,"enemies":"R_Hoarder","floor":42,"turns":9},{"damage":0,"enemies":"Nemesis","floor":46,"turns":7},{"damage":24,"enemies":"2 Orb Walkers","floor":47,"turns":5},{"damage":0,"enemies":"Writhing Mass","floor":48,"turns":7},{"damage":29,"enemies":"Replay:Hell Engine","floor":50,"turns":8},{"damage":44,"enemies":"Shield and Spear","floor":54,"turns":4},{"damage":35,"enemies":"The Heart","floor":55,"turns":10}],"seed_played":"4561816373584279529","potions_obtained":[{"floor":5,"key":"Block Potion"},{"floor":7,"key":"PowerPotion"},{"floor":12,"key":"BlessingOfTheForge"},{"floor":14,"key":"Dexterity Potion"},{"floor":16,"key":"SteroidPotion"},{"floor":18,"key":"FearPotion"},{"floor":20,"key":"PotionOfCapacity"},{"floor":29,"key":"Block Potion"},{"floor":38,"key":"SpeedPotion"},{"floor":41,"key":"PowerPotion"},{"floor":46,"key":"BlessingOfTheForge"},{"floor":48,"key":"Fire Potion"}],"is_trial":false,"path_per_floor":["M","?","?","M","M","R","E","R","T","$","E","M","?","?","R","B",null,"M","M","M","M","?","R","E","?","T","R","M","E","$","M","R","B",null,"M","?","$","M","M","R","M","E","T","R","?","E","?","M","R","B",null,"R","$","E","B",null],"character_chosen":"DEFECT","items_purchased":["ReplayTheSpireMod:ShopPack","Gremlin Food","Redo+1","Pantograph","Conserve Battery","Block Potion"],"campfire_rested":8,"item_purchase_floors":[10,30,30,37,53,53],"current_hp_per_floor":[66,66,66,59,59,59,25,47,47,47,33,27,27,27,49,8,58,59,48,42,18,18,40,18,18,18,40,53,60,60,68,75,52,69,49,75,75,75,26,48,28,26,26,48,48,61,42,52,74,55,70,70,70,35,43],"gold":105,"neow_bonus":"UPGRADE_CARD","is_daily":false,"chose_seed":false,"campfire_upgraded":1,"win_rate":0.0,"timestamp":1610937897,"path_taken":["M","?","?","M","M","R","E","R","T","?","E","M","?","?","R","BOSS","M","?","M","?","?","R","E","?","T","R","?","E","?","?","R","BOSS","M","?","$","M","?","R","M","E","T","R","?","E","?","M","R","BOSS","R","$","E","BOSS"],"items_purchased_type":["Relic","Relic","Card","Relic","Card","Potion"],"build_version":"2020-12-22","purchased_purges":2,"victory":true,"max_hp_per_floor":[75,75,75,75,75,75,75,75,75,75,75,75,75,75,75,75,75,75,75,75,75,75,75,75,75,75,75,75,75,75,75,75,75,75,75,75,75,75,75,75,75,75,75,75,75,75,75,75,75,75,75,75,75,75,75],"card_choices":[{"not_picked":["Leap","Doom and Gloom"],"picked":"Defragment","floor":1},{"not_picked":["FIFO Queue","Sweeping Beam"],"picked":"Streamline","floor":4},{"not_picked":["Cold Snap","Blizzard"],"picked":"Barrage","floor":5},{"not_picked":["Recycle","ReplayTheSpireMod:Repulse"],"picked":"Electrodynamics","floor":7},{"not_picked":["Secret Weapon","Mayhem"],"picked":"Panache","floor":10},{"not_picked":["Secret Technique","Discovery"],"picked":"Dark Shackles","floor":10},{"not_picked":["Madness","Trip"],"picked":"Blind","floor":10},{"not_picked":["Compile Driver","Leap"],"picked":"Auto Shields","floor":11},{"not_picked":["Beam Cell","Heatsinks"],"picked":"Core Surge","floor":12},{"not_picked":["Fission","Creative AI"],"picked":"Echo Form","floor":16},{"not_picked":["Steam Power"],"picked":"SKIP","floor":18},{"not_picked":[],"picked":"Cold Snap+1","floor":19},{"not_picked":["Steam Power+1"],"picked":"SKIP","floor":20},{"not_picked":[],"picked":"Sweeping Beam","floor":21},{"not_picked":[],"picked":"Turbo","floor":24},{"not_picked":[],"picked":"FTL+1","floor":28},{"not_picked":[],"picked":"White Noise","floor":29},{"not_picked":["BasicCrystalCard"],"picked":"SKIP","floor":31},{"not_picked":[],"picked":"Replay:Hysterical Blindness","floor":34},{"not_picked":[],"picked":"Parasite","floor":34},{"not_picked":[],"picked":"ReplayTheSpireMod:Doomed","floor":34},{"not_picked":[],"picked":"Ball Lightning+1","floor":35},{"not_picked":["Panic Button"],"picked":"SKIP","floor":38},{"not_picked":[],"picked":"Stack+1","floor":39},{"not_picked":[],"picked":"Stack+1","floor":41},{"not_picked":[],"picked":"Echo Form","floor":42},{"not_picked":[],"picked":"ReplayTheSpireMod:Omega Cannon","floor":46},{"not_picked":[],"picked":"Beam Cell+1","floor":48},{"not_picked":[],"picked":"Crystallizer","floor":54}],"player_experience":697189,"relics_obtained":[{"floor":7,"key":"Blood Vial"},{"floor":9,"key":"Nunchaku"},{"floor":11,"key":"Replay:Rubber Ducky"},{"floor":24,"key":"Oddly Smooth Stone"},{"floor":26,"key":"Bottled Tornado"},{"floor":29,"key":"Anchor"},{"floor":42,"key":"ReplayFunnel"},{"floor":45,"key":"Ring of Fury"},{"floor":45,"key":"Ring of Peace"},{"floor":46,"key":"Omamori"},{"floor":47,"key":"Emotion Chip"},{"floor":54,"key":"Ginger"}],"event_choices":[{"damage_healed":0,"gold_gain":0,"player_choice":"Leave","damage_taken":0,"max_hp_gain":0,"max_hp_loss":0,"event_name":"The Cleric","floor":3,"gold_loss":0},{"damage_healed":0,"gold_gain":0,"player_choice":"Take Wound","damage_taken":0,"relics_obtained":["Golden Idol"],"max_hp_gain":0,"max_hp_loss":0,"event_name":"Golden Idol","floor":13,"gold_loss":0,"cards_obtained":["Injury"]},{"damage_healed":0,"gold_gain":0,"player_choice":"Bought 1 Potion","damage_taken":0,"max_hp_gain":0,"max_hp_loss":0,"event_name":"The Woman in Blue","floor":14,"gold_loss":0},{"damage_healed":0,"gold_gain":0,"player_choice":"Became a vampire (Vial)","damage_taken":0,"max_hp_gain":0,"max_hp_loss":0,"event_name":"Vampires","floor":22,"relics_lost":["Blood Vial"],"gold_loss":0,"cards_obtained":["Bite","Bite","Bite","Bite","Bite"]},{"damage_healed":0,"gold_gain":0,"player_choice":"Upgraded Two","damage_taken":0,"max_hp_gain":0,"max_hp_loss":0,"event_name":"Designer","floor":25,"gold_loss":40,"cards_upgraded":["Bite","Dark Shackles"]},{"damage_healed":26,"gold_gain":0,"player_choice":"Full Heal","damage_taken":0,"max_hp_gain":0,"max_hp_loss":0,"event_name":"Wheel of Change","floor":36,"gold_loss":0},{"damage_healed":0,"gold_gain":0,"player_choice":"Fight","damage_taken":0,"max_hp_gain":0,"max_hp_loss":0,"event_name":"Mysterious Sphere","floor":47,"gold_loss":0}],"is_beta":false,"boss_relics":[{"not_picked":["Pandora\u0027s Box","Velvet Choker"],"picked":"Busted Crown"},{"not_picked":["Fusion Hammer","Replay:Grab Bag"],"picked":"Replay:Ancient Bell"},{"not_picked":["Ancient Tea Set","Happy Flower"],"picked":"Pet Ghost"},{"not_picked":["Onion Ring","Replay:Bottled Flurry"],"picked":"Replay:Accelerometer"},{"not_picked":["Calipers","Replay:PocketPolymizer"],"picked":"TungstenRod"}],"items_purged_floors":[37,53],"is_endless":false,"potions_floor_spawned":[5,7,12,16,18,20,21,29,38,41,46,48,54],"ascension_level":7}}