{"host":"g2yp6paluzgljz05","time":1610933883,"event":{"mods":["BaseMod","Bestiary","Colored Powertips","DeckTracker","Highlight Path","Minty Spire (QoL Compilation)","Quick Restart"],"gold_per_floor":[109,120,120,120,140,169,180,180,180,191,171,203,203,215,215,316,316,329,402,422,437,437,437,457,491,491,491,31,47,47,47],"floor_reached":30,"language":"ENG","playtime":1474,"items_purged":["Body Slam"],"score":314,"play_id":"3ea503db-77ab-4b0f-acdc-25eaeaa563f5","local_time":"20210118123803","is_ascension_mode":true,"campfire_choices":[{"data":"Blood for Blood","floor":8,"key":"SMITH"},{"data":"Bash","floor":13,"key":"SMITH"},{"floor":15,"key":"REST"},{"floor":23,"key":"REST"},{"floor":27,"key":"REST"}],"circlet_count":0,"master_deck":["Bash+1","Blood for Blood+1","Headbutt","Cleave","Perfected Strike","Shrug It Off","Burning Pact","Warcry","Fiend Fire","Iron Wave","Corruption","Perfected Strike","Power Through","Reckless Charge","Pommel Strike","Reaper","Havoc+1","Pommel Strike","Disarm","Armaments","Fiend Fire"],"relics":["Burning Blood","NeowsBlessing","Paper Frog","Dead Branch","Pandora\u0027s Box","Nloth\u0027s Gift","Blue Candle","The Courier","Anchor","Mummified Hand"],"acts_visited":["Exordium","TheCity"],"potions_floor_usage":[12,25,29],"damage_taken":[{"damage":0,"enemies":"Cultist","floor":1,"turns":1},{"damage":0,"enemies":"Small Slimes","floor":2,"turns":1},{"damage":0,"enemies":"2 Louse","floor":5,"turns":1},{"damage":20,"enemies":"Gremlin Nob","floor":6,"turns":4},{"damage":14,"enemies":"Red Slaver","floor":7,"turns":2},{"damage":5,"enemies":"Large Slime","floor":10,"turns":5},{"damage":20,"enemies":"Lagavulin","floor":12,"turns":5},{"damage":21,"enemies":"Lots of Slimes","floor":14,"turns":3},{"damage":42,"enemies":"Hexaghost","floor":16,"turns":6},{"damage":0,"enemies":"Spheric Guardian","floor":18,"turns":3},{"damage":48,"enemies":"2 Thieves","floor":20,"turns":3},{"damage":27,"enemies":"Snake Plant","floor":21,"turns":3},{"damage":12,"enemies":"Cultist and Chosen","floor":24,"turns":5},{"damage":28,"enemies":"Book of Stabbing","floor":25,"turns":5},{"damage":30,"enemies":"Shelled Parasite and Fungi","floor":29,"turns":4},{"damage":27,"enemies":"Slavers","floor":30,"turns":2}],"seed_played":"-9107755059279356050","potions_obtained":[{"floor":2,"key":"AttackPotion"},{"floor":10,"key":"Block Potion"},{"floor":11,"key":"GamblersBrew"},{"floor":12,"key":"SkillPotion"},{"floor":20,"key":"CultistPotion"},{"floor":29,"key":"SpeedPotion"}],"is_trial":false,"path_per_floor":["M","M","?","?","M","E","M","R","T","M","?","E","R","M","R","B",null,"M","T","M","M","?","R","M","E","T","R","$","M","E"],"character_chosen":"IRONCLAD","items_purchased":["Fiend Fire","Anchor","Mummified Hand"],"campfire_rested":3,"item_purchase_floors":[28,28,28],"current_hp_per_floor":[80,80,64,64,70,56,48,48,48,49,49,35,35,20,44,8,80,80,80,52,31,31,55,49,27,27,51,51,27,0,0],"gold":47,"neow_bonus":"THREE_ENEMY_KILL","is_daily":false,"chose_seed":false,"campfire_upgraded":2,"win_rate":0.0,"timestamp":1610933883,"path_taken":["M","?","?","?","M","E","?","R","T","M","?","E","R","M","R","BOSS","M","?","?","M","?","R","M","E","T","R","$","?","E"],"items_purchased_type":["Card","Relic","Relic"],"build_version":"2020-12-22","purchased_purges":1,"victory":false,"max_hp_per_floor":[80,80,80,80,80,80,80,80,80,80,80,80,80,80,80,80,80,80,80,80,80,80,80,80,80,80,80,80,80,80,80],"card_choices":[{"not_picked":["Armaments","Clash"],"picked":"Blood for Blood","floor":1},{"not_picked":["Sword Boomerang","Thunderclap"],"picked":"Headbutt","floor":2},{"not_picked":["Ghostly Armor","Flex"],"picked":"Cleave","floor":5},{"not_picked":["Thunderclap","Reckless Charge"],"picked":"Perfected Strike","floor":6},{"not_picked":["Cleave","Hemokinesis"],"picked":"Shrug It Off","floor":7},{"not_picked":["Body Slam","Sever Soul"],"picked":"Burning Pact","floor":10},{"not_picked":["Combust","Searing Blow","Iron Wave"],"picked":"SKIP","floor":12},{"not_picked":["Carnage","Cleave"],"picked":"Warcry","floor":14},{"not_picked":["Feed","Exhume"],"picked":"Fiend Fire","floor":16},{"not_picked":["True Grit","Spot Weakness"],"picked":"Havoc+1","floor":18},{"not_picked":["Thunderclap","Shrug It Off"],"picked":"Pommel Strike","floor":20},{"not_picked":["Rupture","Body Slam"],"picked":"Disarm","floor":21},{"not_picked":["Thunderclap","True Grit"],"picked":"Armaments","floor":24},{"not_picked":["Rupture","Limit Break","Armaments"],"picked":"SKIP","floor":25},{"not_picked":["Headbutt","Sword Boomerang","Power Through"],"picked":"SKIP","floor":29}],"player_experience":210809,"relics_obtained":[{"floor":6,"key":"Paper Frog"},{"floor":9,"key":"Dead Branch"},{"floor":12,"key":"Champion Belt"},{"floor":25,"key":"Blue Candle"},{"floor":26,"key":"The Courier"}],"event_choices":[{"damage_healed":0,"gold_gain":0,"player_choice":"Entered Light","damage_taken":16,"max_hp_gain":0,"max_hp_loss":0,"event_name":"Shining Light","floor":3,"gold_loss":0,"cards_upgraded":["Strike_R","Defend_R"]},{"cards_removed":["Strike_R"],"damage_healed":0,"gold_gain":0,"player_choice":"Purged","damage_taken":0,"max_hp_gain":0,"max_hp_loss":0,"event_name":"Purifier","floor":4,"gold_loss":0},{"damage_healed":0,"gold_gain":0,"player_choice":"Bought 1 Potion","damage_taken":0,"max_hp_gain":0,"max_hp_loss":0,"event_name":"The Woman in Blue","floor":11,"gold_loss":0},{"damage_healed":0,"gold_gain":0,"player_choice":"Traded Relic","damage_taken":0,"relics_obtained":["Nloth\u0027s Gift"],"max_hp_gain":0,"max_hp_loss":0,"event_name":"N\u0027loth","floor":22,"relics_lost":["Champion Belt"],"gold_loss":0}],"is_beta":false,"boss_relics":[{"not_picked":["Philosopher\u0027s Stone","Cursed Key"],"picked":"Pandora\u0027s Box"}],"items_purged_floors":[28],"is_endless":false,"potions_floor_spawned":[2,10,12,16,18,20,24,29],"killed_by":"Slavers","ascension_level":4}}