{"host":"h5acbxt0wmjo1kpm","time":1610970882,"event":{"mods":["2.2 Compatiblity","Act Like it!","AlwaysNeverKeys","Aspiration","Bard","Bartender","BaseMod","Better Third Choice","Colored Map","Elementarium","Gensokyo","GifTheSpireLib","Hallownest","Marisa????????","Menagerie","Minty Spire (QoL Compilation)","Permanent Neow","Potionbrewer","Quick Restart","Relic Filter","Replay The Spire","Robot Space Explorer","RumiaBox-????????","Shade Mod","Spicy Shops","StSLib","Strawberry Spire","The Blackbeard","The Dragon Tamer","The Gatherer","The Hayseed","The Problem Sleuth","The Servant 0.9.4","Wandering Minibosses","vexMod"],"gold_per_floor":[110,10,30,50,50,381,381,381,406,567,567,600,600,600,600,676,676,692,692,692,706,10,43,43,55,79,112,127,214,214,242,242,319,319,567,581,592,312,472,505,505,539,563,655,553,553,251,280,280,280,280,280,48,79,79],"floor_reached":56,"language":"ENG","playtime":4380,"items_purged":["TheSimpletonMod:Strike_TheSimpleton","TheSimpletonMod:Defend_TheSimpleton"],"score":2302,"play_id":"cb38de2a-b171-4027-9f33-c11049857052","local_time":"20210118035442","is_ascension_mode":true,"campfire_choices":[{"data":"TheSimpletonMod:TakeHeart","floor":7.0,"key":"SMITH"},{"data":"strawberrySpire:Fastroyer","floor":11.0,"key":"SMITH"},{"data":"TheSimpletonMod:Pruning","floor":15.0,"key":"SMITH"},{"data":"TheSimpletonMod:Swelter","floor":24.0,"key":"SMITH"},{"data":"TheSimpletonMod:Fecundity","floor":30.0,"key":"SMITH"},{"data":"TheSimpletonMod:ReapAndSow","floor":32.0,"key":"SMITH"},{"floor":46.0,"key":"RECALL"},{"data":"TheSimpletonMod:VineRipen","floor":49.0,"key":"SMITH"},{"data":"TheSimpletonMod:Rototilling","floor":52.0,"key":"SMITH"}],"circlet_count":0,"master_deck":["AscendersBane","TheSimpletonMod:Strike_TheSimpleton+1","TheSimpletonMod:Haymaker","TheSimpletonMod:ReapAndSow+1","TheSimpletonMod:Sunchoke+1","TheSimpletonMod:SoilSample+1","TheSimpletonMod:Fertilaser+1","TheSimpletonMod:Squash","TheSimpletonMod:Chilis+1","TheSimpletonMod:TakeHeart+1","Endless Agony+1","strawberrySpire:Fastroyer+1","Sneak Up","TheSimpletonMod:Swelter+1","TheSimpletonMod:Pruning+1","TheSimpletonMod:Germinate","TheSimpletonMod:Germinate","TheSimpletonMod:Fecundity+1","AbeCurse","TheSimpletonMod:Thresh","TheSimpletonMod:Squash+1","TheSimpletonMod:SaladShooter+1","TheSimpletonMod:Swelter+1","TheSimpletonMod:Aerate","TheSimpletonMod:Fecundity+1","TheSimpletonMod:Rototilling+1","TheSimpletonMod:Artichokes+1","TheSimpletonMod:Artichokes+1","Gensokyo:ShootingStar+1","TheSimpletonMod:LandGrant+1","TheSimpletonMod:Rototilling+1","TheSimpletonMod:Swelter+1","TheSimpletonMod:Squash+1","strawberrySpire:Disreguard","TheSimpletonMod:Squash+1","TheSimpletonMod:Innovate+1","TheSimpletonMod:VolatileFumes+1","TheSimpletonMod:Fertilaser","TheSimpletonMod:VineRipen+1","strawberrySpire:Neurons+1","TheSimpletonMod:VineRipen+1","TheSimpletonMod:Chilis+1"],"relics":["TheSimpletonMod:NightSoil","TheSimpletonMod:TheHarvester","Silver_Glasses","Whetstone","Replay:Baseball","strawberrySpire:Treaders","Abe\u0027s Treasure","Gensokyo:RedStar","Frozen Egg 2","strawberrySpire:GlyphStone","GodSword5","Bronze Scales","ReplayTheSpireMod:Lightbulb","potionbrewer:AlchemistFlask","vexMod:ImprovementManual","Medical Kit","Hallownest:GodTamersBeastRelic","The Courier","vexMod:FocusSash","Centennial Puzzle","wanderingMiniBosses:LockLocket","Pear","ClockworkSouvenir","potionbrewer:Torch","Lantern"],"acts_visited":["Gensokyo:Gensokyo","Gensokyo:Gensokyoer","Hallownest:KingdomsEdge","TheEnding"],"potions_floor_usage":[55,55],"damage_taken":[{"damage":8.0,"enemies":"Gensokyo:2_Kodama","floor":1.0,"turns":4.0},{"damage":0.0,"enemies":"Gensokyo:3_Fairies","floor":3.0,"turns":6.0},{"damage":8.0,"enemies":"Gensokyo:Gryphon","floor":4.0,"turns":2.0},{"damage":36.0,"enemies":"Gensokyo:Aya","floor":6.0,"turns":6.0},{"damage":4.0,"enemies":"Gensokyo:3_Kodama","floor":10.0,"turns":7.0},{"damage":0.0,"enemies":"Gensokyo:Cirno","floor":12.0,"turns":5.0},{"damage":22.0,"enemies":"Gensokyo:Kokoro","floor":16.0,"turns":8.0},{"damage":0.0,"enemies":"Gensokyo:Chomper","floor":18.0,"turns":4.0},{"damage":0.0,"enemies":"Gensokyo:CosmicMonolith","floor":21.0,"turns":5.0},{"damage":15.0,"enemies":"Gensokyo:Reisen","floor":23.0,"turns":6.0},{"damage":0.0,"enemies":"Gensokyo:Swordslinger","floor":25.0,"turns":4.0},{"damage":0.0,"enemies":"Gensokyo:Tenshi","floor":27.0,"turns":4.0},{"damage":10.0,"enemies":"Gensokyo:Wraith","floor":28.0,"turns":5.0},{"damage":8.0,"enemies":"Gensokyo:Reisen","floor":31.0,"turns":5.0},{"damage":11.0,"enemies":"Gensokyo:Kaguya","floor":33.0,"turns":7.0},{"damage":11.0,"enemies":"Hallownest:2_Littles","floor":35.0,"turns":5.0},{"damage":9.0,"enemies":"Hallownest:3_Siblings","floor":36.0,"turns":5.0},{"damage":11.0,"enemies":"Hallownest:2_Wing_and_1_Kings","floor":37.0,"turns":3.0},{"damage":4.0,"enemies":"Hallownest:2_Wing_and_1_Kings","floor":39.0,"turns":5.0},{"damage":12.0,"enemies":"Hallownest:2_Wing_and_1_Kings","floor":39.0,"turns":6.0},{"damage":0.0,"enemies":"Hallownest:2_Wing_and_1_Kings","floor":39.0,"turns":4.0},{"damage":0.0,"enemies":"Hallownest:2_Wing_and_1_Kings","floor":39.0,"turns":2.0},{"damage":0.0,"enemies":"Hallownest:StalkingDevout","floor":40.0,"turns":7.0},{"damage":0.0,"enemies":"Hallownest:eliteHiveKnight","floor":42.0,"turns":7.0},{"damage":7.0,"enemies":"Hallownest:2_Great","floor":44.0,"turns":5.0},{"damage":0.0,"enemies":"Hallownest:eliteCollector","floor":48.0,"turns":7.0},{"damage":0.0,"enemies":"Hallownest:BossHollowKnight","floor":50.0,"turns":9.0},{"damage":49.0,"enemies":"Shield and Spear","floor":54.0,"turns":9.0},{"damage":6,"enemies":"The Heart","floor":55,"turns":7}],"seed_played":"-5747807692905618958","potions_obtained":[{"floor":4.0,"key":"PowerPotion"},{"floor":6.0,"key":"potionbrewer:SplittingPotion"},{"floor":10.0,"key":"BlessingOfTheForge"},{"floor":16.0,"key":"SteroidPotion"},{"floor":19.0,"key":"LifebloodPotion"},{"floor":23.0,"key":"Dexterity Potion"},{"floor":27.0,"key":"potionbrewer:QuicksilverPotion"},{"floor":36.0,"key":"potionbrewer:DiscountPotion"},{"floor":37.0,"key":"SpeedPotion"},{"floor":40.0,"key":"BlessingOfTheForge"},{"floor":44.0,"key":"Strength Potion"},{"floor":54.0,"key":"potionbrewer:StunPotion"}],"is_trial":false,"path_per_floor":["M","COS","M","M","?","E","R","?","T","M","R","E","?","?","R","B",null,"M","?","?","M","$","E","R","M","T","E","M","?","R","E","R","B",null,"M","M","M","$","?","E","?","E","T","M","$","R","$","E","R","B",null,"R","$","E","B",null],"character_chosen":"THE_SIMPLETON","items_purchased":["Frozen Egg 2","TheSimpletonMod:Squash+1","strawberrySpire:GlyphStone","GodSword5","Medical Kit","strawberrySpire:Disreguard","TheSimpletonMod:Squash+1","TheSimpletonMod:Fertilaser","TheSimpletonMod:VineRipen","strawberrySpire:Neurons+1","ClockworkSouvenir","potionbrewer:Torch"],"campfire_rested":0,"item_purchase_floors":[22,22,22,22,38,38,38,45,47,47,53,53],"current_hp_per_floor":[56,56,60,56,63,31,31,31,31,41,41,46,46,46,46,33,67,72,72,72,78,78,68,68,74,74,78,68,43,43,46,46,78,78,72,69,63,63,78,78,78,78,78,77,77,77,77,88,88,88,88,88,88,56,61],"gold":79,"neow_bonus":"BOSS_RELIC","is_daily":false,"chose_seed":false,"campfire_upgraded":8,"win_rate":0.0,"timestamp":1610970882,"path_taken":["M","COS","M","M","?","E","R","?","T","?","R","E","?","?","R","BOSS","M","?","?","M","$","E","R","M","T","E","?","?","R","E","R","BOSS","M","?","M","$","?","E","?","E","T","M","?","R","$","E","R","BOSS","R","$","E","BOSS"],"items_purchased_type":["Relic","Card","Relic","Relic","Relic","Card","Card","Card","Card","Card","Relic","Relic"],"build_version":"2020-12-22","purchased_purges":2,"victory":true,"max_hp_per_floor":[71,71,71,71,78,78,78,78,78,78,78,78,78,78,78,78,78,78,78,78,78,78,78,78,78,78,78,78,78,78,78,78,78,78,78,78,78,78,78,78,78,78,78,78,78,78,78,88,88,88,88,88,88,88,88],"card_choices":[{"not_picked":["TheSimpletonMod:Pruning","TheSimpletonMod:Fertilaser"],"picked":"TheSimpletonMod:Sunchoke","floor":1.0},{"not_picked":["TheSimpletonMod:BumperCrop","TheSimpletonMod:SpiceUp"],"picked":"TheSimpletonMod:SoilSample","floor":3.0},{"not_picked":["TheSimpletonMod:SpiceUp+1","TheSimpletonMod:OnionBloom+1"],"picked":"TheSimpletonMod:Fertilaser+1","floor":3.0},{"not_picked":["TheSimpletonMod:DigIn","TheSimpletonMod:SaladShooter"],"picked":"TheSimpletonMod:Squash","floor":4.0},{"not_picked":["TheSimpletonMod:ErosionControl","TheSimpletonMod:FlashPasteurize"],"picked":"TheSimpletonMod:Chilis","floor":6.0},{"not_picked":["TheSimpletonMod:VineRipen","TheSimpletonMod:Fertilaser"],"picked":"TheSimpletonMod:TakeHeart","floor":6.0},{"not_picked":["TheSimpletonMod:ToughenUp","TheSimpletonMod:SoilSample"],"picked":"TheSimpletonMod:Swelter","floor":10.0},{"not_picked":["TheSimpletonMod:Mulch","TheSimpletonMod:SpiceUp"],"picked":"TheSimpletonMod:Pruning","floor":12.0},{"not_picked":["TheSimpletonMod:ToughenUp","TheSimpletonMod:GoToMarket"],"picked":"TheSimpletonMod:Germinate","floor":14.0},{"not_picked":["TheSimpletonMod:BumperCrop","TheSimpletonMod:KeenEdge"],"picked":"TheSimpletonMod:Germinate","floor":14.0},{"not_picked":["TheSimpletonMod:Barnstorm","TheSimpletonMod:FlashPasteurize"],"picked":"TheSimpletonMod:Fecundity","floor":16.0},{"not_picked":["TheSimpletonMod:ToughenUp","TheSimpletonMod:Artichokes"],"picked":"TheSimpletonMod:Thresh","floor":18.0},{"not_picked":["TheSimpletonMod:SpiceUp","TheSimpletonMod:Sunseed","TheSimpletonMod:DoubleBarrel"],"picked":"SKIP","floor":21.0},{"not_picked":["TheSimpletonMod:GoToMarket","TheSimpletonMod:DoubleBarrel+1","TheSimpletonMod:Sunchoke"],"picked":"SKIP","floor":23.0},{"not_picked":["TheSimpletonMod:Artichokes+1","TheSimpletonMod:Squash+1"],"picked":"TheSimpletonMod:Aerate","floor":25.0},{"not_picked":["TheSimpletonMod:Innovate","TheSimpletonMod:PestManagement"],"picked":"TheSimpletonMod:Fecundity+1","floor":27.0},{"not_picked":["TheSimpletonMod:PestManagement","TheSimpletonMod:Germinate"],"picked":"TheSimpletonMod:Rototilling","floor":28.0},{"not_picked":["TheSimpletonMod:Fertilaser","TheSimpletonMod:Germinate+1"],"picked":"TheSimpletonMod:Artichokes+1","floor":29.0},{"not_picked":["TheSimpletonMod:SoilSample","TheSimpletonMod:CullingStrike"],"picked":"TheSimpletonMod:Artichokes+1","floor":29.0},{"not_picked":["TheSimpletonMod:SpiceUp","TheSimpletonMod:OnionBloom+1","TheSimpletonMod:GoToMarket"],"picked":"SKIP","floor":31.0},{"not_picked":[],"picked":"Gensokyo:ShootingStar","floor":33.0},{"not_picked":["TheSimpletonMod:FlashPasteurize","TheSimpletonMod:Barnstorm"],"picked":"TheSimpletonMod:LandGrant+1","floor":33.0},{"not_picked":["TheSimpletonMod:SpiceUp","TheSimpletonMod:Thresh+1"],"picked":"TheSimpletonMod:Rototilling","floor":35.0},{"not_picked":["TheSimpletonMod:CullingStrike","TheSimpletonMod:Aerate+1"],"picked":"TheSimpletonMod:Swelter+1","floor":36.0},{"not_picked":["TheSimpletonMod:OnionBloom","TheSimpletonMod:PestManagement"],"picked":"TheSimpletonMod:Squash+1","floor":37.0},{"not_picked":["TheSimpletonMod:Swelter","TheSimpletonMod:Germinate"],"picked":"TheSimpletonMod:Innovate+1","floor":40.0},{"not_picked":["TheSimpletonMod:CropRotation","TheSimpletonMod:OnionBloom"],"picked":"TheSimpletonMod:VolatileFumes+1","floor":42.0},{"not_picked":["TheSimpletonMod:SaladShooter+1","TheSimpletonMod:ControlledBurn","TheSimpletonMod:CropRotation"],"picked":"SKIP","floor":44.0},{"not_picked":["TheSimpletonMod:Rototilling","TheSimpletonMod:RootDown"],"picked":"TheSimpletonMod:VineRipen+1","floor":48.0},{"not_picked":["TheSimpletonMod:CloseScrape","TheSimpletonMod:Squash+1"],"picked":"TheSimpletonMod:Chilis+1","floor":54.0}],"player_experience":2219764,"relics_obtained":[{"floor":6.0,"key":"Whetstone"},{"floor":9.0,"key":"Replay:Baseball"},{"floor":12.0,"key":"strawberrySpire:Treaders"},{"floor":23.0,"key":"Bronze Scales"},{"floor":27.0,"key":"ReplayTheSpireMod:Lightbulb"},{"floor":31.0,"key":"potionbrewer:AlchemistFlask"},{"floor":40.0,"key":"The Courier"},{"floor":42.0,"key":"vexMod:FocusSash"},{"floor":43.0,"key":"Centennial Puzzle"},{"floor":44.0,"key":"wanderingMiniBosses:LockLocket"},{"floor":48.0,"key":"Pear"},{"floor":54.0,"key":"Lantern"}],"event_choices":[],"is_beta":false,"boss_relics":[{"not_picked":["Fusion Hammer","Replay:Drink Me"],"picked":"Abe\u0027s Treasure"},{"not_picked":["vexMod:EndlessSickness","aspiration:ServantSkillbook"],"picked":"vexMod:ImprovementManual"}],"items_purged_floors":[45,47],"is_endless":false,"potions_floor_spawned":[4,6,10,16,23,27,36,37,40,44,54],"ascension_level":15}}