{"host":"bxd97rc2ofc6op20","time":1610955663,"event":{"mods":["BaseMod","Googly Eyes","Minty Spire (QoL Compilation)"],"gold_per_floor":[116,133,152,166,184,215,215,233,256,269,280,50,50,75,75,177,177,195,213,213,213,229,229,263,263,337,362,362,362],"floor_reached":28,"language":"ENG","playtime":2362,"items_purged":["Defend_P"],"score":297,"play_id":"45e502a2-5606-4ac3-8643-1d26e4dbd2ff","local_time":"20210117234103","is_ascension_mode":false,"campfire_choices":[{"data":"Fasting2","floor":7.0,"key":"SMITH"},{"data":"Eruption","floor":13.0,"key":"SMITH"},{"data":"TalkToTheHand","floor":15.0,"key":"SMITH"},{"data":"Devotion","floor":23,"key":"SMITH"},{"data":"ThirdEye","floor":25,"key":"SMITH"}],"circlet_count":0,"master_deck":["Strike_P","Strike_P","Defend_P","Defend_P","Eruption+1","Vigilance","Fasting2+1","Tantrum","Consecrate","TalkToTheHand+1","ThirdEye+1","Prostrate","FlurryOfBlows","SashWhip","Devotion+1","EmptyBody","MentalFortress","Decay","Devotion","Prostrate","SashWhip","MentalFortress"],"relics":["PureWater","Pear","Anchor","TheAbacus","Pantograph","Coffee Dripper","Happy Flower","Mummified Hand","Lantern"],"acts_visited":["Exordium","TheCity"],"potions_floor_usage":[24,24],"damage_taken":[{"damage":0.0,"enemies":"2 Louse","floor":1.0,"turns":2.0},{"damage":3.0,"enemies":"Jaw Worm","floor":2.0,"turns":3.0},{"damage":0.0,"enemies":"Cultist","floor":3.0,"turns":3.0},{"damage":12.0,"enemies":"Exordium Thugs","floor":4.0,"turns":3.0},{"damage":1.0,"enemies":"2 Fungi Beasts","floor":5.0,"turns":3.0},{"damage":20.0,"enemies":"Lagavulin","floor":6.0,"turns":5.0},{"damage":2.0,"enemies":"3 Louse","floor":8.0,"turns":2.0},{"damage":1.0,"enemies":"Lots of Slimes","floor":10.0,"turns":4.0},{"damage":0.0,"enemies":"Looter","floor":11.0,"turns":2.0},{"damage":0.0,"enemies":"3 Sentries","floor":14.0,"turns":3.0},{"damage":33.0,"enemies":"The Guardian","floor":16.0,"turns":7.0},{"damage":5,"enemies":"Shell Parasite","floor":18,"turns":3},{"damage":2,"enemies":"2 Thieves","floor":19,"turns":4},{"damage":4,"enemies":"Chosen and Byrds","floor":22,"turns":5},{"damage":30,"enemies":"Slavers","floor":24,"turns":4},{"damage":31,"enemies":"Gremlin Leader","floor":27,"turns":5},{"damage":13,"enemies":"Snake Plant","floor":28,"turns":3}],"seed_played":"6750358138245173177","potions_obtained":[{"floor":1.0,"key":"ColorlessPotion"},{"floor":2.0,"key":"Strength Potion"},{"floor":3.0,"key":"BottledMiracle"},{"floor":6.0,"key":"SteroidPotion"},{"floor":14.0,"key":"SpeedPotion"},{"floor":19,"key":"Strength Potion"},{"floor":22,"key":"ColorlessPotion"}],"is_trial":false,"path_per_floor":["M","M","M","M","M","E","R","M","T","M","M","$","R","E","R","B",null,"M","M","?","?","M","R","E","R","T","E","M"],"character_chosen":"WATCHER","items_purchased":["TheAbacus"],"campfire_rested":0,"item_purchase_floors":[12],"current_hp_per_floor":[72,69,69,57,56,46,46,44,44,43,43,43,43,43,43,35,82,77,75,75,75,71,71,41,41,41,10,0,0],"gold":362,"neow_bonus":"TRANSFORM_CARD","is_daily":false,"chose_seed":false,"campfire_upgraded":5,"win_rate":0.0,"timestamp":1610955663,"path_taken":["M","M","M","M","M","E","R","M","T","M","M","$","R","E","R","BOSS","M","M","?","?","M","R","E","R","T","E","M"],"items_purchased_type":["Relic"],"build_version":"2020-12-22","purchased_purges":1,"victory":false,"max_hp_per_floor":[72,72,72,72,72,82,82,82,82,82,82,82,82,82,82,82,82,82,82,82,82,82,82,82,82,82,82,82,82],"card_choices":[{"not_picked":["FearNoEvil","Wireheading"],"picked":"Tantrum","floor":1.0},{"not_picked":["CrushJoints","SignatureMove","InnerPeace"],"picked":"SKIP","floor":2.0},{"not_picked":["JustLucky","FollowUp"],"picked":"Consecrate","floor":3.0},{"not_picked":["Consecrate","JustLucky","Worship"],"picked":"SKIP","floor":4.0},{"not_picked":["EmptyBody","LikeWater"],"picked":"TalkToTheHand","floor":5.0},{"not_picked":["ConjureBlade","CrushJoints"],"picked":"ThirdEye","floor":6.0},{"not_picked":["FlyingSleeves","Crescendo"],"picked":"Prostrate","floor":8.0},{"not_picked":["Evaluate","SignatureMove","Crescendo"],"picked":"SKIP","floor":10.0},{"not_picked":["Meditate","Vault"],"picked":"FlurryOfBlows","floor":11.0},{"not_picked":["Crescendo","Tantrum"],"picked":"SashWhip","floor":14.0},{"not_picked":["Establishment","Scrawl"],"picked":"Devotion","floor":16.0},{"not_picked":["CrushJoints","FollowUp+1"],"picked":"EmptyBody","floor":18},{"not_picked":["PathToVictory","WindmillStrike"],"picked":"MentalFortress","floor":19},{"not_picked":["EmptyMind+1","WaveOfTheHand","PathToVictory"],"picked":"SKIP","floor":22},{"not_picked":["Consecrate","ReachHeaven"],"picked":"SashWhip","floor":24},{"not_picked":["LessonLearned","EmptyFist"],"picked":"MentalFortress","floor":27}],"player_experience":308028,"relics_obtained":[{"floor":6.0,"key":"Pear"},{"floor":9.0,"key":"Anchor"},{"floor":14.0,"key":"Pantograph"},{"floor":24,"key":"Happy Flower"},{"floor":26,"key":"Mummified Hand"},{"floor":27,"key":"Lantern"}],"event_choices":[{"damage_healed":0,"gold_gain":0,"player_choice":"Smashed Altar","damage_taken":0,"max_hp_gain":0,"max_hp_loss":0,"event_name":"Forgotten Altar","floor":20,"gold_loss":0,"cards_obtained":["Decay"]},{"damage_healed":0,"gold_gain":0,"cards_transformed":["Strike_P","Strike_P"],"player_choice":"Became Test Subject","damage_taken":0,"max_hp_gain":0,"max_hp_loss":0,"event_name":"Drug Dealer","floor":21,"gold_loss":0,"cards_obtained":["Devotion","Prostrate"]}],"is_beta":false,"boss_relics":[{"not_picked":["Pandora\u0027s Box","Calling Bell"],"picked":"Coffee Dripper"}],"items_purged_floors":[12],"is_endless":false,"potions_floor_spawned":[1,2,3,6,14,19,22],"killed_by":"Snake Plant","ascension_level":0}}