{"host":"er8s5flrc5z1a07t","time":1610978735,"event":{"mods":["2.2 Compatiblity","Act Like it!","Aspiration","Bard","BaseMod","Better Note","Better Third Choice","Downfall","Duelist Mod","Elementarium","Energized Spire","GifTheSpireLib","Googly Eyes","Hermit","Hubris","Infinite Spire","Minty Spire (QoL Compilation)","Relic Stats","Shop Mod","StSLib","Stuff the Spire","Synergy Search","The Cursed"],"gold_per_floor":[99,99,99,99,4,4,4,4,4,4,37,53,53,38,50,124,124,124,135,151,151,151,167,239,239,267,282,232,232,232,258,272,344,394,294,308,475,489,489,520,520,520,520],"floor_reached":42,"language":"ENG","playtime":1899,"items_purged":["TheCursedMod:Strike_TheCursed"],"score":916,"play_id":"434325d8-1139-44c5-b4d4-9f0a484e11ea","local_time":"20210118090535","is_ascension_mode":true,"campfire_choices":[{"data":"TheCursedMod:CursedWand","floor":1,"key":"SMITH"},{"data":"TheCursedMod:SaltUponWound","floor":6,"key":"SMITH"},{"data":"TheCursedMod:CleanUpWorkshop","floor":8,"key":"SMITH"},{"floor":13,"key":"REST"},{"floor":18,"key":"REST"},{"data":"TheCursedMod:CursedRelics","floor":25,"key":"SMITH"},{"data":"TheCursedMod:Stigma","floor":30,"key":"SMITH"},{"floor":35,"key":"RECALL"}],"circlet_count":0,"master_deck":["AscendersBane","TheCursedMod:Strike_TheCursed","TheCursedMod:Strike_TheCursed","TheCursedMod:Strike_TheCursed","TheCursedMod:Defend_TheCursed","TheCursedMod:Defend_TheCursed","TheCursedMod:Defend_TheCursed","TheCursedMod:Defend_TheCursed","TheCursedMod:CursedWand+1","TheCursedMod:CleanUpWorkshop+1","TheCursedMod:Dregs","TheCursedMod:VitalStrike","TheCursedMod:SaltUponWound+1","TheCursedMod:CursedShiv","TheCursedMod:CircleOfCorruption","TheCursedMod:Neurasthenia","TheCursedMod:TroublousMinions","TheCursedMod:FleshFromBone+1","TheCursedMod:CursedBoomerang","TheCursedMod:Stigma+1","TheCursedMod:CursedRelics+1","TheCursedMod:SmokeScreen","Insight","TheCursedMod:WearCloak","TheCursedMod:CursedBlade+1","TheCursedMod:DemonSword","TheCursedMod:Torture","TheCursedMod:SpitefulPlan+1","TheCursedMod:Mangle","TheCursedMod:Grudge+1","hubris:Disease","theDuelist:DuelistAscender","infinitespire:Collect","TheCursedMod:DarkBarrier"],"relics":["TheCursedMod:BlackMagic101","downfall:HeartsMalice","hubris:Metronome","StuffTheSpire:HeavyRock","StrikeDummy","Sozu","Gambling Chip","Slimebound:PreparedRelic","Torii","Turnip","Tiny House","downfall:HeartBlessingGreen","Vajra"],"acts_visited":["Exordium","TheCity","TheBeyond"],"potions_floor_usage":[16,23,31],"damage_taken":[{"damage":0,"enemies":"Cultist","floor":2,"turns":1},{"damage":0,"enemies":"2 Louse","floor":3,"turns":1},{"damage":0,"enemies":"Jaw Worm","floor":4,"turns":1},{"damage":0,"enemies":"downfall:FleeingMerchant","floor":5,"turns":4},{"damage":24,"enemies":"3 Sentries","floor":11,"turns":9},{"damage":7,"enemies":"Exordium Wildlife","floor":12,"turns":3},{"damage":7,"enemies":"downfall:FleeingMerchant","floor":14,"turns":4},{"damage":0,"enemies":"Exordium Thugs","floor":15,"turns":3},{"damage":39,"enemies":"DF_ARCHETYPE_STREAMLINE","floor":16,"turns":12},{"damage":6,"enemies":"Shell Parasite","floor":19,"turns":4},{"damage":9,"enemies":"Spheric Guardian","floor":20,"turns":4},{"damage":7,"enemies":"Cultist and Chosen","floor":23,"turns":5},{"damage":1,"enemies":"Nightmare","floor":26,"turns":5},{"damage":0,"enemies":"Snake Plant","floor":27,"turns":2},{"damage":1,"enemies":"Gremlin Leader","floor":31,"turns":3},{"damage":0,"enemies":"Centurion and Healer","floor":32,"turns":6},{"damage":49,"enemies":"IC_MUSHROOM_ARCHETYPE","floor":33,"turns":7},{"damage":9,"enemies":"3 Shapes","floor":36,"turns":3},{"damage":2,"enemies":"downfall:FleeingMerchant","floor":37,"turns":4},{"damage":1,"enemies":"Orb Walker","floor":38,"turns":3},{"damage":44,"enemies":"Reptomancer","floor":40,"turns":5},{"damage":13,"enemies":"Sphere and 2 Shapes","floor":42,"turns":3}],"seed_played":"4482834961547470018","potions_obtained":[{"floor":11,"key":"LiquidBronze"},{"floor":12,"key":"AttackPotion"},{"floor":16,"key":"GamblersBrew"}],"is_trial":false,"path_per_floor":["R","M","M","M","$","R","T","R","?","?","E","M","R","$","M","B",null,"R","M","M","AVR","?","M","T","R","NM","M","?","?","R","E","M","B",null,"R","M","$","M","?","E","T","M"],"character_chosen":"THE_CURSED","items_purchased":["TheCursedMod:Neurasthenia","TheCursedMod:Mangle"],"campfire_rested":2,"item_purchase_floors":[5,37],"current_hp_per_floor":[64,64,64,64,64,64,64,64,64,64,40,33,54,47,47,8,55,71,65,56,56,56,49,49,49,48,48,71,71,71,70,70,21,64,64,55,53,52,52,8,8,0,0],"gold":520,"neow_bonus":"THREE_ENEMY_KILL","is_daily":false,"chose_seed":false,"campfire_upgraded":5,"win_rate":0.0,"timestamp":1610978735,"path_taken":["R","M","M","M","?","R","T","R","?","?","E","?","R","?","M","BOSS","R","M","M","AVR","?","M","T","R","NM","M","?","?","R","E","M","BOSS","R","M","$","M","?","E","T","M"],"items_purchased_type":["Card","Card"],"build_version":"2020-12-22","purchased_purges":1,"victory":false,"max_hp_per_floor":[71,71,71,71,71,71,71,71,71,71,71,71,71,71,71,71,71,71,71,71,71,71,71,71,71,71,71,71,71,71,71,71,71,76,76,76,76,76,76,76,76,76,76],"relic_stats":{"Sozu":6,"Torii":11,"counters":[22,89],"Gambling Chip":[37],"Turnip":[9],"obtain_stats":[{"TheCursedMod:BlackMagic101":0,"hubris:Metronome":7,"Tiny House":34,"Torii":26,"Vajra":40,"downfall:HeartsMalice":0,"downfall:HeartBlessingGreen":35,"Sozu":17,"StuffTheSpire:HeavyRock":9,"Gambling Chip":21,"Slimebound:PreparedRelic":24,"Turnip":31,"StrikeDummy":11},{"TheCursedMod:BlackMagic101":0,"hubris:Metronome":4,"Tiny House":17,"Torii":13,"Vajra":21,"downfall:HeartsMalice":0,"downfall:HeartBlessingGreen":17,"Sozu":9,"StuffTheSpire:HeavyRock":4,"Gambling Chip":11,"Slimebound:PreparedRelic":12,"Turnip":15,"StrikeDummy":5},{"TheCursedMod:BlackMagic101":0,"hubris:Metronome":4,"Tiny House":71,"Torii":53,"Vajra":86,"downfall:HeartsMalice":0,"downfall:HeartBlessingGreen":71,"Sozu":35,"StuffTheSpire:HeavyRock":4,"Gambling Chip":43,"Slimebound:PreparedRelic":48,"Turnip":58,"StrikeDummy":13}]},"card_choices":[{"not_picked":["TheCursedMod:CursedMace","TheCursedMod:CircleOfFlame"],"picked":"TheCursedMod:VitalStrike","floor":2},{"not_picked":["TheCursedMod:WearCloak","TheCursedMod:CircleOfBlood"],"picked":"TheCursedMod:SaltUponWound","floor":3},{"not_picked":["TheCursedMod:HellfireBreathing","TheCursedMod:Stretching"],"picked":"TheCursedMod:CursedShiv","floor":4},{"not_picked":["TheCursedMod:TacticalStrike","TheCursedMod:CursedShiv"],"picked":"TheCursedMod:CircleOfCorruption","floor":5},{"not_picked":["TheCursedMod:CursedAmulet","TheCursedMod:CircleOfBlood"],"picked":"TheCursedMod:TroublousMinions","floor":11},{"not_picked":["TheCursedMod:AshesToAshes","TheCursedMod:CircleOfFlame"],"picked":"TheCursedMod:FleshFromBone","floor":12},{"not_picked":["TheCursedMod:DoubleShield","TheCursedMod:CircleOfFlame"],"picked":"TheCursedMod:CursedBoomerang","floor":14},{"not_picked":["TheCursedMod:ReleasedKnowledge","TheCursedMod:RavingStaff"],"picked":"TheCursedMod:Stigma","floor":15},{"not_picked":["TheCursedMod:ParallelWorld","TheCursedMod:VoidForm"],"picked":"TheCursedMod:CursedRelics","floor":16},{"not_picked":["TheCursedMod:BloodBarrier","TheCursedMod:Stretching","TheCursedMod:RavingStaff+1"],"picked":"SKIP","floor":19},{"not_picked":["TheCursedMod:Wield","TheCursedMod:CursedMace"],"picked":"TheCursedMod:SmokeScreen","floor":20},{"not_picked":["TheCursedMod:RavingStaff","TheCursedMod:ManaBullet"],"picked":"TheCursedMod:WearCloak","floor":23},{"not_picked":["TheCursedMod:WearCloak","TheCursedMod:TacticalStrike","TheCursedMod:DarkBarrier"],"picked":"SKIP","floor":26},{"not_picked":["TheCursedMod:CursedSpellbook","TheCursedMod:SaltUponWound","TheCursedMod:CircleOfBlood"],"picked":"SKIP","floor":27},{"not_picked":["TheCursedMod:TacticalStrike","TheCursedMod:RavingStaff"],"picked":"TheCursedMod:CursedBlade+1","floor":31},{"not_picked":["TheCursedMod:CircleOfFlame","TheCursedMod:CircleOfCorruption","TheCursedMod:CursedMace"],"picked":"SKIP","floor":32},{"not_picked":["TheCursedMod:ShockAndAwe","TheCursedMod:ParallelWorld"],"picked":"TheCursedMod:DemonSword","floor":33},{"not_picked":["TheCursedMod:CircleOfCorruption","TheCursedMod:TacticalStrike+1"],"picked":"TheCursedMod:Torture","floor":34},{"not_picked":["TheCursedMod:FleshFromBone+1","TheCursedMod:RapidMovement"],"picked":"TheCursedMod:SpitefulPlan+1","floor":36},{"not_picked":["TheCursedMod:SpitefulStrike","TheCursedMod:CursedArmor","TheCursedMod:RavingStaff"],"picked":"SKIP","floor":37},{"not_picked":["TheCursedMod:CursedBlade","TheCursedMod:TroublousMinions"],"picked":"TheCursedMod:Grudge+1","floor":38},{"not_picked":["infinitespire:SevenWalls","infinitespire:Execution"],"picked":"infinitespire:Collect","floor":39},{"not_picked":["TheCursedMod:Grudge","TheCursedMod:RapidMovement+1"],"picked":"TheCursedMod:DarkBarrier","floor":40}],"player_experience":1155469,"relics_obtained":[{"floor":7,"key":"hubris:Metronome"},{"floor":9,"key":"StuffTheSpire:HeavyRock"},{"floor":11,"key":"StrikeDummy"},{"floor":24,"key":"Slimebound:PreparedRelic"},{"floor":26,"key":"Torii"},{"floor":31,"key":"Turnip"},{"floor":40,"key":"Vajra"}],"event_choices":[{"damage_healed":0,"gold_gain":0,"player_choice":"Insight","damage_taken":0,"max_hp_gain":0,"max_hp_loss":0,"event_name":"betterThird:BetterWriting","floor":22,"gold_loss":0,"cards_obtained":["Insight"]}],"is_beta":false,"boss_relics":[{"not_picked":["energizedSpire:HugeHouse","energizedSpire:RedRose"],"picked":"Sozu"},{"not_picked":["energizedSpire:SpiderWeb","StuffTheSpire:Kangaroo"],"picked":"Tiny House"}],"items_purged_floors":[37],"is_endless":false,"potions_floor_spawned":[11,12,15,16,19,23,27,31,33,36],"killed_by":"Sphere and 2 Shapes","ascension_level":20}}