{"host":"4rvakrj1idbgia3f","time":1610995401,"event":{"mods":["BaseMod","Colored Map","Colored Powertips","DeckTracker","Highlight Path","Minty Spire (QoL Compilation)","Random Character Button","StSLib","The Marked"],"gold_per_floor":[111,122,122,47,60,60,73,105,160,190,190,209,228,228,228,329,329,340,360,360,0,15,15,26,26,51,85,99,99,114,146,146,251,251,271,286,303,318,318,318,353,353,353,370,27,27,27,59,59,59,59,59,59,93,93,93],"floor_reached":55,"language":"JPN","playtime":3021,"items_purged":["theMarked:Strike","theMarked:Strike","theMarked:Snap+1"],"score":829,"play_id":"614fd41c-e2a6-4c34-9b04-0a9f927c7305","local_time":"20210119034321","is_ascension_mode":false,"campfire_choices":[{"data":"theMarked:SwordAndMagic","floor":6.0,"key":"SMITH"},{"data":"theMarked:Improvise","floor":11.0,"key":"SMITH"},{"data":"theMarked:Snap","floor":15.0,"key":"SMITH"},{"data":"theMarked:EternalStudent","floor":23.0,"key":"SMITH"},{"data":"theMarked:EternalStudent","floor":25.0,"key":"SMITH"},{"data":"theMarked:Levitate","floor":32.0,"key":"SMITH"},{"data":"theMarked:BindingBlade","floor":40,"key":"SMITH"},{"data":"theMarked:Overcharge","floor":42,"key":"SMITH"},{"floor":49,"key":"RECALL"},{"data":"theMarked:RepellingDischarge","floor":52,"key":"SMITH"}],"circlet_count":0,"master_deck":["theMarked:Strike","theMarked:Strike","theMarked:Defend","theMarked:Defend","theMarked:Defend","theMarked:SoldierOfQuellstein+1","theMarked:SwordAndMagic+1","theMarked:Opportunist","theMarked:SwordAndMagic","theMarked:Improvise+1","theMarked:Aftermath","theMarked:RepellingDischarge+1","theMarked:EnhanceMovement+1","theMarked:EternalStudent+1","theMarked:EmpowerWeapon","theMarked:RepellingDischarge+1","theMarked:EternalStudent+1","theMarked:ResourceFulStrike+1","theMarked:Levitate+1","theMarked:BindingBlade+1","theMarked:Indomitable+1","theMarked:Overcharge+1","theMarked:ParalyzingBlade+1"],"relics":["theMarked:ArtifactOfAir","Mercury Hourglass","Centennial Puzzle","Dream Catcher","theMarked:SpiritSword","Eternal Feather","Toy Ornithopter","Letter Opener","PreservedInsect","theMarked:KettuFlask","theMarked:Eyepatch","Ice Cream","Membership Card","Meat on the Bone","Bottled Lightning","Bronze Scales"],"acts_visited":["Exordium","TheCity","TheBeyond","TheEnding"],"potions_floor_usage":[44,55,55,55],"damage_taken":[{"damage":3.0,"enemies":"Jaw Worm","floor":1.0,"turns":4.0},{"damage":1.0,"enemies":"Cultist","floor":2.0,"turns":3.0},{"damage":0.0,"enemies":"Small Slimes","floor":5.0,"turns":2.0},{"damage":4.0,"enemies":"2 Fungi Beasts","floor":7.0,"turns":2.0},{"damage":2.0,"enemies":"3 Sentries","floor":8.0,"turns":5.0},{"damage":0.0,"enemies":"Gremlin Nob","floor":10.0,"turns":2.0},{"damage":0.0,"enemies":"Gremlin Gang","floor":12.0,"turns":3.0},{"damage":2.0,"enemies":"Exordium Thugs","floor":13.0,"turns":3.0},{"damage":15.0,"enemies":"Hexaghost","floor":16.0,"turns":7.0},{"damage":5.0,"enemies":"Spheric Guardian","floor":18.0,"turns":3.0},{"damage":9.0,"enemies":"2 Thieves","floor":19.0,"turns":3.0},{"damage":12.0,"enemies":"Snake Plant","floor":22.0,"turns":3.0},{"damage":0.0,"enemies":"Centurion and Healer","floor":24.0,"turns":2.0},{"damage":8.0,"enemies":"Gremlin Leader","floor":27.0,"turns":3.0},{"damage":0.0,"enemies":"Cultist and Chosen","floor":28.0,"turns":6.0},{"damage":6.0,"enemies":"3 Cultists","floor":30.0,"turns":3.0},{"damage":5.0,"enemies":"Book of Stabbing","floor":31.0,"turns":3.0},{"damage":7.0,"enemies":"Collector","floor":33.0,"turns":4.0},{"damage":5.0,"enemies":"Orb Walker","floor":35.0,"turns":2.0},{"damage":0.0,"enemies":"3 Shapes","floor":36.0,"turns":2.0},{"damage":20,"enemies":"Jaw Worm Horde","floor":37,"turns":2},{"damage":0,"enemies":"3 Darklings","floor":38,"turns":3},{"damage":6,"enemies":"Giant Head","floor":41,"turns":3},{"damage":7,"enemies":"Spire Growth","floor":44,"turns":2},{"damage":0,"enemies":"Reptomancer","floor":48,"turns":2},{"damage":56,"enemies":"Time Eater","floor":50,"turns":5},{"damage":0,"enemies":"Shield and Spear","floor":54,"turns":2},{"damage":84,"enemies":"The Heart","floor":55,"turns":3}],"seed_played":"-1256333773185256433","potions_obtained":[{"floor":5.0,"key":"Dexterity Potion"},{"floor":7.0,"key":"BlessingOfTheForge"},{"floor":12.0,"key":"FearPotion"},{"floor":16.0,"key":"Weak Potion"},{"floor":19.0,"key":"SteroidPotion"},{"floor":31.0,"key":"Dexterity Potion"},{"floor":41,"key":"Strength Potion"},{"floor":48,"key":"Fire Potion"},{"floor":54,"key":"PowerPotion"}],"is_trial":false,"path_per_floor":["M","M","?","$","M","R","M","E","T","E","R","M","M","?","R","B",null,"M","M","?","$","M","R","M","R","T","E","M","T","M","E","R","B",null,"M","M","M","M","?","R","E","R","T","M","$","?","?","E","R","B",null,"R","$","E","B"],"character_chosen":"THE_DEFAULT","items_purchased":["Eternal Feather","Membership Card","Meat on the Bone"],"campfire_rested":0,"item_purchase_floors":[21,45,45],"current_hp_per_floor":[60,59,59,59,59,59,55,53,53,53,53,53,51,51,51,36,63,58,49,49,49,37,46,46,55,55,47,47,47,41,36,48,41,63,58,58,38,38,38,50,44,56,56,54,54,54,54,54,63,19,63,63,63,63,0,0],"gold":93,"neow_bonus":"REMOVE_TWO","is_daily":false,"chose_seed":false,"campfire_upgraded":9,"win_rate":0.0,"timestamp":1610995401,"path_taken":["M","M","?","?","M","R","M","E","T","E","R","M","M","?","R","BOSS","M","M","?","$","M","R","M","R","T","E","?","?","M","E","R","BOSS","M","M","M","M","?","R","E","R","T","M","$","?","?","E","R","BOSS","R","$","E","BOSS"],"items_purchased_type":["Relic","Relic","Relic"],"build_version":"2020-12-22","purchased_purges":3,"victory":false,"max_hp_per_floor":[63,63,63,63,63,63,63,63,63,63,63,63,63,63,63,63,63,63,63,63,63,63,63,63,63,63,63,63,63,63,63,63,63,63,63,63,63,63,63,63,63,63,63,63,63,63,63,63,63,63,63,63,63,63,63,63],"card_choices":[{"not_picked":["theMarked:WardOff","theMarked:Aftermath"],"picked":"theMarked:SwordAndMagic","floor":1.0},{"not_picked":["theMarked:WastefulDefense","theMarked:Reabsorb"],"picked":"theMarked:Opportunist","floor":2.0},{"not_picked":["theMarked:Frustration","theMarked:TwofoldDefense"],"picked":"theMarked:SwordAndMagic","floor":5.0},{"not_picked":["theMarked:WastefulAttack","theMarked:BanishingStrike"],"picked":"theMarked:Improvise","floor":7.0},{"not_picked":["theMarked:SwordAndMagic","theMarked:HeightenedSenses"],"picked":"theMarked:Snap","floor":8.0},{"not_picked":["theMarked:HeritageOfTheMarked","theMarked:Static"],"picked":"theMarked:Aftermath","floor":10.0},{"not_picked":["theMarked:WastefulAttack","theMarked:TwofoldDefense"],"picked":"theMarked:RepellingDischarge","floor":12.0},{"not_picked":["theMarked:ResourceFulStrike","theMarked:BanishingWave"],"picked":"theMarked:EnhanceMovement","floor":13.0},{"not_picked":["theMarked:TurnInvisible","theMarked:MuscleMemory"],"picked":"theMarked:EternalStudent","floor":16.0},{"not_picked":["theMarked:WastefulAttack","theMarked:Electrocute"],"picked":"theMarked:EmpowerWeapon","floor":18.0},{"not_picked":["theMarked:SwordAndMagic+1","theMarked:HeightenedSenses"],"picked":"theMarked:RepellingDischarge+1","floor":19.0},{"not_picked":["theMarked:Frustration+1","theMarked:SwordAndMagic+1"],"picked":"theMarked:ResourceFulStrike+1","floor":22.0},{"not_picked":["theMarked:GodGivenPower","theMarked:Parry+1","theMarked:ResourceFulStrike"],"picked":"SKIP","floor":24.0},{"not_picked":["theMarked:RepellingDischarge","theMarked:WardOff","theMarked:BanishingStrike"],"picked":"SKIP","floor":27.0},{"not_picked":["theMarked:Standoff","theMarked:TakeCover"],"picked":"theMarked:Levitate","floor":28.0},{"not_picked":["theMarked:Convert","theMarked:RogueSparks","theMarked:Parkour+1"],"picked":"SKIP","floor":30.0},{"not_picked":["theMarked:SwordAndMagic","theMarked:TwofoldDefense","theMarked:WastefulDefense"],"picked":"SKIP","floor":31.0},{"not_picked":["theMarked:ChannelForce","theMarked:Vacuum"],"picked":"theMarked:BindingBlade","floor":33.0},{"not_picked":["theMarked:Aftermath","theMarked:WardOff+1"],"picked":"theMarked:Indomitable+1","floor":36.0},{"not_picked":["theMarked:ElectricStrings+1","theMarked:TakeCover","theMarked:TwofoldDefense+1"],"picked":"SKIP","floor":38},{"not_picked":["theMarked:MuscleMemory","theMarked:Opportunist"],"picked":"theMarked:Overcharge","floor":41},{"not_picked":["theMarked:Standoff","theMarked:WardOff","theMarked:EmpowerWeapon"],"picked":"SKIP","floor":44},{"not_picked":["theMarked:WastefulDefense+1","theMarked:Seal+1"],"picked":"theMarked:ParalyzingBlade+1","floor":48},{"not_picked":["theMarked:UnarmedFury","theMarked:WastefulDefense","theMarked:Improvise+1"],"picked":"SKIP","floor":54}],"player_experience":2052291,"relics_obtained":[{"floor":8.0,"key":"Mercury Hourglass"},{"floor":9.0,"key":"Centennial Puzzle"},{"floor":10.0,"key":"Dream Catcher"},{"floor":26.0,"key":"Toy Ornithopter"},{"floor":27.0,"key":"Letter Opener"},{"floor":29.0,"key":"PreservedInsect"},{"floor":31.0,"key":"theMarked:KettuFlask"},{"floor":41,"key":"Ice Cream"},{"floor":48,"key":"Bottled Lightning"},{"floor":54,"key":"Bronze Scales"}],"event_choices":[{"damage_healed":0.0,"max_hp_gain":0.0,"max_hp_loss":0.0,"gold_gain":0.0,"event_name":"Upgrade Shrine","player_choice":"Upgraded","floor":3.0,"gold_loss":0.0,"damage_taken":0.0,"cards_upgraded":["theMarked:SoldierOfQuellstein"]},{"damage_healed":0.0,"max_hp_gain":0.0,"max_hp_loss":0.0,"gold_gain":0.0,"event_name":"Living Wall","player_choice":"Grow","floor":14.0,"gold_loss":0.0,"damage_taken":0.0,"cards_upgraded":["theMarked:EnhanceMovement"]},{"damage_healed":0.0,"max_hp_gain":0.0,"max_hp_loss":0.0,"gold_gain":0.0,"event_name":"Duplicator","player_choice":"Copied","floor":20.0,"gold_loss":0.0,"damage_taken":0.0,"cards_obtained":["theMarked:EternalStudent"]},{"damage_healed":0,"gold_gain":0,"player_choice":"Ignored","damage_taken":0,"max_hp_gain":0,"max_hp_loss":0,"event_name":"Mysterious Sphere","floor":39,"gold_loss":0},{"damage_healed":0,"gold_gain":0,"player_choice":"Memory 1","damage_taken":0,"max_hp_gain":0,"max_hp_loss":0,"event_name":"SensoryStone","floor":46,"gold_loss":0},{"damage_healed":0,"gold_gain":0,"player_choice":"Ignored","damage_taken":0,"max_hp_gain":0,"max_hp_loss":0,"event_name":"SecretPortal","floor":47,"gold_loss":0}],"is_beta":false,"boss_relics":[{"not_picked":["theMarked:BronzeBlade","Pandora\u0027s Box"],"picked":"theMarked:SpiritSword"},{"not_picked":["Runic Dome","Black Star"],"picked":"theMarked:Eyepatch"}],"items_purged_floors":[4,21,45],"is_endless":false,"potions_floor_spawned":[5,7,12,16,19,22,30,31,33,38,41,48,54],"killed_by":"The Heart","ascension_level":0}}