{"host":"wutzay93uet9pf9y","time":1610993730,"event":{"mods":["BaseMod","Colored Map","Downfall","Minty Spire (QoL Compilation)","StSLib"],"gold_per_floor":[99,118,128,141,161,61,61,61,61,77,110,95,111,111,131,235,235,235,248,261,19,32,32,32,17,35,45,45,57,57,77,92,194,194,94,105,125,125,198,216,265,315,315,329,329,138,138,138,155,155],"floor_reached":51,"language":"ENG","playtime":2628,"items_purged":[],"score":730,"play_id":"68eca2ca-a01b-4e22-ac1d-3783f53a96df","local_time":"20210118131530","is_ascension_mode":false,"campfire_choices":[{"floor":1.0,"key":"RECALL"},{"data":"champ:Taunt","floor":6.0,"key":"SMITH"},{"data":"champ:Duel","floor":8.0,"key":"SMITH"},{"data":"champ:ShieldWall","floor":18.0,"key":"SMITH"},{"data":"champ:CalledShot","floor":28.0,"key":"SMITH"},{"data":"champ:TornadoPunch","floor":30.0,"key":"SMITH"},{"data":"champ:HeavySlash","floor":35.0,"key":"SMITH"},{"data":"champ:Devastate","floor":45.0,"key":"SMITH"},{"data":"champ:HoldFirm","floor":48.0,"key":"SMITH"}],"circlet_count":0,"master_deck":["champ:Strike","champ:Strike","champ:Strike","champ:Defend","champ:Defend","champ:Defend","champ:Execute","champ:Taunt+1","champ:Backstep","champ:Duel+1","champ:BringItOn","champ:ShieldWall+1","champ:Endure","champ:BerserkersShout","champ:PreciseThrust","champ:CrownThrow","champ:TripleStrike","champ:AdrenalArmor","champ:RecklessLeap+1","champ:FanOfKnives","champ:HoldFirm+1","champ:GutPunch+1","champ:EnragedBash","champ:TornadoPunch+1","champ:CalledShot+1","champ:DefensiveShout","champ:ShieldWall+1","champ:BerserkersShout","champ:HeavySlash+1","champ:Haymaker+1","champ:FocusedDefense","champ:StanceDance+1","champ:FanOfKnives+1","champ:Devastate+1","champ:DeathBlow","champ:EndlessRage","champ:TornadoPunch"],"relics":["champ:ChampionCrown","downfall:HeartBlessingRed","Shuriken","TungstenRod","Runic Pyramid","Vajra","Black Star","downfall:HeartBlessingBlue","Meat on the Bone","Oddly Smooth Stone","Unceasing Top","Bottled Tornado","Pen Nib"],"acts_visited":["Exordium","TheCity","TheBeyond"],"potions_floor_usage":[50],"damage_taken":[{"damage":24.0,"enemies":"Cultist","floor":2.0,"turns":4.0},{"damage":15.0,"enemies":"Jaw Worm","floor":3.0,"turns":4.0},{"damage":12.0,"enemies":"2 Louse","floor":4.0,"turns":3.0},{"damage":26.0,"enemies":"Large Slime","floor":5.0,"turns":9.0},{"damage":10.0,"enemies":"Lots of Slimes","floor":10.0,"turns":5.0},{"damage":0.0,"enemies":"Lagavulin","floor":11.0,"turns":3.0},{"damage":9.0,"enemies":"downfall:FleeingMerchant","floor":12.0,"turns":4.0},{"damage":15.0,"enemies":"Blue Slaver","floor":13.0,"turns":3.0},{"damage":11.0,"enemies":"2 Fungi Beasts","floor":15.0,"turns":4.0},{"damage":37.0,"enemies":"IC_STATUS_ARCHETYPE","floor":16.0,"turns":8.0},{"damage":17.0,"enemies":"3 Byrds","floor":19.0,"turns":5.0},{"damage":35.0,"enemies":"3 Cultists","floor":20.0,"turns":4.0},{"damage":38.0,"enemies":"downfall:FleeingMerchant","floor":21.0,"turns":4.0},{"damage":41.0,"enemies":"Snecko","floor":22.0,"turns":4.0},{"damage":55.0,"enemies":"downfall:FleeingMerchant","floor":25.0,"turns":4.0},{"damage":39.0,"enemies":"Cultist and Chosen","floor":26.0,"turns":4.0},{"damage":21.0,"enemies":"3 Cultists","floor":27.0,"turns":4.0},{"damage":16.0,"enemies":"Centurion and Healer","floor":29.0,"turns":6.0},{"damage":30.0,"enemies":"Snecko","floor":31.0,"turns":5.0},{"damage":58.0,"enemies":"Snake Plant","floor":32.0,"turns":3.0},{"damage":84.0,"enemies":"SI_MIRROR_ARCHETYPE","floor":33.0,"turns":12.0},{"damage":14.0,"enemies":"Orb Walker","floor":36.0,"turns":3.0},{"damage":47.0,"enemies":"3 Shapes","floor":37.0,"turns":4.0},{"damage":76.0,"enemies":"Transient","floor":40.0,"turns":5.0},{"damage":59.0,"enemies":"Transient","floor":42.0,"turns":6.0},{"damage":66.0,"enemies":"Jaw Worm Horde","floor":44.0,"turns":4.0},{"damage":24.0,"enemies":"downfall:FleeingMerchant","floor":46.0,"turns":4.0},{"damage":30.0,"enemies":"Spire Growth","floor":49.0,"turns":5.0},{"damage":112,"enemies":"WA_ARCHETYPE_DIVINITY","floor":50,"turns":15}],"seed_played":"1228481273683446607","potions_obtained":[{"floor":2.0,"key":"Fire Potion"},{"floor":3.0,"key":"PowerPotion"},{"floor":11.0,"key":"bronze:BurnAndBuffPotion"},{"floor":15.0,"key":"champ:CounterPotion"},{"floor":20.0,"key":"FearPotion"},{"floor":22.0,"key":"Slimebound:ThreeZeroPotion"},{"floor":29.0,"key":"Energy Potion"},{"floor":31.0,"key":"bronze:BurnAndBuffPotion"},{"floor":32.0,"key":"Fruit Juice"},{"floor":37.0,"key":"SteroidPotion"},{"floor":49.0,"key":"hexamod:SoulburnPotion"}],"is_trial":false,"path_per_floor":["R","M","M","M","M","R","T","R","?","M","E","$","M","?","M","B",null,"R","M","M","$","M","?","T","$","M","M","R","M","R","M","M","B",null,"R","M","M","?","?","M","T","?","?","M","R","$","?","R","M","B",null],"character_chosen":"THE_CHAMP","items_purchased":["Vajra","champ:HoldFirm","Bottled Tornado","Pen Nib","champ:DeathBlow","champ:EndlessRage"],"campfire_rested":0,"item_purchase_floors":[21,21,46,46,46,46],"current_hp_per_floor":[99,95,90,88,72,72,72,72,72,72,72,73,68,68,67,60,99,99,92,82,79,73,73,73,83,79,83,83,82,82,77,69,37,104,114,109,97,97,97,68,68,59,100,71,71,74,74,74,71,46],"gold":155,"neow_bonus":"TEN_PERCENT_HP_BONUS","is_daily":false,"chose_seed":false,"campfire_upgraded":8,"win_rate":0.0,"timestamp":1610993730,"path_taken":["R","M","?","M","M","R","T","R","?","M","E","?","M","?","M","BOSS","R","M","M","$","M","?","T","$","M","M","R","?","R","M","M","BOSS","R","M","M","?","?","M","T","?","?","M","R","$","?","R","M","BOSS"],"items_purchased_type":["Relic","Card","Relic","Relic","Card","Card"],"build_version":"2020-12-22","purchased_purges":0,"victory":true,"max_hp_per_floor":[99,99,99,99,99,99,99,99,99,99,99,99,99,99,99,99,99,99,99,99,99,99,99,99,99,99,99,99,99,99,99,104,104,104,114,114,114,114,114,114,114,114,100,100,100,100,100,100,100,100],"card_choices":[{"not_picked":["champ:EndlessRage","champ:Circumvent"],"picked":"champ:Backstep","floor":2.0},{"not_picked":["champ:EnGarde","champ:FanOfKnives"],"picked":"champ:Duel","floor":3.0},{"not_picked":["champ:Shatter","champ:Lariat"],"picked":"champ:BringItOn","floor":4.0},{"not_picked":["champ:Shatter","champ:EnGarde"],"picked":"champ:CrookedStrike","floor":5.0},{"not_picked":["champ:Lariat","champ:Encircle"],"picked":"champ:ShieldWall","floor":10.0},{"not_picked":["champ:FancyFootwork","champ:StanceDance"],"picked":"champ:Endure","floor":11.0},{"not_picked":["champ:PreciseThrust","champ:Lariat"],"picked":"champ:BerserkersShout","floor":12.0},{"not_picked":["champ:Lariat","champ:Backstep"],"picked":"champ:PreciseThrust","floor":13.0},{"not_picked":["champ:Endure","champ:Backstep"],"picked":"champ:CrownThrow","floor":15.0},{"not_picked":["champ:StrikeOfGenius","champ:IgnorePain"],"picked":"champ:TripleStrike","floor":16.0},{"not_picked":["champ:Shatter","champ:Encircle"],"picked":"champ:AdrenalArmor","floor":19.0},{"not_picked":["champ:TornadoPunch","champ:StanceDance+1"],"picked":"champ:RecklessLeap+1","floor":20.0},{"not_picked":["champ:Devastate","champ:TornadoPunch+1"],"picked":"champ:FanOfKnives","floor":21.0},{"not_picked":["champ:PerfectedStrike+1","champ:PreciseThrust"],"picked":"champ:GutPunch+1","floor":22.0},{"not_picked":["champ:StanceDance","champ:Circumvent"],"picked":"champ:EnragedBash","floor":25.0},{"not_picked":["champ:FanOfKnives","champ:CalledShot"],"picked":"champ:TornadoPunch","floor":26.0},{"not_picked":["champ:SetATrap+1","champ:Circumvent+1"],"picked":"champ:CalledShot","floor":27.0},{"not_picked":["champ:EndlessRage","champ:RisingSlash"],"picked":"champ:DefensiveShout","floor":29.0},{"not_picked":["champ:PreemptiveStrike","champ:GladiatorStyle"],"picked":"champ:ShieldWall+1","floor":31.0},{"not_picked":["champ:RecklessLeap","champ:PerfectedStrike+1"],"picked":"champ:BerserkersShout","floor":32.0},{"not_picked":["champ:ShieldThrow","champ:LastStand"],"picked":"champ:HeavySlash","floor":33.0},{"not_picked":["champ:TornadoPunch+1","champ:PreciseThrust+1"],"picked":"champ:Haymaker+1","floor":36.0},{"not_picked":["champ:BringItOn+1","champ:Backstep"],"picked":"champ:FocusedDefense","floor":37.0},{"not_picked":["champ:FocusedDefense+1","champ:FanOfKnives"],"picked":"champ:StanceDance+1","floor":40.0},{"not_picked":["champ:GutPunch+1","champ:BerserkersShout+1"],"picked":"champ:FanOfKnives+1","floor":42.0},{"not_picked":["champ:BringItOn+1","champ:StanceDance+1"],"picked":"champ:Devastate","floor":44.0},{"not_picked":["champ:DefensiveShout+1","champ:RecklessLeap+1","champ:FocusedDefense"],"picked":"SKIP","floor":46.0},{"not_picked":["champ:DefensiveShout","champ:EnGarde+1"],"picked":"champ:TornadoPunch","floor":49.0}],"player_experience":308323,"relics_obtained":[{"floor":7.0,"key":"Shuriken"},{"floor":11.0,"key":"TungstenRod"},{"floor":39.0,"key":"Meat on the Bone"},{"floor":41.0,"key":"Oddly Smooth Stone"},{"floor":42.0,"key":"Unceasing Top"}],"event_choices":[{"cards_removed":["champ:Strike"],"damage_healed":0.0,"max_hp_gain":0.0,"max_hp_loss":0.0,"gold_gain":0.0,"event_name":"The Cleric","player_choice":"Card Removal","floor":14.0,"gold_loss":0.0,"damage_taken":0.0},{"cards_removed":["champ:CrookedStrike"],"damage_healed":0.0,"max_hp_gain":0.0,"max_hp_loss":0.0,"gold_gain":0.0,"event_name":"Falling","player_choice":"Removed Attack","floor":47.0,"gold_loss":0.0,"damage_taken":0.0}],"is_beta":false,"boss_relics":[{"not_picked":["Snecko Eye","Sozu"],"picked":"Runic Pyramid"},{"not_picked":["Tiny House","Calling Bell"],"picked":"Black Star"}],"items_purged_floors":[],"is_endless":false,"potions_floor_spawned":[2,3,11,15,20,22,29,31,32,37,49],"ascension_level":0}}