{"host":"1c17lcvl7acx821p","time":1610984500,"event":{"mods":["AchievementEnabler","BaseMod","Colored Map","Minty Spire (QoL Compilation)","StSLib"],"gold_per_floor":[363,363,381,135,152,183,194,224,224,250,265,265,278,289,289,384,384,398,398,415,14,26,26,61,61,61],"floor_reached":25,"language":"ENG","playtime":899,"items_purged":["Strike_B","Defend_B"],"score":306,"play_id":"80fa5048-9460-4f70-9cc8-672f6a15b01c","local_time":"20210118174140","is_ascension_mode":true,"campfire_choices":[{"data":"Defragment","floor":12,"key":"SMITH"},{"data":"Rainbow","floor":15,"key":"SMITH"},{"data":"Thinking Ahead","floor":23,"key":"SMITH"}],"circlet_count":0,"master_deck":["Defend_B","Defend_B","Defend_B","Zap+1","Dualcast","Lockon","Ball Lightning","Defragment+1","Cold Snap","Auto Shields","Leap","Rainbow+1","Coolheaded","Machine Learning","Conserve Battery","Coolheaded","Creative AI","Creative AI","Capacitor","Coolheaded","Loop","Panacea","Blizzard","Thinking Ahead+1","Chaos+1"],"relics":["Cracked Core","Pear","The Courier","Mercury Hourglass","Ornamental Fan","Empty Cage","PreservedInsect"],"acts_visited":["Exordium","TheCity"],"potions_floor_usage":[16,20,24,24],"damage_taken":[{"damage":8,"enemies":"Small Slimes","floor":1,"turns":3},{"damage":0,"enemies":"Cultist","floor":3,"turns":3},{"damage":0,"enemies":"2 Louse","floor":5,"turns":2},{"damage":15,"enemies":"Gremlin Nob","floor":6,"turns":3},{"damage":5,"enemies":"Exordium Wildlife","floor":7,"turns":3},{"damage":9,"enemies":"Lagavulin","floor":8,"turns":5},{"damage":1,"enemies":"Gremlin Nob","floor":10,"turns":3},{"damage":10,"enemies":"Large Slime","floor":11,"turns":4},{"damage":7,"enemies":"Looter","floor":13,"turns":3},{"damage":2,"enemies":"2 Fungi Beasts","floor":14,"turns":3},{"damage":8,"enemies":"Slime Boss","floor":16,"turns":8},{"damage":4,"enemies":"Shell Parasite","floor":18,"turns":6},{"damage":11,"enemies":"2 Thieves","floor":20,"turns":4},{"damage":12,"enemies":"Snake Plant","floor":22,"turns":4},{"damage":9,"enemies":"Book of Stabbing","floor":24,"turns":6},{"damage":37,"enemies":"Cultist and Chosen","floor":25,"turns":4}],"seed_played":"2781235157145476247","potions_obtained":[{"floor":5,"key":"EssenceOfSteel"},{"floor":8,"key":"SpeedPotion"},{"floor":10,"key":"PowerPotion"},{"floor":14,"key":"Fruit Juice"},{"floor":16,"key":"Weak Potion"},{"floor":20,"key":"SteroidPotion"},{"floor":22,"key":"FocusPotion"}],"is_trial":false,"path_per_floor":["M","?","M","$","M","E","M","E","T","E","M","R","M","M","R","B",null,"M","?","M","$","M","R","E","M"],"character_chosen":"DEFECT","items_purchased":["Defragment","Cold Snap","Auto Shields","Loop","Panacea","Blizzard","Thinking Ahead"],"campfire_rested":0,"item_purchase_floors":[4,4,4,21,21,21,21],"current_hp_per_floor":[60,60,60,60,60,55,50,41,41,40,30,30,23,21,21,13,62,58,58,52,52,40,40,31,0,0],"gold":61,"neow_bonus":"TWO_FIFTY_GOLD","is_daily":false,"chose_seed":false,"campfire_upgraded":3,"win_rate":0.0,"timestamp":1610984500,"path_taken":["M","?","M","$","M","E","M","E","T","E","?","R","M","M","R","BOSS","M","?","M","$","M","R","E","M"],"items_purchased_type":["Card","Card","Card","Card","Card","Card","Card"],"build_version":"2020-12-22","purchased_purges":2,"victory":false,"max_hp_per_floor":[68,68,68,68,68,78,78,78,78,78,78,78,78,78,78,78,78,78,78,83,83,83,83,83,83,83],"card_choices":[{"not_picked":["Turbo","Steam"],"picked":"Lockon","floor":1},{"not_picked":["Leap","Scrape"],"picked":"Ball Lightning","floor":3},{"not_picked":["Rebound","Loop"],"picked":"Leap","floor":5},{"not_picked":["Double Energy","Leap"],"picked":"Rainbow","floor":6},{"not_picked":["Double Energy","Beam Cell"],"picked":"Coolheaded","floor":7},{"not_picked":["Static Discharge","Aggregate"],"picked":"Machine Learning","floor":8},{"not_picked":["Barrage","Leap","Beam Cell"],"picked":"SKIP","floor":10},{"not_picked":["Leap","Streamline"],"picked":"Conserve Battery","floor":11},{"not_picked":["Turbo","Conserve Battery"],"picked":"Coolheaded","floor":13},{"not_picked":["Hello World","Cold Snap"],"picked":"Creative AI","floor":14},{"not_picked":["Hyperbeam","All For One"],"picked":"Creative AI","floor":16},{"not_picked":["Steam","Gash"],"picked":"Capacitor","floor":18},{"not_picked":["Sunder","Gash+1"],"picked":"Coolheaded","floor":20},{"not_picked":["Redo","Leap"],"picked":"Chaos+1","floor":22},{"not_picked":["Conserve Battery","Gash","Sweeping Beam"],"picked":"SKIP","floor":24}],"player_experience":126201,"relics_obtained":[{"floor":6,"key":"Pear"},{"floor":8,"key":"The Courier"},{"floor":9,"key":"Mercury Hourglass"},{"floor":10,"key":"Ornamental Fan"},{"floor":24,"key":"PreservedInsect"}],"event_choices":[{"damage_healed":0,"gold_gain":0,"player_choice":"Upgraded","damage_taken":0,"max_hp_gain":0,"max_hp_loss":0,"event_name":"Upgrade Shrine","floor":2,"gold_loss":0,"cards_upgraded":["Zap"]},{"cards_removed":["Strike_B"],"damage_healed":0,"gold_gain":0,"player_choice":"Offered Basic","damage_taken":0,"max_hp_gain":0,"max_hp_loss":0,"event_name":"Bonfire Elementals","floor":19,"gold_loss":0}],"is_beta":false,"boss_relics":[{"not_picked":["Fusion Hammer","Busted Crown"],"picked":"Empty Cage"}],"items_purged_floors":[4,21],"is_endless":false,"potions_floor_spawned":[5,8,10,11,14,16,20,22],"killed_by":"Cultist and Chosen","ascension_level":5}}