{"host":"o7j6aatxjwpw1421","time":1610993317,"event":{"mods":["2.2 Compatiblity","AchievementEnabler","BaseMod","Colored Map","DeckTracker","Highlight Path","Keyboard Shortcuts","Minty Spire (QoL Compilation)","Permanent Neow","Quick Restart","StSLib","SuperFastMode","everything is the same but u backflip on backflip"],"gold_per_floor":[15,30,48,48,148,186,186,225,225,225,240,256,29,47,47,143,143,167,76,97,277,300,300,336,336,336,336,354,393,144,184,196,301,313,350,362,299,317,229,272,272,316,316,329,188,203,234,121,121,121],"floor_reached":51,"language":"KOR","playtime":4002,"items_purged":["Defend_P","Defend_P","Strike_P","Strike_P","Defend_P","Strike_P+1","Defend_P+1"],"score":1424,"play_id":"d86866f3-989a-4d43-b838-0122919a5f5e","local_time":"20210119030837","is_ascension_mode":true,"campfire_choices":[{"floor":7.0,"key":"REST"},{"floor":10.0,"key":"REST"},{"data":"MentalFortress","floor":15.0,"key":"SMITH"},{"data":"LessonLearned","floor":23.0,"key":"SMITH"},{"floor":25.0,"key":"REST"},{"floor":32.0,"key":"REST"},{"data":"MentalFortress","floor":41,"key":"SMITH"},{"data":"CutThroughFate","floor":49,"key":"SMITH"}],"circlet_count":0,"master_deck":["AscendersBane","Strike_P+1","Eruption+1","Vigilance+1","CutThroughFate+1","Sanctity+1","MentalFortress+1","ReachHeaven+1","EmptyFist+1","FearNoEvil+1","EmptyBody+1","LessonLearned+1","Purity+1","Study+1","Tantrum+1","EmptyMind+1","Scrawl+1","MentalFortress+1","MentalFortress+1"],"relics":["PureWater","Gambling Chip","Golden Idol","Whetstone","Ornamental Fan","Vajra","Membership Card","Runic Pyramid","HornCleat","Oddly Smooth Stone","Molten Egg 2","Question Card","Incense Burner","MawBank","SacredBark","Du-Vu Doll","Blood Vial","Dream Catcher","Calipers"],"acts_visited":["Exordium","TheCity","TheBeyond"],"potions_floor_usage":[40,50,50],"damage_taken":[{"damage":1.0,"enemies":"Small Slimes","floor":1.0,"turns":3.0},{"damage":0.0,"enemies":"2 Louse","floor":2.0,"turns":1.0},{"damage":0.0,"enemies":"Cultist","floor":3.0,"turns":3.0},{"damage":24.0,"enemies":"Gremlin Nob","floor":6.0,"turns":4.0},{"damage":44.0,"enemies":"3 Sentries","floor":8.0,"turns":11.0},{"damage":6.0,"enemies":"Looter","floor":11.0,"turns":4.0},{"damage":4.0,"enemies":"Lots of Slimes","floor":12.0,"turns":2.0},{"damage":3.0,"enemies":"Exordium Wildlife","floor":14.0,"turns":3.0},{"damage":0.0,"enemies":"Slime Boss","floor":16.0,"turns":5.0},{"damage":0.0,"enemies":"3 Byrds","floor":18.0,"turns":6.0},{"damage":0.0,"enemies":"Spheric Guardian","floor":20.0,"turns":3.0},{"damage":0.0,"enemies":"Centurion and Healer","floor":22.0,"turns":4.0},{"damage":9.0,"enemies":"Gremlin Leader","floor":24.0,"turns":7.0},{"damage":0.0,"enemies":"Sentry and Sphere","floor":28.0,"turns":3.0},{"damage":16.0,"enemies":"Slavers","floor":29.0,"turns":5.0},{"damage":14.0,"enemies":"Gremlin Leader","floor":31.0,"turns":6.0},{"damage":3.0,"enemies":"Champ","floor":33.0,"turns":9.0},{"damage":8.0,"enemies":"3 Darklings","floor":35.0,"turns":5.0},{"damage":0.0,"enemies":"Orb Walker","floor":38.0,"turns":3.0},{"damage":0,"enemies":"Nemesis","floor":40,"turns":8},{"damage":2,"enemies":"Giant Head","floor":42,"turns":7},{"damage":0,"enemies":"Spire Growth","floor":44,"turns":5},{"damage":0,"enemies":"Writhing Mass","floor":46,"turns":6},{"damage":0,"enemies":"Mind Bloom Boss Battle","floor":47,"turns":5},{"damage":0,"enemies":"Donu and Deca","floor":50,"turns":6}],"seed_played":"-952216142606900635","potions_obtained":[{"floor":1.0,"key":"Strength Potion"},{"floor":2.0,"key":"Regen Potion"},{"floor":11.0,"key":"LiquidMemories"},{"floor":12.0,"key":"Weak Potion"},{"floor":20.0,"key":"SkillPotion"},{"floor":29.0,"key":"SteroidPotion"},{"floor":33.0,"key":"ColorlessPotion"},{"floor":40,"key":"Dexterity Potion"}],"is_trial":false,"path_per_floor":["M","M","M","?","?","E","R","E","T","R","M","M","$","M","R","B",null,"M","$","M","?","M","R","E","R","T","T","M","E","$","E","R","B",null,"M","?","$","M","$","E","R","E","T","M","$","M","?","$","R","B",null],"character_chosen":"WATCHER","items_purchased":["Membership Card","FearNoEvil","Purity","Tantrum+1","Incense Burner","MentalFortress"],"campfire_rested":4,"item_purchase_floors":[13,13,19,30,30,45],"current_hp_per_floor":[64,64,64,46,46,22,43,14,14,35,29,25,25,22,22,22,60,60,60,60,41,41,41,32,53,53,53,53,37,37,23,44,41,64,56,56,56,56,56,56,56,54,54,56,56,58,60,60,60,62],"gold":121,"neow_bonus":"ONE_RARE_RELIC","is_daily":false,"chose_seed":false,"campfire_upgraded":4,"win_rate":0.0,"timestamp":1610993317,"path_taken":["M","M","M","?","?","E","R","E","T","R","M","M","$","M","R","BOSS","M","$","?","?","?","R","E","R","T","?","?","E","$","E","R","BOSS","M","?","$","?","$","E","R","E","T","M","?","M","?","$","R","BOSS"],"items_purchased_type":["Relic","Card","Card","Card","Relic","Card"],"build_version":"2020-12-22","purchased_purges":7,"victory":true,"max_hp_per_floor":[72,72,72,72,72,72,72,72,72,72,72,72,72,72,72,72,72,72,72,72,72,72,72,72,72,72,72,72,72,72,72,72,72,72,72,72,72,72,72,72,72,72,72,72,72,72,72,72,72,72],"card_choices":[{"not_picked":["Collect","FlurryOfBlows"],"picked":"CutThroughFate","floor":1.0},{"not_picked":["EmptyBody","Meditate"],"picked":"Sanctity","floor":2.0},{"not_picked":["Weave","Study"],"picked":"MentalFortress","floor":3.0},{"not_picked":["SignatureMove","Crescendo","ThirdEye"],"picked":"SKIP","floor":6.0},{"not_picked":["ClearTheMind","Collect","JustLucky"],"picked":"SKIP","floor":8.0},{"not_picked":["Evaluate","JustLucky"],"picked":"ReachHeaven","floor":11.0},{"not_picked":["CarveReality","Prostrate"],"picked":"EmptyFist","floor":12.0},{"not_picked":["DeusExMachina","Protect"],"picked":"EmptyBody","floor":14.0},{"not_picked":["Omniscience","DevaForm"],"picked":"LessonLearned","floor":16.0},{"not_picked":["CutThroughFate+1","Wireheading","WheelKick"],"picked":"SKIP","floor":18.0},{"not_picked":["Indignation","Conclude","SashWhip"],"picked":"SKIP","floor":20.0},{"not_picked":["Crescendo","EmptyBody","ClearTheMind"],"picked":"SKIP","floor":22.0},{"not_picked":["SashWhip","FlurryOfBlows","Crescendo"],"picked":"SKIP","floor":24.0},{"not_picked":["WindmillStrike+1","FearNoEvil+1","Evaluate"],"picked":"SKIP","floor":28.0},{"not_picked":["SashWhip+1","Prostrate","Study"],"picked":"SKIP","floor":29.0},{"not_picked":["SashWhip+1","Prostrate"],"picked":"Study","floor":29.0},{"not_picked":["ThirdEye+1","FlyingSleeves+1","Brilliance+1"],"picked":"EmptyMind+1","floor":31.0},{"not_picked":["Devotion","LessonLearned+1","MasterReality"],"picked":"Scrawl","floor":33.0},{"not_picked":["CrushJoints+1","Protect+1","PathToVictory","FlyingSleeves+1"],"picked":"SKIP","floor":35.0},{"not_picked":["Protect","SashWhip+1","CrushJoints+1","FlyingSleeves+1"],"picked":"SKIP","floor":38.0},{"not_picked":["Meditate","TalkToTheHand+1","BowlingBash+1"],"picked":"MentalFortress","floor":40},{"not_picked":["Conclude+1","Crescendo","EmptyFist+1","Halt"],"picked":"SKIP","floor":42},{"not_picked":["Study+1","Crescendo","Prostrate","SignatureMove+1"],"picked":"SKIP","floor":44},{"not_picked":["CutThroughFate+1","FlyingSleeves+1","Judgement","ClearTheMind"],"picked":"SKIP","floor":46}],"player_experience":575153,"relics_obtained":[{"floor":6.0,"key":"Whetstone"},{"floor":8.0,"key":"Ornamental Fan"},{"floor":9.0,"key":"Vajra"},{"floor":24.0,"key":"HornCleat"},{"floor":26.0,"key":"Oddly Smooth Stone"},{"floor":27.0,"key":"Molten Egg 2"},{"floor":29.0,"key":"Question Card"},{"floor":31.0,"key":"MawBank"},{"floor":40,"key":"Du-Vu Doll"},{"floor":42,"key":"Blood Vial"},{"floor":43,"key":"Dream Catcher"},{"floor":47,"key":"Calipers"}],"event_choices":[{"damage_healed":0.0,"max_hp_gain":0.0,"max_hp_loss":0.0,"gold_gain":0.0,"event_name":"Golden Idol","player_choice":"Take Damage","floor":4.0,"gold_loss":0.0,"damage_taken":18.0,"relics_obtained":["Golden Idol"]},{"damage_healed":0.0,"max_hp_gain":0.0,"max_hp_loss":0.0,"gold_gain":100.0,"event_name":"Wheel of Change","player_choice":"Gold","floor":5.0,"gold_loss":0.0,"damage_taken":0.0},{"damage_healed":0.0,"max_hp_gain":0.0,"max_hp_loss":0.0,"gold_gain":180.0,"event_name":"Knowing Skull","player_choice":"GOLD GOLD ","floor":21.0,"potions_obtained":[],"gold_loss":0.0,"damage_taken":19.0,"cards_obtained":[]},{"damage_healed":0.0,"max_hp_gain":0.0,"max_hp_loss":0.0,"gold_gain":0.0,"event_name":"Accursed Blacksmith","player_choice":"Forge","floor":36.0,"gold_loss":0.0,"damage_taken":0.0,"cards_upgraded":["Study"]},{"damage_healed":0,"gold_gain":0,"player_choice":"Fight","damage_taken":0,"max_hp_gain":0,"max_hp_loss":0,"event_name":"MindBloom","floor":47,"gold_loss":0}],"is_beta":false,"boss_relics":[{"not_picked":["Black Star","Cursed Key"],"picked":"Runic Pyramid"},{"not_picked":["Busted Crown","Tiny House"],"picked":"SacredBark"}],"items_purged_floors":[13,19,30,37,39,45,48],"is_endless":false,"potions_floor_spawned":[1,2,11,12,20,29,33,40,42,46],"ascension_level":13}}