{"host":"rq107ve574byxhfs","time":1610963503,"event":{"mods":["AchievementEnabler","BaseMod","Colored Map","Minty Spire (QoL Compilation)","StSLib","SuperFastMode","everything is the same but u backflip on backflip"],"gold_per_floor":[115,40,40,55,74,74,84,119,144,154,79,108,108,8,8,82,82,98,115,115,142,162,162,177,177,201,201,201,233,251,283,283,283,283],"floor_reached":33,"language":"KOR","playtime":620,"items_purged":["Strike_R","Strike_R"],"score":740,"play_id":"4feff5bf-0b58-427e-9e9a-186c434d3d4e","local_time":"20210118185143","is_ascension_mode":true,"campfire_choices":[{"data":"Armaments","floor":6.0,"key":"SMITH"},{"data":"Hemokinesis","floor":13.0,"key":"SMITH"},{"data":"True Grit","floor":15.0,"key":"SMITH"},{"data":"Immolate","floor":23,"key":"SMITH"},{"data":"Battle Trance","floor":25,"key":"SMITH"},{"data":"Pummel","floor":27,"key":"SMITH"},{"floor":32,"key":"RECALL"}],"circlet_count":0,"master_deck":["AscendersBane","Defend_R","Defend_R","Defend_R","Bash","Battle Trance+1","Twin Strike","Armaments+1","Hemokinesis+1","True Grit+1","Immolate+1","Intimidate+1","Combust+1","Dark Embrace+1","Reckless Charge","Pummel+1","Impervious","Pummel+1"],"relics":["Burning Blood","NeowsBlessing","Pen Nib","Bronze Scales","Orichalcum","Astrolabe","Red Mask","Toy Ornithopter","Boot","Lantern"],"acts_visited":["Exordium","TheCity"],"potions_floor_usage":[],"damage_taken":[{"damage":0.0,"enemies":"Cultist","floor":1.0,"turns":1.0},{"damage":0.0,"enemies":"2 Louse","floor":4.0,"turns":1.0},{"damage":0.0,"enemies":"Jaw Worm","floor":5.0,"turns":1.0},{"damage":20.0,"enemies":"Exordium Wildlife","floor":7.0,"turns":6.0},{"damage":31.0,"enemies":"3 Sentries","floor":8.0,"turns":8.0},{"damage":8.0,"enemies":"Looter","floor":10.0,"turns":3.0},{"damage":32.0,"enemies":"Gremlin Nob","floor":12.0,"turns":4.0},{"damage":6.0,"enemies":"Hexaghost","floor":16.0,"turns":5.0},{"damage":8.0,"enemies":"Chosen","floor":18.0,"turns":5.0},{"damage":2.0,"enemies":"3 Byrds","floor":19.0,"turns":2.0},{"damage":5.0,"enemies":"Masked Bandits","floor":21.0,"turns":2.0},{"damage":24,"enemies":"Snake Plant","floor":22,"turns":4},{"damage":26,"enemies":"Sentry and Sphere","floor":24,"turns":4},{"damage":12,"enemies":"Gremlin Leader","floor":29,"turns":5},{"damage":15,"enemies":"Shelled Parasite and Fungi","floor":30,"turns":2},{"damage":0,"enemies":"Slavers","floor":31,"turns":1},{"damage":58,"enemies":"Champ","floor":33,"turns":8}],"seed_played":"-3657412729380961180","potions_obtained":[{"floor":3.0,"key":"LiquidBronze"},{"floor":3.0,"key":"CultistPotion"},{"floor":10.0,"key":"DistilledChaos"},{"floor":18.0,"key":"Explosive Potion"},{"floor":19.0,"key":"FairyPotion"},{"floor":22,"key":"LiquidBronze"}],"is_trial":false,"path_per_floor":["M","$","?","M","M","R","M","E","T","M","?","E","R","$","R","B",null,"M","M","$","?","M","R","M","R","T","R","?","E","M","E","R","B"],"character_chosen":"IRONCLAD","items_purchased":[],"campfire_rested":0,"item_purchase_floors":[],"current_hp_per_floor":[74,74,74,75,75,75,61,36,36,34,34,8,8,8,8,8,58,56,60,60,61,43,43,23,23,23,23,23,17,8,14,14,0,0],"gold":283,"neow_bonus":"THREE_ENEMY_KILL","is_daily":false,"chose_seed":false,"campfire_upgraded":6,"win_rate":0.0,"timestamp":1610963503,"path_taken":["M","$","?","M","?","R","M","E","T","?","?","E","R","?","R","BOSS","M","M","$","?","M","R","M","R","T","R","?","E","M","E","R","BOSS"],"items_purchased_type":[],"build_version":"2020-12-22","purchased_purges":2,"victory":false,"max_hp_per_floor":[75,75,75,75,75,75,75,75,75,75,75,75,75,75,75,75,75,75,75,75,75,75,75,75,75,75,75,75,75,75,75,75,75,75],"card_choices":[{"not_picked":["Armaments","Intimidate"],"picked":"Battle Trance","floor":1.0},{"not_picked":["Havoc","Clash"],"picked":"Twin Strike","floor":4.0},{"not_picked":["Dropkick","Flame Barrier"],"picked":"Armaments","floor":5.0},{"not_picked":["Flex","Pummel"],"picked":"Hemokinesis","floor":7.0},{"not_picked":["Rage","Clothesline","Warcry"],"picked":"SKIP","floor":8.0},{"not_picked":["Anger","Clothesline","Havoc"],"picked":"SKIP","floor":10.0},{"not_picked":["Juggernaut","Cleave"],"picked":"True Grit","floor":12.0},{"not_picked":["Limit Break","Impervious"],"picked":"Immolate","floor":16.0},{"not_picked":["Whirlwind+1","Havoc","Headbutt"],"picked":"SKIP","floor":18.0},{"not_picked":["Armaments","Burning Pact"],"picked":"Reckless Charge","floor":19.0},{"not_picked":["Carnage","Hemokinesis","Cleave+1"],"picked":"SKIP","floor":22},{"not_picked":["Rampage","Intimidate"],"picked":"Pummel","floor":24},{"not_picked":["Bloodletting","Metallicize"],"picked":"Impervious","floor":29},{"not_picked":["Shrug It Off","Perfected Strike"],"picked":"Pummel+1","floor":30},{"not_picked":["Searing Blow+1","Iron Wave","Body Slam"],"picked":"SKIP","floor":31}],"player_experience":1336539,"relics_obtained":[{"floor":8.0,"key":"Pen Nib"},{"floor":9.0,"key":"Bronze Scales"},{"floor":12.0,"key":"Orichalcum"},{"floor":21,"key":"Red Mask"},{"floor":26,"key":"Toy Ornithopter"},{"floor":29,"key":"Boot"},{"floor":31,"key":"Lantern"}],"event_choices":[{"damage_healed":0.0,"max_hp_gain":0.0,"max_hp_loss":0.0,"gold_gain":0.0,"event_name":"Lab","player_choice":"Got Potions","floor":3.0,"gold_loss":0.0,"damage_taken":0.0},{"cards_removed":["Strike_R"],"damage_healed":0.0,"max_hp_gain":0.0,"max_hp_loss":0.0,"gold_gain":0.0,"event_name":"The Cleric","player_choice":"Card Removal","floor":11.0,"gold_loss":75.0,"damage_taken":0.0},{"damage_healed":0.0,"max_hp_gain":0.0,"max_hp_loss":0.0,"gold_gain":0.0,"event_name":"Masked Bandits","player_choice":"Fought Bandits","floor":21.0,"gold_loss":0.0,"damage_taken":0.0},{"damage_healed":0,"gold_gain":0,"player_choice":"Ignored","damage_taken":0,"max_hp_gain":0,"max_hp_loss":0,"event_name":"The Mausoleum","floor":28,"gold_loss":0}],"is_beta":false,"boss_relics":[{"not_picked":["Calling Bell","Runic Dome"],"picked":"Astrolabe"}],"items_purged_floors":[2,14],"is_endless":false,"potions_floor_spawned":[4,8,10,18,19,22,29],"killed_by":"Champ","ascension_level":20}}