{"host":"t6r1isv2bex5ovch","time":1610964557,"event":{"mods":["AchievementEnabler","Act Like it!","Aspiration","BaseMod","Better Altar","Better Match","Better Note","Better Sensory Stone","Better Skull","Better Third Choice","Better Vampires","Colored Powertips","Displayed Cursed Tome","Evolution","Fox Events","Hubris","Minty Spire (QoL Compilation)","StSLib","The Jungle"],"gold_per_floor":[17,17,27,47,67,67,102,102,102,130,130,148,73,93,93,189,189,208,208,108,125,0,10,10,36,36,75,75,75,75,110,110,220,220,240,90,100,100,100],"floor_reached":38,"language":"ENG","playtime":2351,"items_purged":["Strike_P","Defend_P","Defend_P","Strike_P"],"score":620,"play_id":"5399d867-afdc-44ea-906b-8e9eba555bbe","local_time":"20210118200917","is_ascension_mode":true,"campfire_choices":[{"floor":6.0,"key":"RECALL"},{"data":"BowlingBash","floor":8.0,"key":"SMITH"},{"data":"Adaptation","floor":15.0,"key":"SMITH"},{"data":"Judgement","floor":24.0,"key":"SMITH"},{"data":"BowlingBash","floor":30.0,"key":"SMITH"},{"data":"Prostrate","floor":32.0,"key":"SMITH"}],"circlet_count":0,"master_deck":["BowlingBash+1","Strike_P","Defend_P","Defend_P","Eruption+1","Vigilance","Prostrate+1","Adaptation+1","Judgement+1","Consecrate","BowlingBash+1","BowlingBash","Devotion","Prostrate+1"],"relics":["HolyWater","EVO:Axolotl","Mango","Kunai","Matryoshka","aspiration:SeaSaltIceCream","aspiration:RitualDagger","hubris:Towel","Sozu","theJungle:BirthdayCakeSlice","Meat on the Bone","aspiration:ChemicalBlood","Bronze Scales","CeramicFish","Blood Vial"],"acts_visited":["Exordium","Exordium","TheBeyond"],"potions_floor_usage":[],"damage_taken":[{"damage":2.0,"enemies":"Jaw Worm","floor":1.0,"turns":3.0},{"damage":0.0,"enemies":"Small Slimes","floor":3.0,"turns":2.0},{"damage":0.0,"enemies":"2 Louse","floor":4.0,"turns":1.0},{"damage":0.0,"enemies":"2 Fungi Beasts","floor":5.0,"turns":1.0},{"damage":12.0,"enemies":"Gremlin Nob","floor":7.0,"turns":3.0},{"damage":42.0,"enemies":"Lagavulin","floor":10.0,"turns":6.0},{"damage":12.0,"enemies":"Gremlin Gang","floor":12.0,"turns":4.0},{"damage":9.0,"enemies":"3 Louse","floor":14.0,"turns":3.0},{"damage":18.0,"enemies":"Slime Boss","floor":16.0,"turns":6.0},{"damage":12.0,"enemies":"theJungle:MUSHROOMGANG","floor":18.0,"turns":4.0},{"damage":22.0,"enemies":"Shell Parasite","floor":21.0,"turns":6.0},{"damage":73.0,"enemies":"theJungle:SlimyTreeVines","floor":23.0,"turns":11.0},{"damage":25.0,"enemies":"theJungle:2_Phrogs","floor":25.0,"turns":5.0},{"damage":22.0,"enemies":"theJungle:Cassacara","floor":27.0,"turns":3.0},{"damage":6.0,"enemies":"theJungle:MamaSnecko","floor":31.0,"turns":2.0},{"damage":54.0,"enemies":"theJungle:QueenSpyder","floor":33.0,"turns":7.0},{"damage":16.0,"enemies":"3 Darklings","floor":35.0,"turns":2.0},{"damage":85.0,"enemies":"3 Shapes","floor":37.0,"turns":4.0},{"damage":72,"enemies":"Writhing Mass","floor":38,"turns":3}],"seed_played":"-8901868534895443624","potions_obtained":[{"floor":4.0,"key":"DistilledChaos"},{"floor":10.0,"key":"BlessingOfTheForge"},{"floor":14.0,"key":"CultistPotion"},{"floor":16.0,"key":"Fire Potion"}],"is_trial":false,"path_per_floor":["M","?","M","M","M","R","E","R","T","E","?","M","$","M","R","B",null,"M","?","$","M","$","M","R","E","T","E","?","?","R","E","R","B",null,"M","$","M","M"],"character_chosen":"WATCHER","items_purchased":[],"campfire_rested":0,"item_purchase_floors":[],"current_hp_per_floor":[84,84,84,84,84,84,72,72,72,30,30,18,18,9,9,86,86,82,87,87,72,72,25,25,18,18,22,34,25,25,48,48,34,91,81,81,28,0,0],"gold":100,"neow_bonus":"ONE_RARE_RELIC","is_daily":false,"chose_seed":false,"campfire_upgraded":5,"win_rate":0.0,"timestamp":1610964557,"path_taken":["M","?","M","M","M","R","E","R","T","E","?","M","$","M","R","BOSS","M","?","$","M","$","M","R","E","T","E","?","?","R","E","R","BOSS","M","$","M","?"],"items_purchased_type":[],"build_version":"2020-12-22","purchased_purges":4,"victory":false,"max_hp_per_floor":[86,86,86,86,86,86,86,86,86,86,86,86,86,86,86,86,86,86,91,91,91,91,91,91,91,91,91,91,91,91,91,91,91,91,91,91,91,91,91],"card_choices":[{"not_picked":["FlurryOfBlows","SashWhip","CrushJoints"],"picked":"SKIP","floor":1.0},{"not_picked":["PathToVictory","ClearTheMind","FollowUp"],"picked":"SKIP","floor":3.0},{"not_picked":["ThirdEye","CutThroughFate","BowlingBash"],"picked":"SKIP","floor":4.0},{"not_picked":["ThirdEye","SignatureMove","JustLucky"],"picked":"SKIP","floor":5.0},{"not_picked":["SignatureMove","JustLucky"],"picked":"Prostrate","floor":7.0},{"not_picked":["Worship","Collect","Swivel"],"picked":"SKIP","floor":10.0},{"not_picked":["WheelKick","EmptyFist"],"picked":"Adaptation","floor":12.0},{"not_picked":["ForeignInfluence","Pray","LessonLearned"],"picked":"SKIP","floor":14.0},{"not_picked":["ConjureBlade","Blasphemy"],"picked":"Judgement","floor":16.0},{"not_picked":["EmptyBody","ReachHeaven","FollowUp"],"picked":"SKIP","floor":18.0},{"not_picked":["WaveOfTheHand","ThirdEye"],"picked":"Consecrate","floor":21.0},{"not_picked":["SignatureMove","Indignation","CutThroughFate"],"picked":"SKIP","floor":23.0},{"not_picked":["SignatureMove","WindmillStrike","EmptyMind"],"picked":"SKIP","floor":25.0},{"not_picked":["SandsOfTime","TalkToTheHand"],"picked":"BowlingBash","floor":27.0},{"not_picked":["Evaluate","CrushJoints+1"],"picked":"BowlingBash","floor":31.0},{"not_picked":["ConjureBlade","MasterReality"],"picked":"Devotion","floor":33.0},{"not_picked":["WaveOfTheHand+1","FollowUp"],"picked":"Prostrate+1","floor":35.0},{"not_picked":["Tantrum+1","Crescendo","FlurryOfBlows+1"],"picked":"SKIP","floor":37.0}],"player_experience":340903,"relics_obtained":[{"floor":7.0,"key":"Kunai"},{"floor":9.0,"key":"Matryoshka"},{"floor":10.0,"key":"aspiration:SeaSaltIceCream"},{"floor":25.0,"key":"Meat on the Bone"},{"floor":26.0,"key":"aspiration:ChemicalBlood"},{"floor":26.0,"key":"Bronze Scales"},{"floor":27.0,"key":"CeramicFish"},{"floor":31.0,"key":"Blood Vial"}],"event_choices":[{"damage_healed":0.0,"max_hp_gain":0.0,"max_hp_loss":0.0,"gold_gain":0.0,"event_name":"Wheel of Change","player_choice":"Damaged","floor":29.0,"gold_loss":0.0,"damage_taken":9.0}],"is_beta":false,"boss_relics":[{"not_picked":["hubris:VirtuousBlindfold","hubris:HollowSoul"],"picked":"Sozu"},{"not_picked":["aspiration:PoetsPen_weak","aspiration:SecretTechniqueScroll"],"picked":"HolyWater"}],"items_purged_floors":[13,20,22,36],"is_endless":false,"potions_floor_spawned":[4,10,14,16,25,27,37],"killed_by":"Writhing Mass","ascension_level":3}}