{"host":"qgrlfjrqk9z96gfi","time":1610931027,"event":{"mods":["BaseMod","Block Reminder","Colored Map","Custom Start","DeckTracker","Minty Spire (QoL Compilation)"],"gold_per_floor":[119,8,23,23,44,82,82,122,122,137,181,26,26,26,26],"floor_reached":14,"language":"ENG","playtime":414,"items_purged":["Strike_G"],"score":216,"play_id":"c1a4e31c-680a-4739-85d8-c83dac3f2430","local_time":"20210117145027","is_ascension_mode":true,"campfire_choices":[{"floor":7,"key":"REST"}],"circlet_count":0,"master_deck":["AscendersBane","Strike_G","Strike_G","Strike_G","Strike_G","Defend_G","Defend_G","Defend_G","Defend_G","Defend_G","Survivor","Neutralize","Cloak And Dagger","Finisher","Quick Slash","Noxious Fumes","Bane","Endless Agony","Glass Knife","Leg Sweep","Blade Dance","Footwork"],"relics":["Ring of the Snake","Dream Catcher","Golden Idol","StoneCalendar","Bird Faced Urn","Unceasing Top","Bronze Scales"],"acts_visited":["Exordium"],"potions_floor_usage":[6,8,8,11],"damage_taken":[{"damage":4,"enemies":"Cultist","floor":1,"turns":4},{"damage":0,"enemies":"2 Louse","floor":3,"turns":2},{"damage":2,"enemies":"Jaw Worm","floor":5,"turns":4},{"damage":41,"enemies":"Lagavulin","floor":6,"turns":9},{"damage":8,"enemies":"Gremlin Nob","floor":8,"turns":3},{"damage":0,"enemies":"Large Slime","floor":10,"turns":4},{"damage":19,"enemies":"3 Sentries","floor":11,"turns":7},{"damage":29,"enemies":"Gremlin Nob","floor":14,"turns":3}],"seed_played":"-2110294171049683440","potions_obtained":[{"floor":1,"key":"DuplicationPotion"},{"floor":5,"key":"SkillPotion"},{"floor":6,"key":"Swift Potion"},{"floor":10,"key":"DuplicationPotion"}],"is_trial":false,"path_per_floor":["M","$","M","?","M","E","R","E","T","M","E","$","?","E"],"character_chosen":"THE_SILENT","items_purchased":["Finisher","Quick Slash","Footwork"],"campfire_rested":1,"item_purchase_floors":[2,2,12],"current_hp_per_floor":[55,55,55,55,53,12,30,22,22,24,5,5,5,0,0],"gold":26,"neow_bonus":"RANDOM_COMMON_RELIC","is_daily":false,"chose_seed":false,"campfire_upgraded":0,"win_rate":0.0,"timestamp":1610931027,"path_taken":["M","$","M","?","M","E","R","E","T","M","E","$","?","E"],"items_purchased_type":["Card","Card","Card"],"build_version":"2020-12-22","purchased_purges":1,"victory":false,"max_hp_per_floor":[66,66,66,60,60,60,60,60,60,60,60,60,60,60,60],"card_choices":[{"not_picked":["Choke","Masterful Stab"],"picked":"Cloak And Dagger","floor":1},{"not_picked":["Bane","Dagger Throw"],"picked":"Noxious Fumes","floor":3},{"not_picked":["Flying Knee","Prepared"],"picked":"Bane","floor":5},{"not_picked":["Escape Plan","Concentrate","Skewer"],"picked":"SKIP","floor":6},{"not_picked":["Slice","Deadly Poison"],"picked":"Endless Agony","floor":7},{"not_picked":["Escape Plan","Catalyst"],"picked":"Glass Knife","floor":8},{"not_picked":["Infinite Blades","Cloak And Dagger"],"picked":"Leg Sweep","floor":10},{"not_picked":["Dagger Throw","Riddle With Holes"],"picked":"Blade Dance","floor":11}],"player_experience":1020732,"relics_obtained":[{"floor":6,"key":"StoneCalendar"},{"floor":8,"key":"Bird Faced Urn"},{"floor":9,"key":"Unceasing Top"},{"floor":11,"key":"Bronze Scales"}],"event_choices":[{"damage_healed":0,"gold_gain":0,"player_choice":"Lose Max HP","damage_taken":0,"relics_obtained":["Golden Idol"],"max_hp_gain":0,"max_hp_loss":6,"event_name":"Golden Idol","floor":4,"gold_loss":0},{"damage_healed":0,"gold_gain":0,"player_choice":"Ignored","damage_taken":0,"max_hp_gain":0,"max_hp_loss":0,"event_name":"Liars Game","floor":13,"gold_loss":0}],"is_beta":false,"boss_relics":[],"items_purged_floors":[12],"is_endless":false,"potions_floor_spawned":[1,5,6,10],"killed_by":"Gremlin Nob","ascension_level":20}}