{"host":"8t5dkgm85abdp22d","time":1610941010,"event":{"mods":["Act Like it!","BaseMod","Colored Powertips","Dota2Spire","Downfall","Gensokyo","GungeonMod","Hallownest","Luminous","Marisa£®ÏF”Í°°ƒß¿Ì…≥£©","Minty Spire (QoL Compilation)","StSLib","TheWitcher","UnlockEverythingMod","Waifu the Spire","Yakumo Yukari mod","vexMod","°æ“≈ŒÔø®≈∆°øREMEMod"],"gold_per_floor":[133,108,122,1,1,35,51,80,126,339,339,31,131,161,161,264,264,277,277,277,288,314,345,270,270,69,69,69,87,102,121,121,226,226,242,259,169,179,199,199,218,118,141,154,154,154,174,208,208,208,208,208,45,72,72],"floor_reached":56,"language":"ZHS","playtime":3065,"items_purged":["AT_purpleEX","AT_purpleEX","Shame"],"score":1467,"play_id":"12af5bec-92bc-4b20-a551-0682c0cbb5bd","local_time":"20210118113650","is_ascension_mode":false,"campfire_choices":[{"floor":11.0,"key":"REST"},{"floor":15.0,"key":"REST"},{"data":"hexamod:TimeOfNeed","floor":25.0,"key":"SMITH"},{"data":"Observe_purple_2","floor":27.0,"key":"SMITH"},{"data":"AdvanceAttack_purple","floor":32.0,"key":"SMITH"},{"floor":40.0,"key":"RECALL"},{"floor":45.0,"key":"REST"},{"floor":49,"key":"REST"},{"floor":52,"key":"REST"}],"circlet_count":0,"master_deck":["AT_purpleEX","AT_purpleEX","Defend_purpleEX+1","Defend_purpleEX","Defend_purpleEX","Defend_purpleEX","Observe_purple_1+1","Observe_purple_2+1","hexamod:TimeOfNeed+1","AdvanceAttack_purple+1","MeetDecomposer_purple+1","ExternalForce_HighSpeedFlying_purple+1","ExistenceContinue_purple","Charmbait_purple+1","GluttonyofRealm_purpleEX+1","Night Terror+1","DimensionStaggered_purple+1","Boundary_LifeAndDeath_purple","ButterflyHabitatTemple_purple+1","Gensokyo:CustomPotion","RuptureOfTimeAndSpace_purple+1","StateErode_purple","Fancifulhole_purple","CommonSense_AntiCommonSense_purple+1"],"relics":["Boundary_crack","Memoryfragments_purpleEX","REME_ComplimentaryCards","NeowsBlessing","Dota2Spire:Satanic","Dota2Spire:DrumOfEndurance","War Paint","Oddly Smooth Stone","Blood Vial","Dota2Spire:ArcaneBoots","Ice Cream","Eternal Feather","vexMod:CursedCompass","Anchor","Frozen Egg 2","vexMod:PaidLearning","Boot","Fusion Hammer","Pen Nib","Toy Ornithopter"],"acts_visited":["Exordium","Gensokyo:Gensokyo","Gensokyo:Gensokyoer","TheEnding"],"potions_floor_usage":[55,55,55],"damage_taken":[{"damage":0.0,"enemies":"Gensokyo:2_Kodama","floor":1.0,"turns":1.0},{"damage":0.0,"enemies":"Gensokyo:3_Fairies","floor":3.0,"turns":1.0},{"damage":17.0,"enemies":"Gensokyo:Mamizou","floor":6.0,"turns":2.0},{"damage":10.0,"enemies":"Gensokyo:Gryphon","floor":7.0,"turns":5.0},{"damage":27.0,"enemies":"Gensokyo:Cirno","floor":8.0,"turns":9.0},{"damage":0.0,"enemies":"Gensokyo:5_Fairies","floor":10.0,"turns":6.0},{"damage":15.0,"enemies":"Gensokyo:Aya","floor":14.0,"turns":5.0},{"damage":19.0,"enemies":"Gensokyo:Yukari","floor":16.0,"turns":9.0},{"damage":0.0,"enemies":"Gensokyo:CosmicMonolith","floor":18.0,"turns":3.0},{"damage":0.0,"enemies":"Gensokyo:2_Gloops","floor":21.0,"turns":3.0},{"damage":48.0,"enemies":"Gensokyo:Tenshi","floor":23.0,"turns":5.0},{"damage":0.0,"enemies":"Gensokyo:Wraith","floor":29.0,"turns":3.0},{"damage":14.0,"enemies":"Gensokyo:Chomper_and_Gloop","floor":30.0,"turns":5.0},{"damage":29.0,"enemies":"Gensokyo:3_Gloops","floor":31.0,"turns":4.0},{"damage":16.0,"enemies":"Gensokyo:Kaguya","floor":33.0,"turns":7.0},{"damage":8.0,"enemies":"Gensokyo:AncientGuardian","floor":35.0,"turns":4.0},{"damage":1.0,"enemies":"Gensokyo:3_Boulders","floor":36.0,"turns":5.0},{"damage":0.0,"enemies":"Gensokyo:SeedOfUnknown","floor":38.0,"turns":2.0},{"damage":13.0,"enemies":"Gensokyo:Rafflesia","floor":39.0,"turns":3.0},{"damage":0.0,"enemies":"Gensokyo:Dusk_and_Dawn","floor":41.0,"turns":2.0},{"damage":0.0,"enemies":"Gensokyo:3_Boulders","floor":44.0,"turns":4.0},{"damage":0.0,"enemies":"Gensokyo:4_Bats","floor":47.0,"turns":3.0},{"damage":0,"enemies":"Gensokyo:Doremy","floor":48,"turns":3},{"damage":0,"enemies":"Gensokyo:Yuyuko","floor":50,"turns":5},{"damage":0,"enemies":"Shield and Spear","floor":54,"turns":6},{"damage":55,"enemies":"The Heart","floor":55,"turns":7}],"seed_played":"-1995558080067206442","potions_obtained":[{"floor":3.0,"key":"GamblersBrew"},{"floor":7.0,"key":"LiquidMemories"},{"floor":16.0,"key":"Swift Potion"},{"floor":23.0,"key":"Ancient Potion"},{"floor":29.0,"key":"Ancient Potion"},{"floor":31.0,"key":"REME_GoldPotion"},{"floor":35.0,"key":"DistilledChaos"},{"floor":38.0,"key":"SpeedPotion"}],"is_trial":false,"path_per_floor":["M","?","M","COS","?","E","M","E","T","M","R","$","?","E","R","B",null,"M","?","?","M","T","E","$","R","COS","R","$","M","M","M","R","B",null,"M","M","?","M","M","R","M","$","T","M","R","?","M","E","R","B",null,"R","$","E","B",null],"character_chosen":"Youkari","items_purchased":["Ice Cream","CommonSense_AntiCommonSense_purple+1"],"campfire_rested":5,"item_purchase_floors":[12,53],"current_hp_per_floor":[70,70,70,70,56,39,30,3,3,10,31,31,31,19,49,32,70,70,70,63,73,73,32,32,41,41,53,53,59,60,44,56,49,94,94,106,106,110,105,114,114,114,114,118,118,118,134,134,134,134,138,138,138,138,90],"gold":72,"neow_bonus":"THREE_ENEMY_KILL","is_daily":false,"chose_seed":false,"campfire_upgraded":3,"win_rate":0.0,"timestamp":1610941010,"path_taken":["M","?","?","COS","?","E","M","E","T","?","R","?","?","E","R","BOSS","M","?","?","M","?","E","?","R","COS","R","$","M","M","M","R","BOSS","M","?","?","M","?","R","M","$","T","M","R","?","M","E","R","BOSS","R","$","E","BOSS"],"items_purchased_type":["Relic","Card"],"build_version":"2020-12-22","purchased_purges":3,"victory":true,"max_hp_per_floor":[70,70,70,70,70,70,70,70,70,70,70,70,70,70,70,70,70,70,70,70,78,78,78,78,78,78,78,78,78,86,94,94,94,94,98,106,106,110,114,114,114,114,114,118,118,118,134,134,134,138,138,138,138,138,138],"card_choices":[{"not_picked":["Boundary_ObjectiveBoundary_purple","Mirror_WaveAndshot_purple"],"picked":"AdvanceAttack_purple","floor":1.0},{"not_picked":["ExternalForce_HighSpeedFlying_purple","Bait_HighSpeedFlying_purple"],"picked":"MeetDecomposer_purple","floor":3.0},{"not_picked":["EighthInstrument_OneDividesIntoTwo_purple","DimensionStaggered_purple"],"picked":"ExternalForce_HighSpeedFlying_purple","floor":6.0},{"not_picked":["Realm_recovery_purpleEX","AdvanceAttack_purple","StateDuplicate_purple"],"picked":"SKIP","floor":7.0},{"not_picked":["Mirror_FormAndEmptin_purple","Nest_LightFlightworm_purple","Boundary_DreamRealityDamnation_purple"],"picked":"SKIP","floor":8.0},{"not_picked":["WingOfChimera_purple","SfantasyHide_purple"],"picked":"ExistenceContinue_purple","floor":10.0},{"not_picked":["Line_surface_state_purple","OmniscientAndOmnipotent_Monster_purple"],"picked":"Charmbait_purple","floor":14.0},{"not_picked":["WangLiang_OokamiKakushi_purple","BarrageBoundary_PipeDream_purple"],"picked":"GluttonyofRealm_purpleEX","floor":16.0},{"not_picked":["Anti_communist_purple","Extrememeaning_purpleEX","AdvanceAttack_purple"],"picked":"SKIP","floor":18.0},{"not_picked":["Realm_recovery_purpleEX+1","RuptureOfTimeAndSpace_purple+1"],"picked":"DimensionStaggered_purple+1","floor":21.0},{"not_picked":["Mirror_FourBoundary_purple+1","Bait_Toxicbait_purple","ExternalForce_HighSpeedFlying_purple"],"picked":"SKIP","floor":23.0},{"not_picked":["StateDuplicate_purple","Worldmountain_purple","AdvanceAttack_purple"],"picked":"SKIP","floor":29.0},{"not_picked":["MNeedle_purple","PurpleNeedle_purple","WingOfChimera_purple"],"picked":"SKIP","floor":30.0},{"not_picked":["Worldmountain_purple","Line_surface_state_purple"],"picked":"Boundary_LifeAndDeath_purple","floor":31.0},{"not_picked":["Computing_the_future_purpleEX+1","MagicEyes_LaplaceDemon_purple"],"picked":"Human_Monster_Realm_purple","floor":33.0},{"not_picked":["Erosivefilter_purple+1","SharpContractionReality_purple","StretchesForeverDream_purple+1"],"picked":"SKIP","floor":35.0},{"not_picked":["OmniscientAndOmnipotent_Monster_purple+1","Boundary_of_Extermination_purpleEX+1"],"picked":"ButterflyHabitatTemple_purple+1","floor":36.0},{"not_picked":["Mirror_Drifter_purple+1","WorldDissolvedintheRealm_purple+1"],"picked":"RuptureOfTimeAndSpace_purple+1","floor":38.0},{"not_picked":["Realm_recovery_purpleEX","Computing_the_future_purpleEX+1","Charmbait_purple+1"],"picked":"SKIP","floor":39.0},{"not_picked":["ExistenceContinue_purple+1","Line_surface_state_purple+1"],"picked":"StateErode_purple","floor":41.0},{"not_picked":["Umbrella_purple","Nest_LightFlightworm_purple+1"],"picked":"Fancifulhole_purple","floor":44.0},{"not_picked":["Shallow_ocean_purpleEX+1","Erosivefilter_purple+1","Line_surface_state_purple+1"],"picked":"SKIP","floor":47.0},{"not_picked":["OpenedBox_purple","Line_surface_state_purple+1","SharpContractionReality_purple+1"],"picked":"SKIP","floor":48},{"not_picked":["MeetDecomposer_purple","Shallow_ocean_purpleEX+1","Nest_LightFlightworm_purple+1"],"picked":"SKIP","floor":54}],"player_experience":109185,"relics_obtained":[{"floor":6.0,"key":"Dota2Spire:DrumOfEndurance"},{"floor":8.0,"key":"Blood Vial"},{"floor":9.0,"key":"Dota2Spire:ArcaneBoots"},{"floor":14.0,"key":"Eternal Feather"},{"floor":22.0,"key":"Anchor"},{"floor":23.0,"key":"Frozen Egg 2"},{"floor":48,"key":"Pen Nib"},{"floor":54,"key":"Toy Ornithopter"}],"event_choices":[],"is_beta":false,"boss_relics":[{"not_picked":["Busted Crown","Ectoplasm"],"picked":"vexMod:CursedCompass"},{"not_picked":["vexMod:MysteryBossChallenge","Velvet Choker"],"picked":"Fusion Hammer"}],"items_purged_floors":[24,42,53],"is_endless":false,"potions_floor_spawned":[3,7,16,23,29,31,35,38,48],"ascension_level":0}}