{"host":"0xu7235pdvcbtjbq","time":1610937446,"event":{"mods":["AchievementEnabler","BaseMod","Colored Map","Colored Powertips","Curses Come First","Minty Spire (QoL Compilation)","Permanent Neow","Relic Stats","StSLib"],"gold_per_floor":[113,127,127,138,153,188,208,236,236,291,291,303,330,348,348,451,451,451,451,451,451,451,451,451,451,451,451,7,7,7,7,7,7,7,7,7,7,7,7,7,7,7,7,7,7,7,7,7,7,7,7,7,7,7,7],"floor_reached":56,"language":"ENG","playtime":3934,"items_purged":["Strike_B"],"score":1959,"play_id":"3bef5960-3f1c-4bb9-a32c-e94fef75c799","local_time":"20210118123726","is_ascension_mode":true,"campfire_choices":[{"floor":11.0,"key":"REST"},{"data":"Beam Cell","floor":15.0,"key":"SMITH"},{"floor":25.0,"key":"REST"},{"floor":27.0,"key":"REST"},{"data":"Steam Power","floor":30.0,"key":"SMITH"},{"floor":32.0,"key":"REST"},{"data":"Apotheosis","floor":40.0,"key":"SMITH"},{"floor":42.0,"key":"RECALL"},{"data":"Fission","floor":49.0,"key":"SMITH"},{"floor":52.0,"key":"REST"}],"circlet_count":0,"master_deck":["AscendersBane","Strike_B","Defend_B","Defend_B","Defend_B","Defend_B","Zap","Dualcast","Gash","Gash","Melter","Beam Cell+1","Scrape","Machine Learning","Go for the Eyes","Gash","Genetic Algorithm","Undo","Core Surge","BootSequence","RitualDagger","Recycle","Skim+1","Steam Power+1","Necronomicurse","Self Repair","Apotheosis+1","Defragment","Fission+1","Scrape","Auto Shields","Steam","Force Field+1","Go for the Eyes+1","Compile Driver+1","Gash+1","Compile Driver+1"],"relics":["Cracked Core","Bag of Preparation","Shuriken","PreservedInsect","Akabeko","Happy Flower","Pen Nib","Ectoplasm","Necronomicon","Membership Card","Singing Bowl","Bottled Lightning","Nuclear Battery","Ornamental Fan","Gremlin Horn","Regal Pillow","Molten Egg 2","Symbiotic Virus"],"acts_visited":["Exordium","TheCity","TheBeyond","TheEnding"],"potions_floor_usage":[55,55,55],"damage_taken":[{"damage":7.0,"enemies":"2 Louse","floor":1.0,"turns":3.0},{"damage":1.0,"enemies":"Cultist","floor":2.0,"turns":3.0},{"damage":2.0,"enemies":"Small Slimes","floor":4.0,"turns":3.0},{"damage":2.0,"enemies":"Looter","floor":5.0,"turns":3.0},{"damage":25.0,"enemies":"Lagavulin","floor":6.0,"turns":6.0},{"damage":7.0,"enemies":"Exordium Wildlife","floor":7.0,"turns":3.0},{"damage":13.0,"enemies":"Gremlin Nob","floor":8.0,"turns":3.0},{"damage":0.0,"enemies":"3 Louse","floor":12.0,"turns":1.0},{"damage":0.0,"enemies":"Lagavulin","floor":13.0,"turns":2.0},{"damage":1.0,"enemies":"Looter","floor":14.0,"turns":2.0},{"damage":0.0,"enemies":"Slime Boss","floor":16.0,"turns":5.0},{"damage":2.0,"enemies":"Chosen","floor":18.0,"turns":3.0},{"damage":0.0,"enemies":"Spheric Guardian","floor":20.0,"turns":1.0},{"damage":8.0,"enemies":"Snake Plant","floor":21.0,"turns":4.0},{"damage":7.0,"enemies":"Shelled Parasite and Fungi","floor":22.0,"turns":4.0},{"damage":10.0,"enemies":"Cultist and Chosen","floor":23.0,"turns":4.0},{"damage":8.0,"enemies":"Gremlin Leader","floor":31.0,"turns":4.0},{"damage":42.0,"enemies":"Automaton","floor":33.0,"turns":7.0},{"damage":0.0,"enemies":"3 Darklings","floor":35.0,"turns":2.0},{"damage":0.0,"enemies":"Orb Walker","floor":37.0,"turns":3.0},{"damage":14.0,"enemies":"Jaw Worm Horde","floor":38.0,"turns":5.0},{"damage":0.0,"enemies":"Sphere and 2 Shapes","floor":39.0,"turns":5.0},{"damage":16.0,"enemies":"Giant Head","floor":41.0,"turns":6.0},{"damage":0.0,"enemies":"4 Shapes","floor":44.0,"turns":4.0},{"damage":0.0,"enemies":"3 Darklings","floor":45.0,"turns":4.0},{"damage":0.0,"enemies":"Nemesis","floor":46.0,"turns":3.0},{"damage":0.0,"enemies":"Giant Head","floor":48.0,"turns":5.0},{"damage":60.0,"enemies":"Awakened One","floor":50.0,"turns":12.0},{"damage":21.0,"enemies":"Shield and Spear","floor":54.0,"turns":4.0},{"damage":49,"enemies":"The Heart","floor":55,"turns":6}],"seed_played":"-8448525245086853484","potions_obtained":[{"floor":4.0,"key":"LiquidBronze"},{"floor":6.0,"key":"Dexterity Potion"},{"floor":8.0,"key":"SkillPotion"},{"floor":12.0,"key":"FairyPotion"},{"floor":22.0,"key":"Fire Potion"},{"floor":38.0,"key":"FairyPotion"},{"floor":54.0,"key":"EntropicBrew"}],"is_trial":false,"path_per_floor":["M","M","?","M","M","E","M","E","T","T","R","M","E","M","R","B",null,"M","?","M","M","M","M","?","R","T","R","$","?","R","E","R","B",null,"M","?","M","M","M","R","E","R","T","M","M","E","$","E","R","B",null,"R","$","E","B",null],"character_chosen":"DEFECT","items_purchased":["Membership Card","Self Repair","Apotheosis","Singing Bowl"],"campfire_rested":5,"item_purchase_floors":[28,28,28,28],"current_hp_per_floor":[61,60,60,58,56,31,24,11,11,11,33,33,33,32,32,32,64,62,56,56,48,41,31,15,37,37,59,59,45,45,47,71,39,70,80,80,82,78,82,82,76,76,76,84,84,86,86,86,86,36,74,86,86,75,36],"gold":7,"neow_bonus":"RANDOM_COMMON_RELIC","is_daily":false,"chose_seed":false,"campfire_upgraded":4,"win_rate":0.0,"timestamp":1610937446,"path_taken":["M","M","?","M","M","E","?","E","T","?","R","M","E","M","R","BOSS","M","?","M","M","M","M","?","R","T","R","?","?","R","E","R","BOSS","M","?","M","M","M","R","E","R","T","?","M","E","$","E","R","BOSS","R","$","E","BOSS"],"items_purchased_type":["Relic","Card","Card","Relic"],"build_version":"2020-12-22","purchased_purges":1,"victory":true,"max_hp_per_floor":[75,75,75,75,75,75,75,75,75,75,75,75,75,75,75,75,75,75,75,75,75,75,75,75,75,75,75,75,80,80,80,80,80,80,80,80,82,82,82,82,82,82,82,84,84,86,86,86,86,86,86,86,86,86,86],"relic_stats":{"Regal Pillow":0,"Happy Flower":[32],"Singing Bowl":6,"Gremlin Horn":[11,11],"counters":[30,120],"PreservedInsect":463,"Pen Nib":[28],"Bag of Preparation":[60],"Shuriken":[76],"Ornamental Fan":[128],"Ectoplasm":430,"Necronomicon":[0],"obtain_stats":[{"Regal Pillow":46,"Happy Flower":10,"Singing Bowl":28,"Gremlin Horn":43,"PreservedInsect":8,"Pen Nib":13,"Bag of Preparation":0,"Akabeko":9,"Nuclear Battery":34,"Shuriken":6,"Ornamental Fan":41,"Molten Egg 2":48,"Ectoplasm":17,"Necronomicon":24,"Membership Card":28,"Bottled Lightning":31,"Cracked Core":0,"Symbiotic Virus":54},{"Regal Pillow":26,"Happy Flower":7,"Singing Bowl":16,"Gremlin Horn":23,"PreservedInsect":7,"Pen Nib":9,"Bag of Preparation":0,"Akabeko":7,"Nuclear Battery":18,"Shuriken":5,"Ornamental Fan":23,"Molten Egg 2":27,"Ectoplasm":11,"Necronomicon":16,"Membership Card":16,"Bottled Lightning":17,"Cracked Core":0,"Symbiotic Virus":29},{"Regal Pillow":93,"Happy Flower":24,"Singing Bowl":50,"Gremlin Horn":82,"PreservedInsect":24,"Pen Nib":27,"Bag of Preparation":0,"Akabeko":24,"Nuclear Battery":61,"Shuriken":18,"Ornamental Fan":82,"Molten Egg 2":98,"Ectoplasm":34,"Necronomicon":50,"Membership Card":50,"Bottled Lightning":54,"Cracked Core":0,"Symbiotic Virus":114}]},"card_choices":[{"not_picked":["Rebound","Aggregate"],"picked":"Gash","floor":1.0},{"not_picked":["Beam Cell","Barrage"],"picked":"Gash","floor":2.0},{"not_picked":["Double Energy","Barrage"],"picked":"Melter","floor":4.0},{"not_picked":["Streamline","Rebound"],"picked":"Beam Cell","floor":5.0},{"not_picked":["Force Field","Beam Cell"],"picked":"Scrape","floor":6.0},{"not_picked":["Beam Cell","Fusion"],"picked":"Machine Learning","floor":7.0},{"not_picked":["Sweeping Beam","Machine Learning"],"picked":"Go for the Eyes","floor":8.0},{"not_picked":["Coolheaded","Rebound"],"picked":"Gash","floor":12.0},{"not_picked":["Fusion","Thunder Strike"],"picked":"Genetic Algorithm","floor":13.0},{"not_picked":["BootSequence","Conserve Battery"],"picked":"Undo","floor":14.0},{"not_picked":["Amplify","Buffer"],"picked":"Core Surge","floor":16.0},{"not_picked":["Darkness","Beam Cell+1"],"picked":"BootSequence","floor":18.0},{"not_picked":["Doom and Gloom","Hello World"],"picked":"Recycle","floor":20.0},{"not_picked":["Compile Driver","Barrage","Ball Lightning"],"picked":"SKIP","floor":21.0},{"not_picked":["Cold Snap","Undo"],"picked":"Skim+1","floor":22.0},{"not_picked":["Ball Lightning","Coolheaded"],"picked":"Steam Power","floor":23.0},{"not_picked":["Redo","Auto Shields"],"picked":"Defragment","floor":31.0},{"not_picked":["Rainbow","Electrodynamics"],"picked":"Fission","floor":33.0},{"not_picked":["Blizzard","Stack"],"picked":"Scrape","floor":35.0},{"not_picked":["Beam Cell","Conserve Battery","Rebound"],"picked":"Singing Bowl","floor":37.0},{"not_picked":["Heatsinks","Conserve Battery+1"],"picked":"Steam","floor":38.0},{"not_picked":["Consume+1","BootSequence+1"],"picked":"Force Field+1","floor":39.0},{"not_picked":["Conserve Battery+1","Turbo+1"],"picked":"Go for the Eyes+1","floor":41.0},{"not_picked":["Consume","Conserve Battery+1","Redo+1"],"picked":"Singing Bowl","floor":44.0},{"not_picked":["Melter","Go for the Eyes+1"],"picked":"Compile Driver+1","floor":45.0},{"not_picked":["Cold Snap+1","Go for the Eyes","Machine Learning"],"picked":"Singing Bowl","floor":46.0},{"not_picked":["Loop+1","Tempest+1"],"picked":"Gash+1","floor":48.0},{"not_picked":["FTL+1","Biased Cognition"],"picked":"Compile Driver+1","floor":54.0}],"player_experience":473445,"relics_obtained":[{"floor":6.0,"key":"Shuriken"},{"floor":8.0,"key":"PreservedInsect"},{"floor":9.0,"key":"Akabeko"},{"floor":10.0,"key":"Happy Flower"},{"floor":13.0,"key":"Pen Nib"},{"floor":24.0,"key":"Necronomicon"},{"floor":31.0,"key":"Bottled Lightning"},{"floor":41.0,"key":"Ornamental Fan"},{"floor":43.0,"key":"Gremlin Horn"},{"floor":46.0,"key":"Regal Pillow"},{"floor":48.0,"key":"Molten Egg 2"},{"floor":54.0,"key":"Symbiotic Virus"}],"event_choices":[{"cards_removed":["Strike_B"],"damage_healed":0.0,"max_hp_gain":0.0,"max_hp_loss":0.0,"gold_gain":0.0,"event_name":"Bonfire Elementals","player_choice":"Offered Basic","floor":3.0,"gold_loss":0.0,"damage_taken":0.0},{"damage_healed":0.0,"max_hp_gain":0.0,"max_hp_loss":0.0,"gold_gain":0.0,"event_name":"Nest","player_choice":"Joined the Cult","floor":19.0,"gold_loss":0.0,"damage_taken":6.0,"cards_obtained":["RitualDagger"]},{"damage_healed":0.0,"max_hp_gain":0.0,"max_hp_loss":0.0,"gold_gain":0.0,"event_name":"Cursed Tome","player_choice":"Obtained Book","floor":24.0,"gold_loss":0.0,"damage_taken":16.0},{"damage_healed":0.0,"max_hp_gain":5.0,"max_hp_loss":0.0,"gold_gain":0.0,"event_name":"Forgotten Altar","player_choice":"Shed Blood","floor":29.0,"gold_loss":0.0,"damage_taken":19.0},{"damage_healed":0.0,"max_hp_gain":0.0,"max_hp_loss":0.0,"gold_gain":0.0,"cards_transformed":["Strike_B"],"event_name":"Transmorgrifier","player_choice":"Transformed","floor":36.0,"gold_loss":0.0,"damage_taken":0.0,"cards_obtained":["Auto Shields"]}],"is_beta":false,"boss_relics":[{"not_picked":["Snecko Eye","Velvet Choker"],"picked":"Ectoplasm"},{"not_picked":["Runic Dome","Pandora\u0027s Box"],"picked":"Nuclear Battery"}],"items_purged_floors":[28],"is_endless":false,"potions_floor_spawned":[4,6,8,12,13,14,21,22,23,38,41,45,54],"ascension_level":10}}