{"host":"s41rn2jhghpwfrvz","time":1610984916,"event":{"mods":["BaseMod","Minty Spire (QoL Compilation)","Quick Restart","Relic Stats","SuperFastMode"],"gold_per_floor":[110,35,54,54,68,99,109,151,163,175,220,232,272,297,309,400,412,434,446,458,470,516,528,570,596,677,721,749,775,818,497,497,568,568,583,533,533,533,549,575,586,615,665,695,720,733,746,780,780,780,780,780,780,404,439,439],"floor_reached":57,"language":"ENG","playtime":1348,"items_purged":["Armaments","Armaments","Bloodletting"],"score":3991,"play_id":"db9e11dc-87fb-4292-9385-1422259c1dd7","local_time":"20210118174836","daily_mods":["SealedDeck","Vintage","DeadlyEvents"],"is_ascension_mode":true,"campfire_choices":[{"data":"Body Slam","floor":10,"key":"SMITH"},{"data":"Body Slam","floor":12,"key":"SMITH"},{"data":"Pommel Strike","floor":15,"key":"SMITH"},{"data":"Pommel Strike","floor":23,"key":"SMITH"},{"data":"Rage","floor":32,"key":"SMITH"},{"floor":49,"key":"RECALL"},{"data":"Disarm","floor":53,"key":"SMITH"}],"circlet_count":0,"master_deck":["AscendersBane","Disarm+1","Body Slam+1","Pommel Strike+1","Pommel Strike+1","Body Slam+1","Rage+1","Evolve","Master of Strategy+1"],"relics":["Burning Blood","Bronze Scales","Smiling Mask","Meat on the Bone","MawBank","Akabeko","Vajra","HornCleat","Unceasing Top","Calling Bell","Anchor","Kunai","Lizard Tail","Sundial","Turnip","Pantograph","White Beast Statue","CaptainsWheel","Blue Candle","Regal Pillow","Prayer Wheel","Toxic Egg 2","Potion Belt","Black Star","Eternal Feather","Bag of Marbles","Question Card","Bag of Preparation","Lantern","Self Forming Clay","Ornamental Fan","Pen Nib","Letter Opener","Omamori","Toy Ornithopter","Art of War","StrikeDummy","Bird Faced Urn","Mummified Hand","Magic Flower","Ice Cream","Happy Flower","Whetstone"],"acts_visited":["Exordium","TheCity","TheBeyond","TheEnding"],"potions_floor_usage":[56,56,56,56,56,56,56,56,56,56],"damage_taken":[{"damage":10,"enemies":"Jaw Worm","floor":1,"turns":3},{"damage":3,"enemies":"2 Louse","floor":3,"turns":2},{"damage":3,"enemies":"Cultist","floor":5,"turns":2},{"damage":6,"enemies":"Lagavulin","floor":6,"turns":4},{"damage":4,"enemies":"2 Fungi Beasts","floor":7,"turns":2},{"damage":6,"enemies":"Gremlin Nob","floor":8,"turns":3},{"damage":25,"enemies":"3 Sentries","floor":11,"turns":6},{"damage":27,"enemies":"Gremlin Nob","floor":13,"turns":3},{"damage":0,"enemies":"Large Slime","floor":14,"turns":3},{"damage":6,"enemies":"Hexaghost","floor":16,"turns":5},{"damage":3,"enemies":"Spheric Guardian","floor":18,"turns":1},{"damage":23,"enemies":"Slavers","floor":22,"turns":5},{"damage":0,"enemies":"Gremlin Leader","floor":24,"turns":4},{"damage":0,"enemies":"2 Thieves","floor":25,"turns":2},{"damage":10,"enemies":"Slavers","floor":27,"turns":4},{"damage":3,"enemies":"3 Cultists","floor":28,"turns":2},{"damage":6,"enemies":"Snake Plant","floor":29,"turns":2},{"damage":18,"enemies":"Gremlin Leader","floor":30,"turns":6},{"damage":3,"enemies":"Champ","floor":33,"turns":3},{"damage":0,"enemies":"Orb Walker","floor":35,"turns":2},{"damage":0,"enemies":"3 Shapes","floor":39,"turns":1},{"damage":0,"enemies":"Nemesis","floor":40,"turns":3},{"damage":0,"enemies":"Spire Growth","floor":41,"turns":1},{"damage":3,"enemies":"Giant Head","floor":42,"turns":1},{"damage":0,"enemies":"Reptomancer","floor":44,"turns":1},{"damage":0,"enemies":"Giant Head","floor":45,"turns":1},{"damage":0,"enemies":"Maw","floor":46,"turns":1},{"damage":0,"enemies":"Writhing Mass","floor":47,"turns":1},{"damage":0,"enemies":"Nemesis","floor":48,"turns":1},{"damage":0,"enemies":"Awakened One","floor":50,"turns":2},{"damage":0,"enemies":"Time Eater","floor":51,"turns":2},{"damage":0,"enemies":"Shield and Spear","floor":55,"turns":1},{"damage":2,"enemies":"The Heart","floor":56,"turns":4}],"seed_played":"4049303699957567386","potions_obtained":[{"floor":6,"key":"Energy Potion"},{"floor":7,"key":"Strength Potion"},{"floor":8,"key":"Dexterity Potion"},{"floor":27,"key":"DuplicationPotion"},{"floor":30,"key":"SkillPotion"},{"floor":33,"key":"LiquidBronze"},{"floor":39,"key":"LiquidMemories"},{"floor":40,"key":"EntropicBrew"},{"floor":55,"key":"Ancient Potion"}],"is_trial":true,"path_per_floor":["M","?","M","?","M","E","M","E","T","R","E","R","E","M","R","B",null,"M","?","?","T","E","R","E","M","T","E","M","M","E","$","R","B",null,"M","$","?","?","M","E","M","E","T","E","E","M","M","E","R","B","B",null,"R","$","E","B",null],"character_chosen":"IRONCLAD","items_purchased":["Evolve","Master of Strategy+1","Ice Cream"],"campfire_rested":0,"item_purchase_floors":[31,31,54],"current_hp_per_floor":[64,64,67,67,70,70,72,72,72,72,53,53,44,50,50,50,69,72,51,51,51,46,46,52,58,58,54,57,57,57,57,57,80,80,80,80,70,70,76,80,80,80,80,80,80,80,80,80,80,80,80,80,80,80,80,80],"gold":439,"neow_bonus":"","is_daily":false,"chose_seed":false,"campfire_upgraded":6,"win_rate":0.0,"timestamp":1610984916,"path_taken":["M","?","M","?","?","E","M","E","T","R","E","R","E","M","R","BOSS","M","?","?","?","?","R","E","M","T","E","M","?","E","$","R","BOSS","M","$","?","?","M","E","M","E","T","E","?","?","M","E","R","BOSS","BOSS","R","$","E","BOSS"],"items_purchased_type":["Card","Card","Relic"],"build_version":"2020-12-22","purchased_purges":3,"victory":true,"max_hp_per_floor":[75,75,75,75,75,75,75,75,75,75,75,75,75,75,75,75,75,75,80,80,80,80,80,80,80,80,80,80,80,80,80,80,80,80,80,80,80,80,80,80,80,80,80,80,80,80,80,80,80,80,80,80,80,80,80,80],"relic_stats":{"Regal Pillow":0,"Magic Flower":[0],"Bag of Preparation":[22],"Whetstone":[],"Smiling Mask":150,"Burning Blood":126,"Lizard Tail":0,"Sundial":[208],"Mummified Hand":[3],"Pantograph":23,"Prayer Wheel":0,"Kunai":[78],"Happy Flower":[1],"counters":[33,84],"Self Forming Clay":[0],"Blue Candle":[0],"Eternal Feather":0,"Pen Nib":[13],"Letter Opener":[46],"MawBank":288,"Question Card":5,"Ornamental Fan":[160],"Bronze Scales":[193],"Bird Faced Urn":[0],"Turnip":[4],"Black Star":6,"Art of War":[0],"obtain_stats":[{"Ice Cream":54,"Regal Pillow":27,"Lantern":41,"Vajra":11,"Magic Flower":48,"Bag of Preparation":40,"Whetstone":55,"Smiling Mask":3,"Burning Blood":0,"Lizard Tail":17,"HornCleat":13,"Sundial":18,"Mummified Hand":48,"Pantograph":22,"Prayer Wheel":28,"Kunai":17,"Toxic Egg 2":29,"Potion Belt":30,"Happy Flower":55,"Self Forming Clay":42,"Blue Candle":26,"Eternal Feather":35,"Pen Nib":43,"Omamori":44,"Letter Opener":44,"MawBank":7,"Question Card":40,"Akabeko":8,"White Beast Statue":24,"Calling Bell":17,"Anchor":17,"CaptainsWheel":25,"Ornamental Fan":42,"Bronze Scales":1,"Bird Faced Urn":47,"Turnip":21,"Black Star":34,"Bag of Marbles":39,"Art of War":45,"StrikeDummy":46,"Unceasing Top":14,"Toy Ornithopter":45,"Meat on the Bone":5},{"Ice Cream":31,"Regal Pillow":15,"Lantern":23,"Vajra":7,"Magic Flower":29,"Bag of Preparation":22,"Whetstone":32,"Smiling Mask":2,"Burning Blood":0,"Lizard Tail":10,"HornCleat":8,"Sundial":11,"Mummified Hand":29,"Pantograph":12,"Prayer Wheel":16,"Kunai":10,"Toxic Egg 2":17,"Potion Belt":18,"Happy Flower":32,"Self Forming Clay":24,"Blue Candle":14,"Eternal Feather":20,"Pen Nib":24,"Omamori":25,"Letter Opener":25,"MawBank":5,"Question Card":22,"Akabeko":6,"White Beast Statue":13,"Calling Bell":10,"Anchor":10,"CaptainsWheel":14,"Ornamental Fan":24,"Bronze Scales":1,"Bird Faced Urn":28,"Turnip":11,"Black Star":19,"Bag of Marbles":21,"Art of War":26,"StrikeDummy":27,"Unceasing Top":9,"Toy Ornithopter":26,"Meat on the Bone":3},{"Ice Cream":79,"Regal Pillow":49,"Lantern":69,"Vajra":22,"Magic Flower":75,"Bag of Preparation":68,"Whetstone":80,"Smiling Mask":5,"Burning Blood":0,"Lizard Tail":33,"HornCleat":25,"Sundial":34,"Mummified Hand":75,"Pantograph":39,"Prayer Wheel":51,"Kunai":33,"Toxic Egg 2":53,"Potion Belt":59,"Happy Flower":80,"Self Forming Clay":70,"Blue Candle":45,"Eternal Feather":64,"Pen Nib":70,"Omamori":71,"Letter Opener":71,"MawBank":13,"Question Card":68,"Akabeko":16,"White Beast Statue":43,"Calling Bell":33,"Anchor":33,"CaptainsWheel":45,"Ornamental Fan":70,"Bronze Scales":3,"Bird Faced Urn":74,"Turnip":34,"Black Star":62,"Bag of Marbles":65,"Art of War":72,"StrikeDummy":73,"Unceasing Top":28,"Toy Ornithopter":72,"Meat on the Bone":7}],"Unceasing Top":[1],"Toy Ornithopter":0,"Meat on the Bone":36},"card_choices":[{"not_picked":["Spot Weakness","Rampage"],"picked":"Rage","floor":6},{"not_picked":["Rage","Searing Blow","Heavy Blade"],"picked":"SKIP","floor":8},{"not_picked":["Flex","Seeing Red","Bloodletting"],"picked":"SKIP","floor":11},{"not_picked":["Havoc","Dual Wield","Warcry"],"picked":"SKIP","floor":13},{"not_picked":["Bloodletting","Spot Weakness","Inflame"],"picked":"SKIP","floor":22},{"not_picked":["Infernal Blade","Impervious","Immolate"],"picked":"SKIP","floor":24},{"not_picked":["Rage","Heavy Blade","Bloodletting"],"picked":"SKIP","floor":27},{"not_picked":["Seeing Red+1","Heavy Blade","Fire Breathing"],"picked":"SKIP","floor":30},{"not_picked":["Fire Breathing","Sword Boomerang","Evolve"],"picked":"SKIP","floor":40},{"not_picked":["Clash","Disarm+1","Wild Strike","Headbutt+1"],"picked":"SKIP","floor":42},{"not_picked":["Sentinel+1","Havoc+1","Wild Strike+1","Ghostly Armor+1"],"picked":"SKIP","floor":44},{"not_picked":["Perfected Strike","Sever Soul","Shrug It Off+1","Warcry+1"],"picked":"SKIP","floor":45},{"not_picked":["Exhume+1","Searing Blow+1","Thunderclap+1","Armaments+1"],"picked":"SKIP","floor":48},{"not_picked":["Pommel Strike+1","Flex+1","Clash+1","Inflame"],"picked":"SKIP","floor":55}],"player_experience":1791759,"relics_obtained":[{"floor":1,"key":"Bronze Scales"},{"floor":3,"key":"Smiling Mask"},{"floor":5,"key":"Meat on the Bone"},{"floor":7,"key":"MawBank"},{"floor":8,"key":"Akabeko"},{"floor":11,"key":"Vajra"},{"floor":13,"key":"HornCleat"},{"floor":14,"key":"Unceasing Top"},{"floor":17,"key":"Anchor"},{"floor":17,"key":"Kunai"},{"floor":17,"key":"Lizard Tail"},{"floor":18,"key":"Sundial"},{"floor":21,"key":"Turnip"},{"floor":22,"key":"Pantograph"},{"floor":24,"key":"White Beast Statue"},{"floor":25,"key":"CaptainsWheel"},{"floor":26,"key":"Blue Candle"},{"floor":27,"key":"Regal Pillow"},{"floor":28,"key":"Prayer Wheel"},{"floor":29,"key":"Toxic Egg 2"},{"floor":30,"key":"Potion Belt"},{"floor":35,"key":"Eternal Feather"},{"floor":39,"key":"Bag of Marbles"},{"floor":40,"key":"Question Card"},{"floor":40,"key":"Bag of Preparation"},{"floor":41,"key":"Lantern"},{"floor":42,"key":"Self Forming Clay"},{"floor":42,"key":"Ornamental Fan"},{"floor":43,"key":"Pen Nib"},{"floor":44,"key":"Letter Opener"},{"floor":44,"key":"Omamori"},{"floor":45,"key":"Toy Ornithopter"},{"floor":45,"key":"Art of War"},{"floor":46,"key":"StrikeDummy"},{"floor":47,"key":"Bird Faced Urn"},{"floor":48,"key":"Mummified Hand"},{"floor":48,"key":"Magic Flower"},{"floor":55,"key":"Happy Flower"},{"floor":55,"key":"Whetstone"}],"event_choices":[{"cards_removed":["Body Slam"],"damage_healed":0,"gold_gain":0,"player_choice":"Card Removal","damage_taken":0,"max_hp_gain":0,"max_hp_loss":0,"event_name":"The Cleric","floor":2,"gold_loss":75},{"damage_healed":0,"gold_gain":0,"player_choice":"0 cards matched","damage_taken":0,"max_hp_gain":0,"max_hp_loss":0,"event_name":"Match and Keep!","floor":4,"gold_loss":0,"cards_obtained":[]},{"damage_healed":0,"gold_gain":0,"player_choice":"Shed Blood","damage_taken":26,"max_hp_gain":5,"max_hp_loss":0,"event_name":"Forgotten Altar","floor":19,"gold_loss":0},{"damage_healed":0,"gold_gain":0,"player_choice":"Ignored","damage_taken":0,"max_hp_gain":0,"max_hp_loss":0,"event_name":"Vampires","floor":20,"gold_loss":0},{"damage_healed":0,"gold_gain":0,"player_choice":"Memory 3","damage_taken":10,"max_hp_gain":0,"max_hp_loss":0,"event_name":"SensoryStone","floor":37,"gold_loss":0},{"cards_removed":["Body Slam"],"damage_healed":0,"gold_gain":0,"player_choice":"Card Removal","damage_taken":0,"max_hp_gain":0,"max_hp_loss":0,"event_name":"Wheel of Change","floor":38,"gold_loss":0}],"is_beta":false,"boss_relics":[{"not_picked":["Runic Dome","Velvet Choker"],"picked":"Calling Bell"},{"not_picked":["Black Blood","Snecko Eye"],"picked":"Black Star"}],"items_purged_floors":[31,36,54],"is_endless":false,"potions_floor_spawned":[6,7,8,16,18,25,27,28,29,30,33,35,39,40,41,42,44,45,46,47,48,55],"ascension_level":20}}