{"host":"8a3jzv7qxg3y7b6t","time":1610949292,"event":{"mods":["BaseMod","Better Third Choice","Downfall","Hermit","Minty Spire (QoL Compilation)","Relic Stats","StSLib","The Bug Knight","The Cursed"],"gold_per_floor":[110,110,121,121,135,9,9,9,62,78,91,102,133,205,205,309,309,320,336,1,1,1,34,53,53,53,53,85,98,130,130,130,233,233,253,264,314,327,327,353,364,364,388,416,416,436,461,477,477,477,477],"floor_reached":50,"language":"ENG","playtime":2999,"items_purged":[],"score":676,"play_id":"fbcb2d23-2956-467f-afb9-ad4cc9016db4","local_time":"20210117215452","is_ascension_mode":true,"campfire_choices":[{"floor":7,"key":"RECALL"},{"data":"Noxious Fumes","floor":15,"key":"SMITH"},{"floor":27,"key":"REST"},{"floor":32,"key":"REST"},{"floor":42,"key":"REST"},{"floor":45,"key":"REST"},{"floor":49,"key":"REST"}],"circlet_count":0,"master_deck":["Strike_G","Strike_G","Strike_G","Strike_G","Strike_G","Defend_G","Defend_G","Defend_G+1","Defend_G+1","Defend_G","Survivor","Neutralize","Finisher+1","After Image","Poisoned Stab","Noxious Fumes+1","Blade Dance","Sucker Punch","Cloak And Dagger","Riddle With Holes","Cloak And Dagger","Die Die Die","Infinite Blades","Mayhem","Caltrops+1","Deflect","Well Laid Plans+1","Blur","Blade Dance+1","Cloak And Dagger+1","Parasite","Footwork","Writhe","Quick Slash+1","Slice+1","Dodge and Roll"],"relics":["Ring of the Snake","Bag of Preparation","Anchor","Ornamental Fan","Sundial","Sozu","Snake Skull","MutagenicStrength","Juzu Bracelet","Pen Nib","Bag of Marbles","MealTicket","betterThird:NestCultRelic","expansioncontent:StudyCardRelic","Du-Vu Doll","TungstenRod","Lantern","War Paint","Bronze Scales"],"acts_visited":["Exordium","TheCity","TheBeyond"],"potions_floor_usage":[13,16,23,47],"damage_taken":[{"damage":7,"enemies":"Jaw Worm","floor":1,"turns":5},{"damage":0,"enemies":"2 Louse","floor":3,"turns":1},{"damage":0,"enemies":"Cultist","floor":5,"turns":4},{"damage":16,"enemies":"Large Slime","floor":10,"turns":4},{"damage":0,"enemies":"3 Louse","floor":11,"turns":2},{"damage":2,"enemies":"2 Fungi Beasts","floor":12,"turns":4},{"damage":13,"enemies":"Lagavulin","floor":13,"turns":6},{"damage":4,"enemies":"Hexaghost","floor":16,"turns":9},{"damage":0,"enemies":"3 Byrds","floor":18,"turns":3},{"damage":0,"enemies":"Shell Parasite","floor":19,"turns":4},{"damage":25,"enemies":"Slavers","floor":23,"turns":5},{"damage":10,"enemies":"Cultist and Chosen","floor":24,"turns":5},{"damage":10,"enemies":"Book of Stabbing","floor":28,"turns":5},{"damage":0,"enemies":"Snake Plant","floor":29,"turns":3},{"damage":14,"enemies":"Gremlin Leader","floor":30,"turns":5},{"damage":17,"enemies":"Champ","floor":33,"turns":8},{"damage":0,"enemies":"Orb Walker","floor":35,"turns":1},{"damage":29,"enemies":"3 Darklings","floor":36,"turns":4},{"damage":7,"enemies":"Mind Bloom Boss Battle","floor":37,"turns":6},{"damage":7,"enemies":"Writhing Mass","floor":38,"turns":5},{"damage":15,"enemies":"Nemesis","floor":40,"turns":5},{"damage":15,"enemies":"Sphere and 2 Shapes","floor":41,"turns":6},{"damage":27,"enemies":"Giant Head","floor":44,"turns":6},{"damage":21,"enemies":"Spire Growth","floor":46,"turns":3},{"damage":25,"enemies":"HollowMod:StalkingDevout","floor":47,"turns":5},{"damage":16,"enemies":"Maw","floor":48,"turns":6},{"damage":34,"enemies":"Donu and Deca","floor":50,"turns":3}],"seed_played":"6004974969571648219","potions_obtained":[{"floor":5,"key":"LiquidBronze"},{"floor":10,"key":"FearPotion"},{"floor":13,"key":"FearPotion"},{"floor":16,"key":"Fire Potion"}],"is_trial":false,"path_per_floor":["M","?","M","?","M","$","R","$","T","M","M","M","E","T","R","B",null,"M","M","$","?","$","E","M","?","T","R","E","M","E","?","R","B",null,"M","M","?","M","?","E","M","R","T","E","R","M","E","M","R","B"],"character_chosen":"THE_SILENT","items_purchased":["Noxious Fumes","Blade Dance","Snake Skull","Mayhem"],"campfire_rested":5,"item_purchase_floors":[6,6,20,20],"current_hp_per_floor":[63,63,63,45,45,45,45,45,45,29,29,27,14,14,14,10,70,70,70,70,70,70,45,35,22,22,44,34,34,20,20,42,25,75,75,46,39,32,51,36,21,43,43,16,38,17,20,4,26,0,0],"gold":477,"neow_bonus":"RANDOM_COMMON_RELIC","is_daily":false,"chose_seed":false,"campfire_upgraded":1,"win_rate":0.0,"timestamp":1610949292,"path_taken":["M","?","M","?","M","$","R","$","T","M","M","M","E","?","R","BOSS","M","M","?","?","$","E","M","?","T","R","E","M","E","?","R","BOSS","M","M","?","M","?","E","M","R","T","E","R","M","E","M","R","BOSS"],"items_purchased_type":["Card","Card","Relic","Card"],"build_version":"2020-12-22","purchased_purges":0,"victory":false,"max_hp_per_floor":[70,70,70,70,70,70,70,70,70,70,70,70,70,70,70,70,70,70,70,70,70,70,70,70,75,75,75,75,75,75,75,75,75,75,75,75,75,75,75,75,75,75,75,75,75,75,75,75,75,75,75],"relic_stats":{"counters":[27,123],"Snake Skull":[56],"Pen Nib":[20],"Bag of Preparation":[54],"Juzu Bracelet":0,"War Paint":["Defend_G","Defend_G"],"Sozu":8,"Ornamental Fan":[288],"Sundial":[6],"Bronze Scales":[27],"MealTicket":0,"obtain_stats":[{"Lantern":43,"Snake Skull":20,"Pen Nib":26,"betterThird:NestCultRelic":31,"Bag of Preparation":0,"Juzu Bracelet":23,"expansioncontent:StudyCardRelic":34,"War Paint":44,"Sozu":17,"Du-Vu Doll":37,"Anchor":4,"Ornamental Fan":13,"Sundial":14,"MutagenicStrength":21,"Bronze Scales":47,"MealTicket":30,"Bag of Marbles":28,"TungstenRod":40,"Ring of the Snake":0},{"Lantern":22,"Snake Skull":10,"Pen Nib":12,"betterThird:NestCultRelic":15,"Bag of Preparation":0,"Juzu Bracelet":11,"expansioncontent:StudyCardRelic":16,"War Paint":23,"Sozu":8,"Du-Vu Doll":19,"Anchor":2,"Ornamental Fan":7,"Sundial":7,"MutagenicStrength":10,"Bronze Scales":25,"MealTicket":15,"Bag of Marbles":13,"TungstenRod":21,"Ring of the Snake":0},{"Lantern":100,"Snake Skull":42,"Pen Nib":52,"betterThird:NestCultRelic":65,"Bag of Preparation":0,"Juzu Bracelet":47,"expansioncontent:StudyCardRelic":73,"War Paint":106,"Sozu":35,"Du-Vu Doll":84,"Anchor":6,"Ornamental Fan":26,"Sundial":26,"MutagenicStrength":42,"Bronze Scales":114,"MealTicket":65,"Bag of Marbles":57,"TungstenRod":94,"Ring of the Snake":0}],"TungstenRod":16,"Ring of the Snake":[54]},"card_choices":[{"not_picked":["Dodge and Roll","Slice"],"picked":"Finisher","floor":1},{"not_picked":["Acrobatics","Dodge and Roll"],"picked":"After Image","floor":3},{"not_picked":["Leg Sweep","Dagger Spray"],"picked":"Poisoned Stab","floor":5},{"not_picked":["Flying Knee","Outmaneuver"],"picked":"Sucker Punch","floor":10},{"not_picked":["Backflip","Reflex"],"picked":"Cloak And Dagger","floor":11},{"not_picked":["Leg Sweep","Eviscerate"],"picked":"Riddle With Holes","floor":12},{"not_picked":["Dash","Doppelganger"],"picked":"Cloak And Dagger","floor":13},{"not_picked":["Wraith Form v2","Glass Knife"],"picked":"Die Die Die","floor":16},{"not_picked":["Choke+1","Flechettes+1"],"picked":"Infinite Blades","floor":18},{"not_picked":["Underhanded Strike","Dodge and Roll","Backflip"],"picked":"SKIP","floor":19},{"not_picked":["Terror","Cloak And Dagger"],"picked":"Caltrops+1","floor":23},{"not_picked":["Night Terror","PiercingWail+1","Bouncing Flask"],"picked":"SKIP","floor":24},{"not_picked":["Quick Slash","Dagger Throw"],"picked":"Deflect","floor":28},{"not_picked":["Backflip","Heel Hook"],"picked":"Well Laid Plans+1","floor":29},{"not_picked":["Quick Slash","Flechettes"],"picked":"Blur","floor":30},{"not_picked":["Dagger Spray+1","Calculated Gamble","Deadly Poison+1"],"picked":"SKIP","floor":35},{"not_picked":["Deadly Poison+1","Deflect"],"picked":"Blade Dance+1","floor":36},{"not_picked":["Flying Knee+1","PiercingWail+1"],"picked":"Cloak And Dagger+1","floor":37},{"not_picked":["Die Die Die","All Out Attack"],"picked":"Footwork","floor":38},{"not_picked":["Distraction","Backflip+1","Concentrate+1"],"picked":"SKIP","floor":40},{"not_picked":["Setup+1","Dagger Throw"],"picked":"Quick Slash+1","floor":41},{"not_picked":["Wraith Form v2","Deadly Poison+1"],"picked":"Slice+1","floor":44},{"not_picked":["Setup","Flying Knee","Escape Plan"],"picked":"SKIP","floor":46},{"not_picked":["Dagger Spray+1","Acrobatics","Deadly Poison+1"],"picked":"SKIP","floor":47},{"not_picked":["Poisoned Stab","Well Laid Plans"],"picked":"Dodge and Roll","floor":48}],"player_experience":606408,"relics_obtained":[{"floor":13,"key":"Ornamental Fan"},{"floor":14,"key":"Sundial"},{"floor":23,"key":"Juzu Bracelet"},{"floor":26,"key":"Pen Nib"},{"floor":28,"key":"Bag of Marbles"},{"floor":30,"key":"MealTicket"},{"floor":37,"key":"Du-Vu Doll"},{"floor":40,"key":"TungstenRod"},{"floor":43,"key":"Lantern"},{"floor":44,"key":"War Paint"},{"floor":47,"key":"Bronze Scales"}],"event_choices":[{"damage_healed":0,"gold_gain":0,"player_choice":"Grow","damage_taken":0,"max_hp_gain":0,"max_hp_loss":0,"event_name":"Living Wall","floor":2,"gold_loss":0,"cards_upgraded":["Finisher"]},{"damage_healed":0,"gold_gain":0,"player_choice":"Relic ","damage_taken":18,"max_hp_gain":0,"max_hp_loss":0,"event_name":"betterThird:BetterScrap","floor":4,"gold_loss":0,"cards_obtained":["Brilliance"]},{"damage_healed":0,"gold_gain":0,"player_choice":"Inject Mutagens","damage_taken":0,"relics_obtained":["MutagenicStrength"],"max_hp_gain":0,"max_hp_loss":0,"event_name":"Drug Dealer","floor":21,"gold_loss":0},{"damage_healed":0,"gold_gain":0,"player_choice":"Shed Blood","damage_taken":18,"max_hp_gain":5,"max_hp_loss":0,"event_name":"Forgotten Altar","floor":25,"gold_loss":0},{"damage_healed":0,"gold_gain":0,"player_choice":"Madness","damage_taken":0,"relics_obtained":["betterThird:NestCultRelic"],"max_hp_gain":0,"max_hp_loss":0,"event_name":"betterThird:BetterNest","floor":31,"gold_loss":0},{"damage_healed":0,"gold_gain":0,"player_choice":"Fight","damage_taken":0,"max_hp_gain":0,"max_hp_loss":0,"event_name":"MindBloom","floor":37,"gold_loss":0},{"damage_healed":19,"gold_gain":0,"player_choice":"Writhe","damage_taken":0,"max_hp_gain":0,"max_hp_loss":0,"event_name":"Winding Halls","floor":39,"gold_loss":0,"cards_obtained":["Writhe"]}],"is_beta":false,"boss_relics":[{"not_picked":["Runic Pyramid","Coffee Dripper"],"picked":"Sozu"},{"not_picked":["bronze:MakeshiftBattery","Astrolabe"],"picked":"expansioncontent:StudyCardRelic"}],"items_purged_floors":[],"is_endless":false,"potions_floor_spawned":[5,10,13,16,23,29,33,37,41,44,47,48],"killed_by":"Donu and Deca","ascension_level":2}}