{"host":"dmp5wkeaoxsk0qwa","time":1610960991,"event":{"mods":["AchievementEnabler","BaseMod","BetterRewards","Colored Map","Colored Powertips","Minty Spire (QoL Compilation)","Permanent Neow","Quick Restart","Shop Mod","StSLib"],"gold_per_floor":[114,114,114,129,204,204,218,239,239,239,283,88,88,127,127,127,127],"floor_reached":16,"language":"ENG","playtime":715,"items_purged":[],"score":108,"play_id":"edee8d99-d5f8-4a0b-9b0d-d7885d0f9b12","local_time":"20210118100951","is_ascension_mode":false,"campfire_choices":[{"data":"Clothesline","floor":6,"key":"SMITH"},{"floor":10,"key":"REST"},{"floor":13,"key":"REST"},{"floor":15,"key":"RECALL"}],"circlet_count":0,"master_deck":["Strike_R","Strike_R","Strike_R","Strike_R","Strike_R","Defend_R","Defend_R","Defend_R","Defend_R","Bash","Heavy Blade","Clothesline+1","Headbutt","Whirlwind","Heavy Blade","Flex","Shockwave"],"relics":["Burning Blood","NeowsBlessing","Golden Idol","Bird Faced Urn","Sling","Potion Belt"],"acts_visited":["Exordium"],"potions_floor_usage":[11,11,15],"damage_taken":[{"damage":0,"enemies":"Small Slimes","floor":1,"turns":1},{"damage":0,"enemies":"2 Louse","floor":4,"turns":2},{"damage":0,"enemies":"Cultist","floor":7,"turns":1},{"damage":15,"enemies":"Red Slaver","floor":8,"turns":3},{"damage":42,"enemies":"Lagavulin","floor":11,"turns":8},{"damage":45,"enemies":"3 Sentries","floor":14,"turns":7},{"damage":56,"enemies":"Slime Boss","floor":16,"turns":6}],"seed_played":"8185504342105325876","potions_obtained":[{"floor":4,"key":"DuplicationPotion"},{"floor":11,"key":"Fruit Juice"},{"floor":14,"key":"BloodPotion"}],"is_trial":false,"path_per_floor":["M","$","?","M","?","R","M","M","T","R","E","$","R","E","R","B"],"character_chosen":"IRONCLAD","items_purchased":["Sling","Flex"],"campfire_rested":2,"item_purchase_floors":[12,12],"current_hp_per_floor":[80,80,60,66,58,58,64,55,55,79,48,48,73,34,51,0,0],"gold":127,"neow_bonus":"THREE_ENEMY_KILL","is_daily":false,"chose_seed":false,"campfire_upgraded":1,"win_rate":0.0,"timestamp":1610960991,"path_taken":["M","$","?","M","?","R","?","M","T","R","E","$","R","E","R","BOSS"],"items_purchased_type":["Relic","Card"],"build_version":"2020-12-22","purchased_purges":0,"victory":false,"max_hp_per_floor":[80,80,80,80,80,80,80,80,80,80,85,85,85,85,85,85,85],"card_choices":[{"not_picked":["Flex","Clothesline"],"picked":"Heavy Blade","floor":1},{"not_picked":["Blood for Blood","Headbutt"],"picked":"Clothesline","floor":4},{"not_picked":["Iron Wave","Body Slam"],"picked":"Headbutt","floor":7},{"not_picked":["Fire Breathing","Wild Strike"],"picked":"Whirlwind","floor":8},{"not_picked":["Flame Barrier","Whirlwind"],"picked":"Heavy Blade","floor":11},{"not_picked":["True Grit","Burning Pact"],"picked":"Shockwave","floor":14}],"player_experience":57323,"relics_obtained":[{"floor":11,"key":"Bird Faced Urn"},{"floor":14,"key":"Potion Belt"}],"event_choices":[{"damage_healed":0,"gold_gain":0,"player_choice":"Take Damage","damage_taken":20,"relics_obtained":["Golden Idol"],"max_hp_gain":0,"max_hp_loss":0,"event_name":"Golden Idol","floor":3,"gold_loss":0},{"damage_healed":0,"gold_gain":75,"player_choice":"Touch","damage_taken":8,"max_hp_gain":0,"max_hp_loss":0,"event_name":"FaceTrader","floor":5,"gold_loss":0}],"is_beta":false,"boss_relics":[],"items_purged_floors":[],"is_endless":false,"potions_floor_spawned":[4,11,14],"killed_by":"Slime Boss","ascension_level":0}}