{"host":"g2yp6paluzgljz05","time":1610963163,"event":{"mods":["BaseMod","Bestiary","Colored Powertips","DeckTracker","Highlight Path","Minty Spire (QoL Compilation)","Quick Restart"],"gold_per_floor":[109,109,120,195,41,41,68,68,146,146,164,64,77,77,77,175,175,192,205,205,205,80,80,115,126,126,145,177,177,177,187,187,292,292,304,304,320,71,89,109,109,109,109,109,124,124,124,124],"floor_reached":47,"language":"ENG","playtime":2267,"items_purged":["Strike_R","Strike_R","Strike_R"],"score":586,"play_id":"b93de444-54e4-4214-8548-bc0d249ce80f","local_time":"20210118204603","is_ascension_mode":true,"campfire_choices":[{"data":"Heavy Blade","floor":6,"key":"SMITH"},{"floor":8,"key":"REST"},{"data":"Inflame","floor":10,"key":"SMITH"},{"data":"Enlightenment","floor":15,"key":"SMITH"},{"data":"Demon Form","floor":23,"key":"SMITH"},{"floor":30,"key":"REST"},{"floor":32,"key":"REST"},{"floor":41,"key":"REST"},{"floor":44,"key":"REST"}],"circlet_count":0,"master_deck":["Defend_R","Defend_R","Defend_R","Bash","Enlightenment+1","Headbutt+1","Bash+1","Heavy Blade+1","Inflame+1","Spot Weakness","Seeing Red","Demon Form+1","Headbutt+1","Dropkick","Havoc","Shrug It Off","Dark Embrace+1","True Grit+1"],"relics":["Burning Blood","Incense Burner","Dead Branch","HornCleat","Sozu","Whetstone","Singing Bowl","Red Skull","Empty Cage","Shuriken"],"acts_visited":["Exordium","TheCity","TheBeyond"],"potions_floor_usage":[33,40],"damage_taken":[{"damage":14,"enemies":"Jaw Worm","floor":1,"turns":3},{"damage":6,"enemies":"Cultist","floor":3,"turns":3},{"damage":26,"enemies":"Gremlin Nob","floor":7,"turns":4},{"damage":10,"enemies":"Small Slimes","floor":11,"turns":3},{"damage":10,"enemies":"Exordium Thugs","floor":13,"turns":4},{"damage":12,"enemies":"Slime Boss","floor":16,"turns":8},{"damage":19,"enemies":"Spheric Guardian","floor":18,"turns":4},{"damage":14,"enemies":"3 Byrds","floor":19,"turns":4},{"damage":12,"enemies":"Book of Stabbing","floor":24,"turns":4},{"damage":9,"enemies":"Cultist and Chosen","floor":25,"turns":4},{"damage":14,"enemies":"Shelled Parasite and Fungi","floor":27,"turns":3},{"damage":28,"enemies":"Gremlin Leader","floor":28,"turns":3},{"damage":0,"enemies":"Snake Plant","floor":31,"turns":2},{"damage":47,"enemies":"Automaton","floor":33,"turns":6},{"damage":14,"enemies":"3 Shapes","floor":35,"turns":3},{"damage":59,"enemies":"3 Darklings","floor":37,"turns":6},{"damage":0,"enemies":"Spire Growth","floor":39,"turns":2},{"damage":23,"enemies":"Maw","floor":40,"turns":5},{"damage":22,"enemies":"Jaw Worm Horde","floor":45,"turns":4},{"damage":46,"enemies":"Awakened One","floor":47,"turns":2}],"seed_played":"6259452132124190062","potions_obtained":[{"floor":1,"key":"Swift Potion"},{"floor":7,"key":"Weak Potion"},{"floor":13,"key":"SteroidPotion"}],"is_trial":false,"path_per_floor":["M","?","M","?","$","R","E","R","T","R","M","$","M","?","R","B",null,"M","M","?","?","$","R","E","M","T","M","E","?","R","M","R","B",null,"M","?","M","$","M","M","R","?","T","R","M","?","B"],"character_chosen":"IRONCLAD","items_purchased":["Inflame","Shuriken"],"campfire_rested":5,"item_purchase_floors":[5,38],"current_hp_per_floor":[64,64,64,53,53,53,33,54,54,54,50,50,46,46,46,40,72,59,51,51,51,51,51,45,42,42,36,16,16,38,44,66,27,78,70,70,19,19,27,12,36,36,36,60,44,44,0,0],"gold":124,"neow_bonus":"ONE_RARE_RELIC","is_daily":false,"chose_seed":false,"campfire_upgraded":4,"win_rate":0.0,"timestamp":1610963163,"path_taken":["M","?","?","?","$","R","E","R","T","R","M","?","M","?","R","BOSS","M","M","?","?","$","R","E","?","T","M","E","?","R","M","R","BOSS","M","?","M","$","M","M","R","?","T","R","M","?","BOSS"],"items_purchased_type":["Card","Relic"],"build_version":"2020-12-22","purchased_purges":3,"victory":false,"max_hp_per_floor":[72,72,72,72,72,72,72,72,72,72,72,72,72,72,72,72,72,72,72,72,72,72,72,72,72,72,74,76,76,76,76,76,78,78,78,74,76,76,78,80,80,80,80,80,80,80,80,80],"card_choices":[{"not_picked":["Wild Strike","Seeing Red"],"picked":"Entrench","floor":1},{"not_picked":["Rupture","Anger"],"picked":"Heavy Blade","floor":3},{"not_picked":["Thunderclap","Berserk"],"picked":"Spot Weakness","floor":7},{"not_picked":["Clothesline","Warcry"],"picked":"Seeing Red","floor":11},{"not_picked":["Metallicize","Pummel","Warcry"],"picked":"SKIP","floor":13},{"not_picked":["Immolate","Bludgeon"],"picked":"Demon Form","floor":16},{"not_picked":["Anger+1","Armaments"],"picked":"Headbutt+1","floor":18},{"not_picked":["Evolve","Heavy Blade"],"picked":"Dropkick","floor":19},{"not_picked":["Clothesline+1","Thunderclap+1","Flame Barrier"],"picked":"SKIP","floor":24},{"not_picked":["Twin Strike+1","Thunderclap","Searing Blow+1"],"picked":"SKIP","floor":25},{"not_picked":["Carnage","Armaments","True Grit"],"picked":"Singing Bowl","floor":27},{"not_picked":["Disarm","Havoc","Flame Barrier"],"picked":"Singing Bowl","floor":28},{"not_picked":["Fire Breathing+1","Shockwave"],"picked":"Shrug It Off","floor":31},{"not_picked":["Exhume","Brutality","Juggernaut"],"picked":"Singing Bowl","floor":33},{"not_picked":["Sword Boomerang","Twin Strike"],"picked":"Dark Embrace+1","floor":35},{"not_picked":["Thunderclap","Rampage+1","Reckless Charge+1"],"picked":"Singing Bowl","floor":37},{"not_picked":["Flex","Anger+1","Iron Wave"],"picked":"Singing Bowl","floor":39},{"not_picked":["Seeing Red","Sword Boomerang","Dropkick+1"],"picked":"Singing Bowl","floor":40},{"not_picked":["Infernal Blade","Pommel Strike+1"],"picked":"True Grit+1","floor":45}],"player_experience":214497,"relics_obtained":[{"floor":7,"key":"Dead Branch"},{"floor":9,"key":"HornCleat"},{"floor":24,"key":"Whetstone"},{"floor":26,"key":"Singing Bowl"},{"floor":28,"key":"Red Skull"}],"event_choices":[{"damage_healed":0,"gold_gain":0,"player_choice":"3 cards matched","damage_taken":0,"max_hp_gain":0,"max_hp_loss":0,"event_name":"Match and Keep!","floor":2,"gold_loss":0,"cards_obtained":["Enlightenment","Headbutt","Bash"]},{"damage_healed":0,"gold_gain":75,"player_choice":"Gather Gold","damage_taken":11,"max_hp_gain":0,"max_hp_loss":0,"event_name":"World of Goop","floor":4,"gold_loss":0},{"cards_removed":["Entrench"],"damage_healed":0,"gold_gain":0,"player_choice":"Forget","damage_taken":0,"max_hp_gain":0,"max_hp_loss":0,"event_name":"Living Wall","floor":14,"gold_loss":0},{"cards_removed":["Strike_R"],"damage_healed":0,"gold_gain":0,"player_choice":"Elegance","damage_taken":0,"max_hp_gain":0,"max_hp_loss":0,"event_name":"Back to Basics","floor":20,"gold_loss":0},{"damage_healed":0,"gold_gain":0,"cards_transformed":["Strike_R"],"player_choice":"Transformed","damage_taken":0,"max_hp_gain":0,"max_hp_loss":0,"event_name":"Transmorgrifier","floor":21,"gold_loss":0,"cards_obtained":["Havoc"]},{"damage_healed":0,"gold_gain":0,"player_choice":"Smashed Altar","damage_taken":0,"max_hp_gain":0,"max_hp_loss":0,"event_name":"Forgotten Altar","floor":29,"gold_loss":0,"cards_obtained":["Decay"]},{"damage_healed":0,"gold_gain":0,"player_choice":"Max HP","damage_taken":0,"max_hp_gain":0,"max_hp_loss":4,"event_name":"Winding Halls","floor":36,"gold_loss":0},{"damage_healed":0,"gold_gain":0,"player_choice":"Ignored","damage_taken":0,"max_hp_gain":0,"max_hp_loss":0,"event_name":"Mysterious Sphere","floor":42,"gold_loss":0},{"damage_healed":0,"gold_gain":0,"player_choice":"Took Portal","damage_taken":0,"max_hp_gain":0,"max_hp_loss":0,"event_name":"SecretPortal","floor":46,"gold_loss":0}],"is_beta":false,"boss_relics":[{"not_picked":["Ectoplasm","SacredBark"],"picked":"Sozu"},{"not_picked":["Philosopher\u0027s Stone","Mark of Pain"],"picked":"Empty Cage"}],"items_purged_floors":[5,12,22],"is_endless":false,"potions_floor_spawned":[1,7,13,18,25,31,33,35,37,45],"killed_by":"Awakened One","ascension_level":4}}