{"host":"6ayekdpky30mcb5q","time":1610948949,"event":{"mods":["Act Like it!","Bard","BaseMod","Colored Map","GifTheSpireLib","Gremlin Mod","Hallownest","Hermit","Hero for Fun","Highlight Path","Jorbs\u0027s Wanderer Trilogy","Minty Spire (QoL Compilation)","StSLib","The Bladedancer","The Bug Knight","The Disciple","The Forsaken","WoW Paladin Mod"],"gold_per_floor":[11,21,41,41,52,81,81,109,132,144,173,185,230,260,272,384,396,423,448,470,256,267,300,317,317,317,417,417,448,448,477,477,577,577,594,612,622,638,219,244,244,273,296,329,329,352,383,398,398,398,398,398,65,91,91],"floor_reached":56,"language":"ENG","playtime":896,"items_purged":["Defend_Y","Defend_Y","theForsaken:PlagueCurse"],"score":1960,"play_id":"e6d83cfd-fec3-41de-9d53-e455bf57c27f","local_time":"20210117234909","is_ascension_mode":true,"campfire_choices":[{"data":"Oh","floor":7,"key":"SMITH"},{"floor":12,"key":"RECALL"},{"data":"Strike_Y","floor":15,"key":"SMITH"},{"data":"Serious_Punch","floor":25,"key":"SMITH"},{"data":"Yawn","floor":28,"key":"SMITH"},{"data":"Wear_Disguise","floor":32,"key":"SMITH"},{"data":"Serious_Punch","floor":41,"key":"SMITH"},{"data":"Hip_Strike","floor":49,"key":"SMITH"},{"floor":52,"key":"REST"}],"circlet_count":0,"master_deck":["Strike_Y+1","Strike_Y","Strike_Y","Strike_Y","Strike_Y","Defend_Y","Defend_Y","Defend_Y","Yawn+1","Oh+1","Wear_Disguise+1","Serious_Punch+1","Slap+1","Terrifying_Presence","Serious_Punch+1","Normal_Punch+1","Hip_Strike+1","Hip_Strike+1","Serious_Punch+1","Slap+1","Normal_Punch+1"],"relics":["Cape","NeowsBlessing","Lantern","Tiny Chest","MawBank","Kunai","SacredBark","TheAbacus","Vajra","Bag of Preparation","CaptainsWheel","InkBottle","Regal Pillow","theForsaken:Kindling","Gremlin Horn","Darkstone Periapt","Ornamental Fan","Happy Flower","Shuriken","theForsaken:PlagueMask","Omamori","Molten Egg 2","DollysMirror","HollowMod:PaleOreRelic"],"acts_visited":["Exordium","TheCity","TheBeyond","TheEnding"],"potions_floor_usage":[],"damage_taken":[{"damage":0,"enemies":"2 Louse","floor":1,"turns":1},{"damage":0,"enemies":"Jaw Worm","floor":2,"turns":1},{"damage":0,"enemies":"Cultist","floor":3,"turns":1},{"damage":0,"enemies":"2 Fungi Beasts","floor":5,"turns":1},{"damage":0,"enemies":"Lagavulin","floor":6,"turns":1},{"damage":0,"enemies":"Gremlin Nob","floor":8,"turns":1},{"damage":0,"enemies":"Red Slaver","floor":10,"turns":1},{"damage":0,"enemies":"3 Sentries","floor":11,"turns":2},{"damage":0,"enemies":"Gremlin Nob","floor":13,"turns":1},{"damage":0,"enemies":"3 Louse","floor":14,"turns":1},{"damage":0,"enemies":"Hexaghost","floor":16,"turns":1},{"damage":0,"enemies":"Spheric Guardian","floor":18,"turns":1},{"damage":0,"enemies":"3 Byrds","floor":19,"turns":2},{"damage":0,"enemies":"Snecko","floor":20,"turns":1},{"damage":0,"enemies":"Snake Plant","floor":22,"turns":1},{"damage":0,"enemies":"Slavers","floor":23,"turns":1},{"damage":0,"enemies":"Centurion and Healer","floor":24,"turns":1},{"damage":0,"enemies":"Colosseum Slavers","floor":27,"turns":1},{"damage":0,"enemies":"Colosseum Nobs","floor":27,"turns":1},{"damage":0,"enemies":"Gremlin Leader","floor":29,"turns":1},{"damage":0,"enemies":"Book of Stabbing","floor":31,"turns":1},{"damage":0,"enemies":"Automaton","floor":33,"turns":1},{"damage":0,"enemies":"Orb Walker","floor":35,"turns":1},{"damage":0,"enemies":"3 Darklings","floor":36,"turns":1},{"damage":0,"enemies":"Maw","floor":37,"turns":1},{"damage":0,"enemies":"4 Shapes","floor":38,"turns":2},{"damage":0,"enemies":"Nemesis","floor":40,"turns":1},{"damage":0,"enemies":"Reptomancer","floor":42,"turns":1},{"damage":0,"enemies":"Nemesis","floor":44,"turns":3},{"damage":0,"enemies":"Reptomancer","floor":47,"turns":1},{"damage":0,"enemies":"Writhing Mass","floor":48,"turns":1},{"damage":0,"enemies":"Awakened One","floor":50,"turns":2},{"damage":0,"enemies":"Shield and Spear","floor":54,"turns":1},{"damage":0,"enemies":"The Heart","floor":55,"turns":1}],"seed_played":"-4520630818822522601","potions_obtained":[{"floor":3,"key":"CultistPotion"},{"floor":10,"key":"PowerPotion"},{"floor":13,"key":"Swift Potion"}],"is_trial":false,"path_per_floor":["M","M","M","$","M","E","R","E","T","M","E","R","E","M","R","B",null,"M","M","M","$","M","E","M","R","T","?","R","E","?","E","R","B",null,"M","M","M","M","$","E","R","E","T","E","?","T","E","M","R","B",null,"R","$","E","B",null],"character_chosen":"OPM","items_purchased":["TheAbacus","Gremlin Horn","Serious_Punch","DollysMirror","Slap+1"],"campfire_rested":1,"item_purchase_floors":[21,39,39,53,53],"current_hp_per_floor":[999,999,999,999,999,999,999,999,999,999,999,999,999,999,999,999,999,999,999,999,999,999,999,999,999,999,999,999,999,999,999,999,999,999,999,999,999,999,999,999,999,999,999,999,1005,1005,1005,1005,1005,1005,1005,1010,1010,1010,1010],"gold":91,"neow_bonus":"THREE_ENEMY_KILL","is_daily":false,"chose_seed":false,"campfire_upgraded":7,"win_rate":0.0,"timestamp":1610948949,"path_taken":["M","M","M","$","M","E","R","E","T","M","E","R","E","M","R","BOSS","M","M","M","$","M","E","M","R","T","?","R","E","?","E","R","BOSS","M","M","M","M","$","E","R","E","T","E","?","?","E","M","R","BOSS","R","$","E","BOSS"],"items_purchased_type":["Relic","Relic","Card","Relic","Card"],"build_version":"2020-12-22","purchased_purges":3,"victory":true,"max_hp_per_floor":[999,999,999,999,999,999,999,999,999,999,999,999,999,999,999,999,999,999,999,999,999,999,999,999,999,999,999,999,999,999,999,999,999,999,999,999,999,999,999,999,999,999,999,999,1005,1005,1005,1005,1005,1005,1005,1010,1010,1010,1010],"card_choices":[{"not_picked":["Hop","Slap","Normal_Punch"],"picked":"SKIP","floor":1},{"not_picked":["Do_Nothing","Side_Hop"],"picked":"Yawn","floor":2},{"not_picked":["Slap","Side_Hop","Toss_Stone"],"picked":"SKIP","floor":3},{"not_picked":["Side_Hop","Hop","Do_Nothing"],"picked":"SKIP","floor":5},{"not_picked":["Consecutive_Normal_Punch","Normal_Punch"],"picked":"Oh","floor":6},{"not_picked":["Side_Hop","Toss_Stone","Yawn"],"picked":"SKIP","floor":8},{"not_picked":["Side_Hop","Consecutive_Normal_Punch","Ignore"],"picked":"SKIP","floor":10},{"not_picked":["Yawn","Side_Hop","Ignore"],"picked":"SKIP","floor":11},{"not_picked":["Side_Hop","Normal_Punch","Toss_Stone"],"picked":"SKIP","floor":13},{"not_picked":["Toss_Stone","Hop"],"picked":"Wear_Disguise","floor":14},{"not_picked":["Hip_Strike","Get_Hopes_Up"],"picked":"Serious_Punch","floor":16},{"not_picked":["Side_Hop","Slap","Hop"],"picked":"SKIP","floor":18},{"not_picked":["Ignore+1","Yawn","Side_Hop"],"picked":"SKIP","floor":19},{"not_picked":["Yawn+1","Ignore+1","Side_Hop"],"picked":"SKIP","floor":20},{"not_picked":["Wear_Disguise+1","Toss_Stone+1","Side_Hop+1"],"picked":"SKIP","floor":22},{"not_picked":["Oh","Hop+1","Side_Hop+1"],"picked":"SKIP","floor":23},{"not_picked":["Slap","Yawn","Hop"],"picked":"SKIP","floor":24},{"not_picked":["Do_Nothing","Get_Hopes_Up","Consecutive_Normal_Punch"],"picked":"SKIP","floor":29},{"not_picked":["Hop","Wear_Disguise"],"picked":"Slap+1","floor":31},{"not_picked":["Oh","Serious_Punch"],"picked":"Terrifying_Presence","floor":33},{"not_picked":["Hop","Wear_Disguise","Ignore+1"],"picked":"SKIP","floor":35},{"not_picked":["Side_Hop+1","Slap","Wear_Disguise+1"],"picked":"SKIP","floor":36},{"not_picked":["Slap+1","Ignore","Wear_Disguise"],"picked":"SKIP","floor":37},{"not_picked":["Side_Hop","Ignore","Wear_Disguise"],"picked":"SKIP","floor":38},{"not_picked":["Do_Nothing+1","Yawn"],"picked":"Normal_Punch+1","floor":40},{"not_picked":["Slap+1","Do_Nothing+1"],"picked":"Hip_Strike","floor":42},{"not_picked":["Yawn","Toss_Stone+1","Consecutive_Normal_Punch+1"],"picked":"SKIP","floor":44},{"not_picked":["Yawn+1","Slap+1"],"picked":"Hip_Strike+1","floor":47},{"not_picked":["Do_Nothing+1","Yawn+1","Side_Hop+1"],"picked":"SKIP","floor":48},{"not_picked":["Side_Hop","Toss_Stone+1"],"picked":"Normal_Punch+1","floor":54}],"player_experience":577741,"relics_obtained":[{"floor":6,"key":"Lantern"},{"floor":8,"key":"Tiny Chest"},{"floor":11,"key":"MawBank"},{"floor":13,"key":"Kunai"},{"floor":23,"key":"Vajra"},{"floor":26,"key":"Bag of Preparation"},{"floor":27,"key":"CaptainsWheel"},{"floor":27,"key":"InkBottle"},{"floor":29,"key":"Regal Pillow"},{"floor":31,"key":"theForsaken:Kindling"},{"floor":40,"key":"Darkstone Periapt"},{"floor":42,"key":"Ornamental Fan"},{"floor":43,"key":"Happy Flower"},{"floor":44,"key":"Shuriken"},{"floor":46,"key":"Omamori"},{"floor":47,"key":"Molten Egg 2"},{"floor":54,"key":"HollowMod:PaleOreRelic"}],"event_choices":[{"damage_healed":0,"gold_gain":0,"player_choice":"Fight","damage_taken":0,"max_hp_gain":0,"max_hp_loss":0,"event_name":"Colosseum","floor":27,"gold_loss":0},{"damage_healed":0,"gold_gain":0,"player_choice":"Fought Nobs","damage_taken":0,"max_hp_gain":0,"max_hp_loss":0,"event_name":"Colosseum","floor":27,"gold_loss":0},{"damage_healed":0,"gold_gain":0,"player_choice":"Obtain Plague Curse","damage_taken":0,"max_hp_gain":0,"max_hp_loss":0,"event_name":"Plague Doctor","floor":45,"gold_loss":0,"cards_obtained":["theForsaken:PlagueCurse"]}],"is_beta":false,"boss_relics":[{"not_picked":["Runic Dome","Coffee Dripper"],"picked":"SacredBark"},{"not_picked":[]}],"items_purged_floors":[21,39,53],"is_endless":false,"potions_floor_spawned":[3,10,13,14,16,20,22,24,33,35,40,42,44,48],"ascension_level":1}}