{"host":"khm4we1ijduz33xh","time":1610974071,"event":{"mods":["AchievementEnabler","BaseMod","Colored Map","Minty Spire (QoL Compilation)","Rare Cards Sparkle","StSLib","SuperFastMode"],"gold_per_floor":[113,131,56,66,80,80,114,114,141,88,99,112,130,92,92,197,197,215,229,229,229,229],"floor_reached":21,"language":"KOR","playtime":849,"items_purged":["Defend_P"],"score":220,"play_id":"8b05dde2-392a-437f-a803-55248d469b2c","local_time":"20210118214751","is_ascension_mode":true,"campfire_choices":[{"data":"Eruption","floor":6.0,"key":"SMITH"},{"data":"Evaluate","floor":15,"key":"SMITH"}],"circlet_count":0,"master_deck":["Strike_P","Strike_P+1","Strike_P+1","Defend_P","Defend_P","Defend_P","Eruption+1","Vigilance","Evaluate","Evaluate+1","Meditate","SandsOfTime","FlurryOfBlows","SignatureMove","Crescendo","Tantrum","ConjureBlade","Halt","Necronomicurse"],"relics":["HolyWater","NeowsBlessing","Whetstone","MealTicket","Necronomicon"],"acts_visited":["Exordium","TheCity"],"potions_floor_usage":[12,12,16],"damage_taken":[{"damage":0.0,"enemies":"2 Louse","floor":1.0,"turns":1.0},{"damage":0.0,"enemies":"Cultist","floor":2.0,"turns":1.0},{"damage":0.0,"enemies":"Small Slimes","floor":4.0,"turns":1.0},{"damage":6.0,"enemies":"3 Louse","floor":5.0,"turns":3.0},{"damage":49.0,"enemies":"3 Sentries","floor":7.0,"turns":12.0},{"damage":7.0,"enemies":"2 Fungi Beasts","floor":11.0,"turns":3.0},{"damage":8,"enemies":"Exordium Thugs","floor":12,"turns":4},{"damage":0,"enemies":"Blue Slaver","floor":13,"turns":4},{"damage":36,"enemies":"Hexaghost","floor":16,"turns":5},{"damage":4,"enemies":"Chosen","floor":18,"turns":3},{"damage":16,"enemies":"2 Thieves","floor":19,"turns":4},{"damage":67,"enemies":"Chosen and Byrds","floor":21,"turns":5}],"seed_played":"4052683524417836993","potions_obtained":[{"floor":1.0,"key":"LiquidMemories"},{"floor":7.0,"key":"AttackPotion"},{"floor":11.0,"key":"ColorlessPotion"},{"floor":12,"key":"Fruit Juice"},{"floor":16,"key":"GamblersBrew"},{"floor":19,"key":"SpeedPotion"}],"is_trial":false,"path_per_floor":["M","M","$","M","M","R","E","?","T","$","M","M","M","$","R","B",null,"M","M","?","M"],"character_chosen":"WATCHER","items_purchased":["FlurryOfBlows","Tantrum"],"campfire_rested":0,"item_purchase_floors":[10,14],"current_hp_per_floor":[72,72,72,72,66,66,17,17,17,32,25,22,22,37,37,1,77,73,57,41,0,0],"gold":229,"neow_bonus":"THREE_ENEMY_KILL","is_daily":false,"chose_seed":false,"campfire_upgraded":2,"win_rate":0.0,"timestamp":1610974071,"path_taken":["M","M","$","M","M","R","E","?","T","?","?","M","M","$","R","BOSS","M","M","?","M"],"items_purchased_type":["Card","Card"],"build_version":"2020-12-22","purchased_purges":1,"victory":false,"max_hp_per_floor":[72,72,72,72,72,72,72,72,72,72,72,77,77,77,77,77,77,77,77,77,77,77],"card_choices":[{"not_picked":["Swivel","PathToVictory"],"picked":"Evaluate","floor":1.0},{"not_picked":["WreathOfFlame","CrushJoints"],"picked":"Evaluate","floor":2.0},{"not_picked":["ReachHeaven","Protect","ThirdEye"],"picked":"SKIP","floor":4.0},{"not_picked":["Conclude","JustLucky"],"picked":"Meditate","floor":5.0},{"not_picked":["WindmillStrike","CrushJoints"],"picked":"SandsOfTime","floor":7.0},{"not_picked":["SashWhip","Establishment","Prostrate"],"picked":"SKIP","floor":11.0},{"not_picked":["JustLucky","Crescendo"],"picked":"SignatureMove","floor":12},{"not_picked":["DeceiveReality","Consecrate"],"picked":"Crescendo","floor":13},{"not_picked":["Establishment","Brilliance"],"picked":"ConjureBlade","floor":16},{"not_picked":["CutThroughFate","Worship","Weave"],"picked":"SKIP","floor":18},{"not_picked":["EmptyFist","Wireheading+1"],"picked":"Halt","floor":19}],"player_experience":228180,"relics_obtained":[{"floor":7.0,"key":"Whetstone"},{"floor":9.0,"key":"MealTicket"},{"floor":20,"key":"Necronomicon"}],"event_choices":[{"cards_removed":["Strike_P"],"damage_healed":0.0,"max_hp_gain":0.0,"max_hp_loss":0.0,"gold_gain":0.0,"event_name":"Purifier","player_choice":"Purged","floor":8.0,"gold_loss":0.0,"damage_taken":0.0},{"damage_healed":0,"gold_gain":0,"player_choice":"Obtained Book","damage_taken":16,"max_hp_gain":0,"max_hp_loss":0,"event_name":"Cursed Tome","floor":20,"gold_loss":0}],"is_beta":false,"boss_relics":[{"not_picked":["Black Star","Runic Pyramid"],"picked":"HolyWater"}],"items_purged_floors":[3],"is_endless":false,"potions_floor_spawned":[1,7,11,12,16,19],"killed_by":"Chosen and Byrds","ascension_level":4}}