{"host":"b96hyfeqj1peltkw","time":1610959345,"event":{"mods":["AchievementEnabler","Act Like it!","BaseMod","Block Reminder","Gensokyo","Hermit","Marisa（霧雨　魔理沙）","Minty Spire (QoL Compilation)","Practice Mode","Reimu（博丽灵梦）","StSLib"],"gold_per_floor":[116,116,116,116,136,136,154,84,84,97,21,21,21,33,33,33,33],"floor_reached":16,"language":"ZHS","playtime":1022,"items_purged":[],"score":90,"play_id":"a00bb811-1690-4371-a7fa-d8a19bed4194","local_time":"20210118164225","is_ascension_mode":false,"campfire_choices":[{"data":"hermit:WideOpen","floor":6,"key":"SMITH"},{"data":"hermit:Cheat","floor":12,"key":"SMITH"},{"data":"hermit:Manifest","floor":15,"key":"SMITH"}],"circlet_count":0,"master_deck":["hermit:Strike_Hermit","hermit:Strike_Hermit","hermit:Defend_Hermit","hermit:Defend_Hermit+1","hermit:Defend_Hermit","hermit:Defend_Hermit","hermit:Covet","hermit:FatalDesire","hermit:Glare","hermit:HighCaliber+1","hermit:FullyLoaded","hermit:WideOpen+1","hermit:EyeOfTheStorm","hermit:Cheat+1","hermit:ShadowCloak","hermit:Manifest+1"],"relics":["hermit:Momento","Happy Flower","Lantern"],"acts_visited":["Gensokyo:Gensokyo"],"potions_floor_usage":[],"damage_taken":[{"damage":7,"enemies":"Gensokyo:Gryphon","floor":1,"turns":4},{"damage":0,"enemies":"Gensokyo:Python","floor":5,"turns":2},{"damage":6,"enemies":"Gensokyo:3_Fairies","floor":7,"turns":6},{"damage":0,"enemies":"Gensokyo:CorruptedTreant","floor":10,"turns":3},{"damage":2,"enemies":"Gensokyo:Gryphon_and_Rabbit","floor":14,"turns":6},{"damage":7,"enemies":"Gensokyo:Kokoro","floor":16,"turns":8}],"seed_played":"-8062872303321025207","potions_obtained":[{"floor":5,"key":"PowerPotion"}],"is_trial":false,"path_per_floor":["M","?","?","?","M","R","M","?","T","M","$","R","?","M","R","B"],"character_chosen":"HERMIT","items_purchased":["hermit:ShadowCloak"],"campfire_rested":0,"item_purchase_floors":[11],"current_hp_per_floor":[68,68,68,68,68,68,62,62,62,62,62,62,47,45,45,38,38],"gold":33,"neow_bonus":"ONE_RANDOM_RARE_CARD","is_daily":false,"chose_seed":false,"campfire_upgraded":3,"win_rate":0.0,"timestamp":1610959345,"path_taken":["M","?","?","?","M","R","M","?","T","M","?","R","?","M","R","BOSS"],"items_purchased_type":["Card"],"build_version":"2020-12-22","purchased_purges":0,"victory":false,"max_hp_per_floor":[75,75,75,75,75,75,75,75,75,75,75,75,75,75,75,75,75],"card_choices":[{"not_picked":["hermit:TrackingShot","hermit:Coalescence"],"picked":"hermit:Glare","floor":1},{"not_picked":["hermit:LowProfile","hermit:FullyLoaded"],"picked":"hermit:HighCaliber","floor":3},{"not_picked":["hermit:Brawl","hermit:FlashPowder"],"picked":"hermit:FullyLoaded","floor":3},{"not_picked":["hermit:Virtue","hermit:BodyArmor"],"picked":"hermit:WideOpen","floor":5},{"not_picked":["hermit:Enervate","hermit:HighCaliber"],"picked":"hermit:EyeOfTheStorm","floor":7},{"not_picked":["hermit:Snipe","hermit:Determination"],"picked":"hermit:Cheat","floor":10},{"not_picked":["hermit:Spite","hermit:HoleUp"],"picked":"hermit:Manifest","floor":14}],"player_experience":1408240,"relics_obtained":[{"floor":9,"key":"Lantern"}],"event_choices":[],"is_beta":false,"boss_relics":[],"items_purged_floors":[],"is_endless":false,"potions_floor_spawned":[5],"killed_by":"Gensokyo:Kokoro","ascension_level":0}}