{"host":"qj49eghpaxba70kv","time":1610971128,"event":{"mods":["ATMod(°¢èªMod)","Act Like it!","Arknights The Spire","Aspiration","BaseMod","Dota2Spire","Energized Spire","Gensokyo","GungeonMod","Hermit","Hunter ÁÔÈË","KinomotoSakuraMod(Ä¾Ö®±¾Ó£)","Koishi","Luminous","Minty Spire (QoL Compilation)","Pale of the Ancients","Permanent Neow","Prisma Mod","Quick Restart","Replay The Spire","Robot Space Explorer","StSLib","The Administrix","The Alterego","The Bug Knight","The Construct","The Hierophant","The Marked","The Senshi","UnlockEverythingMod","[GremlinLeader]The Maniac","vexMod","¡¾¹¦ÄÜMod¡¿»ìãçÖ®»·ÐÞ¸´²¹¶¡","¡¾ÒÅÎï¿¨ÅÆ¡¿REMEMod","óô»ðÖ¸ÄÏ"],"gold_per_floor":[118,118,3,3,18,45,59,59,104,104,104,116,131,145,145,248,248,268,128,144,75,75,110,110,140,140],"floor_reached":25,"language":"ZHS","playtime":1137,"items_purged":["Regret","RobotSpaceExplorer:Asteroid"],"score":271,"play_id":"9a97b35b-cd55-4efd-9f96-96af3aeab53b","local_time":"20210118055848","is_ascension_mode":false,"campfire_choices":[{"data":"Static Discharge","floor":8,"key":"SMITH"},{"data":"AT_StudyProgram","floor":11,"key":"SMITH"},{"floor":15,"key":"DIG"}],"circlet_count":0,"master_deck":["Strike_B","Strike_B","Strike_B","Strike_B","Defend_B+1","Defend_B+1","Defend_B+1","Defend_B+1","Zap","Dualcast","AT_RightCognition","AT_StudyProgram+1","Crystallizer","Static Discharge+1","Glacier","Echo Form","FIFO Queue","Storm","Electrodynamics"],"relics":["Cracked Core","AT_ATBox","REME_ComplimentaryCards","construct:BoolHorns","Replay:Bottled Eggs","Dota2Spire:MagicBottle","Regal Pillow","aspiration:BabyByrd","Dota2Spire:Butterfly","Coffee Dripper","CeramicFish","Ring of Shattering"],"acts_visited":["Exordium","TheCity"],"potions_floor_usage":[16,25,25],"damage_taken":[{"damage":6.0,"enemies":"2 Louse","floor":1.0,"turns":2.0},{"damage":0,"enemies":"Small Slimes","floor":5,"turns":2},{"damage":27,"enemies":"Gremlin Nob","floor":6,"turns":4},{"damage":9,"enemies":"Cultist","floor":7,"turns":4},{"damage":0,"enemies":"Blue Slaver","floor":12,"turns":1},{"damage":7,"enemies":"Gremlin Gang","floor":13,"turns":5},{"damage":4,"enemies":"Looter","floor":14,"turns":4},{"damage":0,"enemies":"Fading Forest","floor":16,"turns":11},{"damage":18,"enemies":"Shell Parasite","floor":18,"turns":4},{"damage":6,"enemies":"Spheric Guardian","floor":20,"turns":5},{"damage":32,"enemies":"Book of Stabbing","floor":23,"turns":6},{"damage":19,"enemies":"Slavers","floor":25,"turns":1}],"seed_played":"6065198760379780773","potions_obtained":[{"floor":6,"key":"PowerPotion"},{"floor":7,"key":"EntropicBrew"},{"floor":14,"key":"SpeedPotion"}],"is_trial":false,"path_per_floor":["M","?","$","?","M","E","M","R","T","?","R","M","M","M","R","B",null,"M","$","M","$","?","E","?","E"],"character_chosen":"DEFECT","items_purchased":["AT_StudyProgram","FIFO Queue","Storm"],"campfire_rested":0,"item_purchase_floors":[3,19,21],"current_hp_per_floor":[69,69,69,62,62,35,26,26,26,26,26,26,19,15,15,43,75,57,57,51,51,51,19,19,0,0],"gold":140,"neow_bonus":"ONE_RARE_RELIC","is_daily":false,"chose_seed":false,"campfire_upgraded":2,"win_rate":0.0,"timestamp":1610971128,"path_taken":["M","?","$","?","M","E","M","R","T","?","R","M","M","M","R","BOSS","M","$","M","$","?","E","?","E"],"items_purchased_type":["Card","Card","Card"],"build_version":"2020-12-22","purchased_purges":2,"victory":false,"max_hp_per_floor":[75,75,75,75,75,75,75,75,75,75,75,75,75,75,75,75,75,75,75,75,75,75,75,75,75,75],"card_choices":[{"not_picked":["ReplayTheSpireMod:System Scan","Barrage","Leap"],"picked":"SKIP","floor":1.0},{"not_picked":["Streamline","Steam","Stack"],"picked":"SKIP","floor":5},{"not_picked":["Barrage","Hologram"],"picked":"Crystallizer","floor":6},{"not_picked":["Rebound","Cold Snap"],"picked":"Static Discharge","floor":7},{"not_picked":["Barrage","Skim"],"picked":"Glacier","floor":12},{"not_picked":["Stack","Conserve Battery"],"picked":"Echo Form","floor":13},{"not_picked":["Go for the Eyes","Streamline","Beam Cell"],"picked":"SKIP","floor":14},{"not_picked":["Barrage","Panic Button","Steam"],"picked":"SKIP","floor":18},{"not_picked":["Double Energy","Streamline","ReplayTheSpireMod:Reroute Power"],"picked":"SKIP","floor":20},{"not_picked":["Machine Learning","ReplaySolidLightProjector"],"picked":"Electrodynamics","floor":23}],"player_experience":46961,"relics_obtained":[{"floor":6,"key":"Dota2Spire:MagicBottle"},{"floor":9,"key":"Regal Pillow"},{"floor":15,"key":"Dota2Spire:Butterfly"},{"floor":23,"key":"CeramicFish"},{"floor":24,"key":"Ring of Shattering"}],"event_choices":[{"damage_healed":0,"gold_gain":0,"player_choice":"Box","damage_taken":0,"relics_obtained":["Replay:Bottled Eggs"],"max_hp_gain":0,"max_hp_loss":0,"event_name":"Big Fish","floor":2,"gold_loss":0,"cards_obtained":["Regret"]},{"cards_removed":["maniac:Remorse"],"damage_healed":0,"gold_gain":0,"player_choice":"Card Removal","damage_taken":7,"max_hp_gain":0,"max_hp_loss":0,"event_name":"Golden Wing","floor":4,"gold_loss":0},{"damage_healed":0,"gold_gain":0,"player_choice":"Ignored","damage_taken":0,"max_hp_gain":0,"max_hp_loss":0,"event_name":"Ghosts","floor":22,"gold_loss":0}],"is_beta":false,"boss_relics":[{"not_picked":["energizedSpire:CursedPentagram","Runic Pyramid"],"picked":"Coffee Dripper"}],"items_purged_floors":[3,19],"is_endless":false,"potions_floor_spawned":[6,7,14],"killed_by":"Slavers","ascension_level":0}}