{"host":"pkysykycfg9bua8p","time":1610965014,"event":{"mods":["AchievementEnabler","BaseMod","Better Third Choice","Filter the Spire","Minty Spire (QoL Compilation)","StSLib"],"gold_per_floor":[14,14,14,27,46,57,90,90,161,161,14,29,59,75,75,178,178,192,192,192,210,309,309,249,262,262,262,282,294,327,340,340,439,439,451,451,451,499,518,518,518,518],"floor_reached":41,"language":"ENG","playtime":1690,"items_purged":["Strike_B"],"score":434,"play_id":"bd94e74f-9f3c-4ef5-938d-597daa55c07d","local_time":"20210118231654","is_ascension_mode":true,"campfire_choices":[{"data":"Zap","floor":10,"key":"SMITH"},{"floor":15,"key":"REST"},{"data":"Dualcast","floor":23,"key":"SMITH"},{"floor":27,"key":"REST"},{"floor":32,"key":"REST"},{"floor":40,"key":"REST"}],"circlet_count":0,"master_deck":["Defend_B","Defend_B","Defend_B","Zap+1","Dualcast+1","Leap","BootSequence","Static Discharge","Lockon","Ball Lightning","Electrodynamics","Steam+1","Conserve Battery","Thunder Strike","Hologram+1","Electrodynamics","Static Discharge+1","Thunder Strike","Ball Lightning+1"],"relics":["Cracked Core","Unceasing Top","Question Card","Odd Mushroom","Velvet Choker","Bag of Marbles","SlaversCollar","Ginger"],"acts_visited":["Exordium","TheCity","TheBeyond"],"potions_floor_usage":[7,7,16,16,31,33,38],"damage_taken":[{"damage":4,"enemies":"Cultist","floor":1,"turns":4},{"damage":3,"enemies":"Jaw Worm","floor":4,"turns":4},{"damage":1,"enemies":"Small Slimes","floor":5,"turns":3},{"damage":2,"enemies":"Looter","floor":6,"turns":4},{"damage":19,"enemies":"Lagavulin","floor":7,"turns":11},{"damage":3,"enemies":"3 Louse","floor":12,"turns":4},{"damage":22,"enemies":"The Mushroom Lair","floor":13,"turns":5},{"damage":8,"enemies":"Lots of Slimes","floor":14,"turns":4},{"damage":5,"enemies":"Hexaghost","floor":16,"turns":9},{"damage":0,"enemies":"Chosen","floor":18,"turns":4},{"damage":5,"enemies":"Shell Parasite","floor":21,"turns":4},{"damage":9,"enemies":"3 Cultists","floor":25,"turns":3},{"damage":6,"enemies":"Centurion and Healer","floor":28,"turns":5},{"damage":6,"enemies":"Shelled Parasite and Fungi","floor":29,"turns":4},{"damage":3,"enemies":"Gremlin Leader","floor":30,"turns":6},{"damage":12,"enemies":"Snake Plant","floor":31,"turns":3},{"damage":50,"enemies":"Collector","floor":33,"turns":8},{"damage":20,"enemies":"3 Shapes","floor":35,"turns":3},{"damage":26,"enemies":"2 Orb Walkers","floor":38,"turns":3},{"damage":9,"enemies":"3 Darklings","floor":39,"turns":3},{"damage":43,"enemies":"Giant Head","floor":41,"turns":6}],"seed_played":"-78543635763456869","potions_obtained":[{"floor":4,"key":"Dexterity Potion"},{"floor":5,"key":"DuplicationPotion"},{"floor":6,"key":"EssenceOfSteel"},{"floor":14,"key":"BlessingOfTheForge"},{"floor":18,"key":"SneckoOil"},{"floor":28,"key":"Energy Potion"},{"floor":29,"key":"SpeedPotion"},{"floor":31,"key":"FearPotion"},{"floor":33,"key":"SteroidPotion"},{"floor":39,"key":"Swift Potion"}],"is_trial":false,"path_per_floor":["M","?","$","M","M","M","E","?","T","R","$","M","?","M","R","B",null,"M","?","$","M","?","R","?","M","T","R","M","M","E","M","R","B",null,"M","$","?","?","M","R","E"],"character_chosen":"DEFECT","items_purchased":["Static Discharge"],"campfire_rested":4,"item_purchase_floors":[11],"current_hp_per_floor":[71,71,71,68,67,65,46,46,46,46,46,43,21,13,35,30,75,75,59,59,54,54,54,54,45,45,67,61,55,52,40,62,12,75,55,55,55,29,20,42,0,0],"gold":518,"neow_bonus":"REMOVE_TWO","is_daily":false,"chose_seed":false,"campfire_upgraded":2,"win_rate":0.0,"timestamp":1610965014,"path_taken":["M","?","$","M","M","M","E","?","T","R","$","M","?","M","R","BOSS","M","?","$","M","?","R","?","?","T","R","M","M","E","M","R","BOSS","M","$","?","?","?","R","E"],"items_purchased_type":["Card"],"build_version":"2020-12-22","purchased_purges":1,"victory":false,"max_hp_per_floor":[75,75,75,75,75,75,75,75,75,75,75,75,75,75,75,75,75,75,75,75,75,75,75,75,75,75,75,75,75,75,75,75,75,75,75,75,75,75,75,75,75,75],"card_choices":[{"not_picked":["Cold Snap","Rebound"],"picked":"Leap","floor":1},{"not_picked":["Stack","Hologram","Beam Cell"],"picked":"SKIP","floor":4},{"not_picked":["Coolheaded","Hologram","Turbo"],"picked":"SKIP","floor":5},{"not_picked":["Hello World","Rebound","Stack"],"picked":"SKIP","floor":6},{"not_picked":["Undo","Consume"],"picked":"BootSequence","floor":7},{"not_picked":["Aggregate","Doom and Gloom","Fusion"],"picked":"Lockon","floor":12},{"not_picked":["Rebound","Glacier","Skim"],"picked":"Ball Lightning","floor":14},{"not_picked":["Machine Learning","Hyperbeam","Echo Form"],"picked":"Electrodynamics","floor":16},{"not_picked":["Beam Cell","Defragment+1","Sunder"],"picked":"Steam+1","floor":18},{"not_picked":["Reprogram","Chill","Reinforced Body","Conserve Battery"],"picked":"SKIP","floor":21},{"not_picked":["Recycle","Leap","Self Repair"],"picked":"Conserve Battery","floor":25},{"not_picked":["Glacier","Skim","Genetic Algorithm","Doom and Gloom"],"picked":"SKIP","floor":28},{"not_picked":["Barrage","Steam","Stack"],"picked":"Thunder Strike","floor":29},{"not_picked":["Amplify","Compile Driver","Scrape","Stack"],"picked":"SKIP","floor":30},{"not_picked":["Doom and Gloom+1","Stack+1","Cold Snap"],"picked":"Hologram+1","floor":31},{"not_picked":["Machine Learning","All For One","Meteor Strike"],"picked":"Electrodynamics","floor":33},{"not_picked":["Defragment","Steam+1","Chill+1"],"picked":"Static Discharge+1","floor":35},{"not_picked":["Stack","Cold Snap+1","Beam Cell+1"],"picked":"Thunder Strike","floor":38},{"not_picked":["Storm","Darkness","Rebound+1"],"picked":"Ball Lightning+1","floor":39}],"player_experience":66058,"relics_obtained":[{"floor":7,"key":"Unceasing Top"},{"floor":9,"key":"Question Card"},{"floor":13,"key":"Odd Mushroom"},{"floor":30,"key":"Bag of Marbles"},{"floor":38,"key":"Ginger"}],"event_choices":[{"cards_removed":["Strike_B"],"damage_healed":0,"gold_gain":0,"player_choice":"Forget","damage_taken":0,"max_hp_gain":0,"max_hp_loss":0,"event_name":"Living Wall","floor":2,"gold_loss":0},{"damage_healed":46,"gold_gain":0,"player_choice":"Leave","damage_taken":0,"max_hp_gain":0,"max_hp_loss":75,"event_name":"betterThird:BetterShining","floor":8,"gold_loss":0},{"damage_healed":0,"gold_gain":0,"player_choice":"Fought Mushrooms","damage_taken":0,"max_hp_gain":0,"max_hp_loss":0,"event_name":"Mushrooms","floor":13,"gold_loss":0},{"damage_healed":0,"gold_gain":0,"player_choice":"Obtained Book","damage_taken":16,"max_hp_gain":0,"max_hp_loss":0,"event_name":"Cursed Tome","floor":19,"gold_loss":0},{"damage_healed":0,"gold_gain":99,"player_choice":"Steal","damage_taken":0,"max_hp_gain":0,"max_hp_loss":0,"event_name":"betterThird:BetterNest","floor":22,"gold_loss":0},{"cards_removed":["Defend_B"],"damage_healed":0,"gold_gain":0,"player_choice":"Single Remove","damage_taken":0,"max_hp_gain":0,"max_hp_loss":0,"event_name":"Designer","floor":24,"gold_loss":60},{"damage_healed":0,"gold_gain":0,"player_choice":"Memory 1","damage_taken":0,"max_hp_gain":0,"max_hp_loss":0,"event_name":"SensoryStone","floor":37,"gold_loss":0},{"damage_healed":0,"gold_gain":0,"player_choice":"Fight","damage_taken":0,"max_hp_gain":0,"max_hp_loss":0,"event_name":"Mysterious Sphere","floor":38,"gold_loss":0}],"is_beta":false,"boss_relics":[{"not_picked":["Calling Bell","FrozenCore"],"picked":"Velvet Choker"},{"not_picked":["Sozu","Pandora\u0027s Box"],"picked":"SlaversCollar"}],"items_purged_floors":[11],"is_endless":false,"potions_floor_spawned":[4,5,6,14,18,28,29,31,33,39],"killed_by":"Giant Head","ascension_level":1}}