{"host":"2vm9o2fc5crca06n","time":1610984803,"event":{"mods":["BaseMod","Bestiary","Googly Eyes","Minty Spire (QoL Compilation)","SuperFastMode"],"gold_per_floor":[111,111,38,57,32,360,360,374,374,388,388,405,80,30,30,129,129,144,144,161,173,24,24,43,43,43,54,54,54,54],"floor_reached":29,"language":"ENG","playtime":1096,"items_purged":["Strike_P","Strike_P"],"score":250,"play_id":"2016119f-d388-4a97-b04d-2bdcaccdf6ba","local_time":"20210118154643","is_ascension_mode":false,"campfire_choices":[{"data":"Weave","floor":7,"key":"SMITH"},{"data":"Eruption","floor":15,"key":"SMITH"},{"data":"TalkToTheHand","floor":23,"key":"SMITH"},{"floor":28,"key":"REST"}],"circlet_count":0,"master_deck":["Strike_P+1","Strike_P+1","Defend_P+1","Defend_P+1","Defend_P+1","Eruption+1","Vigilance+1","EmptyBody","Weave+1","ReachHeaven","Evaluate","ThirdEye","Meditate","Crescendo","ThirdEye","Judgement","TalkToTheHand+1","FlurryOfBlows","Evaluate+1","FollowUp","FlurryOfBlows","Blasphemy","Writhe"],"relics":["Runic Dome","Old Coin","Pocketwatch","Matryoshka","Cursed Key","Singing Bowl","Bronze Scales"],"acts_visited":["Exordium","TheCity"],"potions_floor_usage":[6,16,16,27,29,29,29],"damage_taken":[{"damage":22,"enemies":"Jaw Worm","floor":1,"turns":2},{"damage":0,"enemies":"2 Louse","floor":4,"turns":2},{"damage":0,"enemies":"Gremlin Nob","floor":6,"turns":2},{"damage":0,"enemies":"Small Slimes","floor":8,"turns":2},{"damage":2,"enemies":"2 Fungi Beasts","floor":10,"turns":3},{"damage":7,"enemies":"Looter","floor":12,"turns":2},{"damage":18,"enemies":"Hexaghost","floor":16,"turns":6},{"damage":0,"enemies":"Chosen","floor":18,"turns":4},{"damage":4,"enemies":"Shell Parasite","floor":20,"turns":2},{"damage":33,"enemies":"Centurion and Healer","floor":21,"turns":4},{"damage":5,"enemies":"Snecko","floor":24,"turns":4},{"damage":1,"enemies":"Snake Plant","floor":27,"turns":3},{"damage":99999,"enemies":"3 Cultists","floor":29,"turns":4}],"seed_played":"-4300003773476579678","potions_obtained":[{"floor":4,"key":"StancePotion"},{"floor":6,"key":"BlessingOfTheForge"},{"floor":8,"key":"Strength Potion"},{"floor":12,"key":"BlessingOfTheForge"},{"floor":18,"key":"SkillPotion"},{"floor":21,"key":"SteroidPotion"},{"floor":27,"key":"Ancient Potion"}],"is_trial":false,"path_per_floor":["M","?","$","M","$","E","R","M","T","M","?","M","$","?","R","B",null,"M","?","M","M","$","R","M","?","T","M","R","M"],"character_chosen":"WATCHER","items_purchased":["Weave","Evaluate","Matryoshka","FlurryOfBlows"],"campfire_rested":1,"item_purchase_floors":[3,5,13,22],"current_hp_per_floor":[50,50,50,50,50,50,50,50,50,48,53,46,46,46,46,28,77,77,77,73,40,40,40,35,35,35,36,59,0,0],"gold":54,"neow_bonus":"BOSS_RELIC","is_daily":false,"chose_seed":false,"campfire_upgraded":3,"win_rate":0.0,"timestamp":1610984803,"path_taken":["M","?","$","M","$","E","R","M","T","M","?","M","$","?","R","BOSS","M","?","M","M","$","R","M","?","T","M","R","M"],"items_purchased_type":["Card","Card","Relic","Card"],"build_version":"2020-12-22","purchased_purges":2,"victory":false,"max_hp_per_floor":[72,72,72,72,72,72,72,72,72,72,77,77,77,77,77,77,77,77,77,77,77,77,77,77,77,77,79,79,79,79],"card_choices":[{"not_picked":["CrushJoints","BowlingBash"],"picked":"EmptyBody","floor":1},{"not_picked":["WheelKick","Collect"],"picked":"ReachHeaven","floor":4},{"not_picked":["ClearTheMind","Halt"],"picked":"ThirdEye","floor":6},{"not_picked":["PathToVictory","Swivel"],"picked":"Meditate","floor":8},{"not_picked":["PathToVictory","Prostrate"],"picked":"Crescendo","floor":10},{"not_picked":["Ragnarok","Study"],"picked":"ThirdEye","floor":12},{"not_picked":["Omniscience","Establishment"],"picked":"Judgement","floor":16},{"not_picked":["CutThroughFate","SashWhip"],"picked":"TalkToTheHand","floor":18},{"not_picked":["EmptyMind","Protect+1"],"picked":"Evaluate+1","floor":20},{"not_picked":["Halt","EmptyBody+1"],"picked":"FollowUp","floor":21},{"not_picked":["WaveOfTheHand","CarveReality+1"],"picked":"Blasphemy","floor":24},{"not_picked":["Vengeance","Prostrate","Crescendo"],"picked":"Singing Bowl","floor":27}],"player_experience":346103,"relics_obtained":[{"floor":6,"key":"Old Coin"},{"floor":9,"key":"Pocketwatch"},{"floor":26,"key":"Singing Bowl"},{"floor":26,"key":"Bronze Scales"}],"event_choices":[{"damage_healed":0,"gold_gain":0,"player_choice":"Grow","damage_taken":0,"max_hp_gain":0,"max_hp_loss":0,"event_name":"Living Wall","floor":2,"gold_loss":0,"cards_upgraded":["Vigilance"]},{"damage_healed":0,"gold_gain":0,"player_choice":"Donut","damage_taken":0,"max_hp_gain":5,"max_hp_loss":0,"event_name":"Big Fish","floor":11,"gold_loss":0},{"cards_removed":["Defend_P"],"damage_healed":0,"gold_gain":0,"player_choice":"Card Removal","damage_taken":0,"max_hp_gain":0,"max_hp_loss":0,"event_name":"The Cleric","floor":14,"gold_loss":50},{"damage_healed":0,"gold_gain":0,"player_choice":"Read","damage_taken":0,"max_hp_gain":0,"max_hp_loss":0,"event_name":"The Library","floor":19,"gold_loss":0,"cards_obtained":["FlurryOfBlows"]},{"damage_healed":0,"gold_gain":0,"player_choice":"Simplicity","damage_taken":0,"max_hp_gain":0,"max_hp_loss":0,"event_name":"Back to Basics","floor":25,"gold_loss":0,"cards_upgraded":["Strike_P","Strike_P","Defend_P","Defend_P","Defend_P"]}],"is_beta":false,"boss_relics":[{"not_picked":["Runic Pyramid","Tiny House"],"picked":"Cursed Key"}],"items_purged_floors":[13,22],"is_endless":false,"potions_floor_spawned":[4,6,8,12,18,21,27],"killed_by":"3 Cultists","ascension_level":0}}