{"host":"yn8qackkbxgt4nh1","time":1610962617,"event":{"mods":["BaseMod","Colored Map","Colored Powertips","DeckTracker","Minty Spire (QoL Compilation)","SuperFastMode"],"gold_per_floor":[119,131,151,166,180,180,180,180,180,105,105,133,133,151,151,151,151],"floor_reached":16,"language":"KOR","playtime":444,"items_purged":["Strike_G"],"score":204,"play_id":"f57684fe-3406-4778-9f32-33cfb1b55b43","local_time":"20210118183657","is_ascension_mode":true,"campfire_choices":[{"data":"Blade Dance","floor":6.0,"key":"SMITH"},{"floor":8.0,"key":"REST"},{"data":"Accuracy","floor":13.0,"key":"SMITH"},{"data":"Cloak And Dagger","floor":15.0,"key":"SMITH"}],"circlet_count":0,"master_deck":["AscendersBane","Strike_G","Strike_G","Strike_G","Strike_G","Defend_G","Defend_G","Defend_G+1","Defend_G","Defend_G+1","Survivor","Neutralize","Blade Dance+1","Skewer","Quick Slash","Backflip","Accuracy+1","Terror","Cloak And Dagger+1"],"relics":["Ring of the Snake","Tingsha","Pear","Unceasing Top"],"acts_visited":["Exordium"],"potions_floor_usage":[],"damage_taken":[{"damage":6.0,"enemies":"Jaw Worm","floor":1.0,"turns":6.0},{"damage":0.0,"enemies":"2 Louse","floor":2.0,"turns":2.0},{"damage":0.0,"enemies":"Cultist","floor":3.0,"turns":3.0},{"damage":5.0,"enemies":"2 Fungi Beasts","floor":4.0,"turns":4.0},{"damage":15.0,"enemies":"Exordium Thugs","floor":5.0,"turns":6.0},{"damage":16.0,"enemies":"3 Sentries","floor":12.0,"turns":10.0},{"damage":3.0,"enemies":"Looter","floor":14.0,"turns":3.0},{"damage":23,"enemies":"Slime Boss","floor":16,"turns":3}],"seed_played":"7842303376637353228","potions_obtained":[{"floor":4.0,"key":"DuplicationPotion"},{"floor":5.0,"key":"PowerPotion"},{"floor":12.0,"key":"FearPotion"}],"is_trial":false,"path_per_floor":["M","M","M","M","M","R","?","R","T","$","?","E","R","M","R","B"],"character_chosen":"THE_SILENT","items_purchased":[],"campfire_rested":1,"item_purchase_floors":[],"current_hp_per_floor":[50,50,50,45,30,30,7,30,30,30,40,24,24,21,21,0,0],"gold":151,"neow_bonus":"TWENTY_PERCENT_HP_BONUS","is_daily":false,"chose_seed":false,"campfire_upgraded":3,"win_rate":0.0,"timestamp":1610962617,"path_taken":["M","M","M","M","M","R","?","R","T","$","?","E","R","?","R","BOSS"],"items_purchased_type":[],"build_version":"2020-12-22","purchased_purges":1,"victory":false,"max_hp_per_floor":[78,78,78,78,78,78,78,78,78,78,88,88,88,88,88,88,88],"card_choices":[{"not_picked":["Underhanded Strike","Cloak And Dagger"],"picked":"Blade Dance","floor":1.0},{"not_picked":["Underhanded Strike","Slice"],"picked":"Skewer","floor":2.0},{"not_picked":["Escape Plan","Calculated Gamble"],"picked":"Quick Slash","floor":3.0},{"not_picked":["PiercingWail","Sucker Punch"],"picked":"Backflip","floor":4.0},{"not_picked":["Crippling Poison","Eviscerate"],"picked":"Accuracy","floor":5.0},{"not_picked":["Backflip","Quick Slash"],"picked":"Terror","floor":12.0},{"not_picked":["Slice","Noxious Fumes"],"picked":"Cloak And Dagger","floor":14.0}],"player_experience":687920,"relics_obtained":[{"floor":9.0,"key":"Tingsha"},{"floor":12.0,"key":"Unceasing Top"}],"event_choices":[{"damage_healed":0.0,"max_hp_gain":0.0,"max_hp_loss":0.0,"gold_gain":0.0,"event_name":"Shining Light","player_choice":"Entered Light","floor":7.0,"gold_loss":0.0,"damage_taken":23.0,"cards_upgraded":["Defend_G","Defend_G"]},{"damage_healed":0.0,"max_hp_gain":0.0,"max_hp_loss":0.0,"gold_gain":0.0,"event_name":"WeMeetAgain","player_choice":"Gave Potion","floor":11.0,"gold_loss":0.0,"damage_taken":0.0,"relics_obtained":["Pear"]}],"is_beta":false,"boss_relics":[],"items_purged_floors":[10],"is_endless":false,"potions_floor_spawned":[4,5,12,14],"killed_by":"Slime Boss","ascension_level":15}}