{"host":"rl5ku05escnl5kxo","time":1610996066,"event":{"mods":["Act Like it!","BaseMod","Minty Spire (QoL Compilation)","StSLib","The Bug Knight"],"gold_per_floor":[213,171,13,13,33,33,47,47,47,47,64,79,4,23,23,123,173,193,212,222,239,239,239],"floor_reached":22,"language":"ENG","playtime":1496,"items_purged":[],"score":180,"play_id":"1d3250ed-3a2b-4ef5-9587-d32c3b184711","local_time":"20210118105426","is_ascension_mode":false,"campfire_choices":[{"data":"HollowMod:HowlingWraiths","floor":6,"key":"SMITH"},{"data":"Dark Shackles","floor":8,"key":"SMITH"},{"data":"HollowMod:VengefulSpirit","floor":10,"key":"SMITH"},{"data":"HollowMod:FocusHealStart","floor":15,"key":"SMITH"}],"circlet_count":0,"master_deck":["HollowMod:NailStrikeStart","HollowMod:NailStrikeStart","HollowMod:NailStrikeStart","HollowMod:NailStrikeStart","HollowMod:QuickDashStart","HollowMod:QuickDashStart","HollowMod:QuickDashStart","HollowMod:QuickDashStart","HollowMod:FocusHealStart+1","HollowMod:PogoStrike","HollowMod:HowlingWraiths+1","HollowMod:CycloneSlash","Dark Shackles+1","HollowMod:CloakDash","HollowMod:VengefulSpirit+1","HollowMod:SoulSplash","HollowMod:SoulStrike","HollowMod:Weaversong+1","HollowMod:InfectedCysts","HollowMod:HeavyBlow","HollowMod:DescendingDark","HollowMod:WraithStrike","HollowMod:InfectionAssault"],"relics":["HollowMod:VesselMask","The Courier","Tiny House"],"acts_visited":["Exordium","TheCity"],"potions_floor_usage":[],"damage_taken":[{"damage":1,"enemies":"Jaw Worm","floor":1,"turns":4},{"damage":0,"enemies":"2 Louse","floor":5,"turns":2},{"damage":0,"enemies":"Cultist","floor":7,"turns":3},{"damage":0,"enemies":"Exordium Thugs","floor":11,"turns":3},{"damage":7,"enemies":"Blue Slaver","floor":12,"turns":4},{"damage":2,"enemies":"Exordium Wildlife","floor":14,"turns":3},{"damage":66,"enemies":"The Guardian","floor":16,"turns":13},{"damage":21,"enemies":"2 Thieves","floor":18,"turns":4},{"damage":4,"enemies":"Chosen","floor":19,"turns":4},{"damage":25,"enemies":"Snake Plant","floor":20,"turns":5},{"damage":49,"enemies":"3 Cultists","floor":21,"turns":5},{"damage":20,"enemies":"Centurion and Healer","floor":22,"turns":5}],"seed_played":"-2472113227442198528","potions_obtained":[{"floor":12,"key":"AttackPotion"},{"floor":14,"key":"AttackPotion"},{"floor":17,"key":"PowerPotion"},{"floor":18,"key":"Weak Potion"}],"is_trial":false,"path_per_floor":["M","?","$","?","M","R","M","R","T","R","M","M","?","M","R","B",null,"M","M","M","M","M"],"character_chosen":"THE_BUGKNIGHT","items_purchased":["HollowMod:CycloneSlash","Dark Shackles","HollowMod:CloakDash"],"campfire_rested":0,"item_purchase_floors":[3,3,3],"current_hp_per_floor":[75,75,75,75,75,75,75,75,75,75,75,74,79,77,77,21,85,70,72,57,14,0,0],"gold":239,"neow_bonus":"HUNDRED_GOLD","is_daily":false,"chose_seed":false,"campfire_upgraded":4,"win_rate":0.0,"timestamp":1610996066,"path_taken":["M","?","$","?","M","R","M","R","T","R","M","M","?","M","R","BOSS","M","M","M","M","M"],"items_purchased_type":["Card","Card","Card"],"build_version":"2020-12-22","purchased_purges":0,"victory":false,"max_hp_per_floor":[75,75,75,75,75,75,75,75,75,75,75,75,80,80,80,80,85,85,85,85,85,85,85],"card_choices":[{"not_picked":["HollowMod:DescendingDark","HollowMod:DashSlash"],"picked":"HollowMod:HowlingWraiths","floor":1},{"not_picked":["HollowMod:MothsMistake","HollowMod:CrystalDash","HollowMod:FallenFury"],"picked":"SKIP","floor":5},{"not_picked":["HollowMod:QuirrelsAssistance","HollowMod:CornifersMapStart"],"picked":"HollowMod:VengefulSpirit","floor":7},{"not_picked":["HollowMod:DescendingDark","HollowMod:DungDefenderAura"],"picked":"HollowMod:SoulSplash","floor":11},{"not_picked":["HollowMod:HeavyBlow","HollowMod:FastStrike"],"picked":"HollowMod:SoulStrike","floor":12},{"not_picked":["HollowMod:MothsMistake","HollowMod:NewJinnsSoul","HollowMod:NewGlowingWomb"],"picked":"SKIP","floor":14},{"not_picked":["HollowMod:NewInfectedGuardian","HollowMod:PaleKingsBlessing"],"picked":"HollowMod:Weaversong","floor":16},{"not_picked":["HollowMod:LuriensSpire","HollowMod:ShadowDash"],"picked":"HollowMod:InfectedCysts","floor":17},{"not_picked":["HollowMod:GoodIntentions","HollowMod:VengefulVoid"],"picked":"HollowMod:HeavyBlow","floor":18},{"not_picked":["HollowMod:ChannelNail+1","HollowMod:DreamGate"],"picked":"HollowMod:DescendingDark","floor":19},{"not_picked":["HollowMod:HeavyBlow","HollowMod:SoulStrike"],"picked":"HollowMod:WraithStrike","floor":20},{"not_picked":["HollowMod:DashSlash","HollowMod:FallenFury"],"picked":"HollowMod:InfectionAssault","floor":21}],"player_experience":465271,"relics_obtained":[{"floor":9,"key":"The Courier"}],"event_choices":[{"damage_healed":0,"gold_gain":0,"player_choice":"Left Gold","damage_taken":0,"max_hp_gain":0,"max_hp_loss":0,"event_name":"World of Goop","floor":2,"gold_loss":42},{"damage_healed":0,"gold_gain":0,"player_choice":"Ignored","damage_taken":0,"max_hp_gain":0,"max_hp_loss":0,"event_name":"Golden Idol","floor":4,"gold_loss":0}],"is_beta":false,"boss_relics":[{"not_picked":["Calling Bell","Fusion Hammer"],"picked":"Tiny House"}],"items_purged_floors":[],"is_endless":false,"potions_floor_spawned":[12,14,18,19,21],"killed_by":"Centurion and Healer","ascension_level":0}}