{"host":"mcdusr64esz012l0","time":1610928227,"event":{"mods":["BaseMod","Minty Spire (QoL Compilation)","Relic Stats"],"gold_per_floor":[109,109,128,278,278,322,338,369,395,408,441,456,456,479,479,569,569,590,590,574,574,574],"floor_reached":21,"language":"ENG","playtime":727,"items_purged":[],"score":452,"play_id":"7d5c38cd-bd8e-44a7-ac79-c8a82b368192","local_time":"20210117190347","is_ascension_mode":true,"campfire_choices":[{"floor":15,"key":"REST"}],"circlet_count":0,"master_deck":["AscendersBane","Strike_R","Strike_R","Strike_R","Strike_R","Strike_R","Defend_R","Defend_R","Defend_R","Defend_R","Bash+1","Power Through","Reckless Charge","Doubt","Spot Weakness","Cleave","Thunderclap","Uppercut","Double Tap+1","Armaments+1","Reaper"],"relics":["Burning Blood","NeowsBlessing","Bag of Preparation","Golden Idol","MealTicket","Bird Faced Urn","PreservedInsect","Calipers","Black Star"],"acts_visited":["Exordium","TheCity"],"potions_floor_usage":[8,16],"damage_taken":[{"damage":0,"enemies":"Small Slimes","floor":1,"turns":1},{"damage":0,"enemies":"2 Louse","floor":3,"turns":1},{"damage":0,"enemies":"Lagavulin","floor":6,"turns":1},{"damage":0,"enemies":"Cultist","floor":7,"turns":3},{"damage":30,"enemies":"3 Sentries","floor":8,"turns":6},{"damage":1,"enemies":"2 Fungi Beasts","floor":10,"turns":3},{"damage":35,"enemies":"Lagavulin","floor":11,"turns":6},{"damage":5,"enemies":"Looter","floor":12,"turns":5},{"damage":15,"enemies":"Gremlin Gang","floor":14,"turns":2},{"damage":40,"enemies":"Hexaghost","floor":16,"turns":9},{"damage":39,"enemies":"3 Byrds","floor":18,"turns":9},{"damage":24,"enemies":"2 Thieves","floor":20,"turns":4},{"damage":44,"enemies":"Cultist and Chosen","floor":21,"turns":3}],"seed_played":"-3227179046144142865","potions_obtained":[{"floor":1,"key":"GamblersBrew"},{"floor":3,"key":"FairyPotion"},{"floor":10,"key":"Strength Potion"}],"is_trial":false,"path_per_floor":["M","?","M","?","?","E","M","E","T","M","E","M","?","M","R","B",null,"M","?","M","M"],"character_chosen":"IRONCLAD","items_purchased":[],"campfire_rested":1,"item_purchase_floors":[],"current_hp_per_floor":[74,69,75,75,68,68,68,44,44,49,20,21,1,21,41,7,53,20,20,30,0,0],"gold":574,"neow_bonus":"THREE_ENEMY_KILL","is_daily":false,"chose_seed":false,"campfire_upgraded":0,"win_rate":0.0,"timestamp":1610928227,"path_taken":["M","?","M","?","?","E","M","E","T","M","E","M","?","M","R","BOSS","M","?","M","?"],"items_purchased_type":[],"build_version":"2020-12-22","purchased_purges":0,"victory":false,"max_hp_per_floor":[75,75,75,75,68,68,68,68,68,68,68,68,68,68,68,68,68,68,68,68,68,68],"relic_stats":{"counters":[13,53],"Golden Idol":63,"Bird Faced Urn":[0],"MealTicket":0,"PreservedInsect":28,"Bag of Preparation":[24],"Black Star":0,"obtain_stats":[{"Calipers":11,"NeowsBlessing":0,"Golden Idol":5,"Bird Faced Urn":8,"MealTicket":6,"PreservedInsect":9,"Bag of Preparation":2,"Black Star":17,"Burning Blood":0},{"Calipers":7,"NeowsBlessing":0,"Golden Idol":2,"Bird Faced Urn":5,"MealTicket":3,"PreservedInsect":5,"Bag of Preparation":1,"Black Star":10,"Burning Blood":0},{"Calipers":21,"NeowsBlessing":0,"Golden Idol":2,"Bird Faced Urn":12,"MealTicket":3,"PreservedInsect":12,"Bag of Preparation":1,"Black Star":37,"Burning Blood":0}],"Burning Blood":60},"card_choices":[{"not_picked":["Ghostly Armor","Shrug It Off"],"picked":"Power Through","floor":1},{"not_picked":["Havoc","Thunderclap"],"picked":"Reckless Charge","floor":3},{"not_picked":["Clothesline","Wild Strike"],"picked":"Spot Weakness","floor":6},{"not_picked":["Iron Wave","Twin Strike"],"picked":"Cleave","floor":7},{"not_picked":["Clothesline","Reckless Charge"],"picked":"Thunderclap","floor":8},{"not_picked":["Ghostly Armor","Dark Embrace","Havoc"],"picked":"SKIP","floor":10},{"not_picked":["Warcry","Perfected Strike"],"picked":"Uppercut","floor":11},{"not_picked":["Reckless Charge","Perfected Strike"],"picked":"Double Tap","floor":12},{"not_picked":["Reckless Charge","True Grit"],"picked":"Armaments","floor":14},{"not_picked":["Immolate","Juggernaut"],"picked":"Reaper","floor":16},{"not_picked":["Headbutt","Havoc","Wild Strike"],"picked":"SKIP","floor":18},{"not_picked":["Havoc","Iron Wave","Clash"],"picked":"SKIP","floor":20}],"player_experience":1049214,"relics_obtained":[{"floor":6,"key":"MealTicket"},{"floor":8,"key":"Bird Faced Urn"},{"floor":9,"key":"PreservedInsect"},{"floor":11,"key":"Calipers"}],"event_choices":[{"damage_healed":0,"gold_gain":0,"player_choice":"Success","damage_taken":5,"relics_obtained":["Bag of Preparation"],"max_hp_gain":0,"max_hp_loss":0,"event_name":"Scrap Ooze","floor":2,"gold_loss":0},{"damage_healed":0,"gold_gain":150,"player_choice":"AGREE","damage_taken":0,"max_hp_gain":0,"max_hp_loss":0,"event_name":"Liars Game","floor":4,"gold_loss":0,"cards_obtained":["Doubt"]},{"damage_healed":0,"gold_gain":0,"player_choice":"Lose Max HP","damage_taken":0,"relics_obtained":["Golden Idol"],"max_hp_gain":0,"max_hp_loss":7,"event_name":"Golden Idol","floor":5,"gold_loss":0},{"damage_healed":0,"gold_gain":0,"player_choice":"Entered Light","damage_taken":20,"max_hp_gain":0,"max_hp_loss":0,"event_name":"Shining Light","floor":13,"gold_loss":0,"cards_upgraded":["Double Tap","Bash"]},{"damage_healed":0,"gold_gain":0,"player_choice":"Upgraded","damage_taken":0,"max_hp_gain":0,"max_hp_loss":0,"event_name":"Upgrade Shrine","floor":19,"gold_loss":0,"cards_upgraded":["Armaments"]}],"is_beta":false,"boss_relics":[{"not_picked":["SlaversCollar","Ectoplasm"],"picked":"Black Star"}],"items_purged_floors":[],"is_endless":false,"potions_floor_spawned":[1,3,7,10],"killed_by":"Cultist and Chosen","ascension_level":20}}