{"host":"owox7x4ngjt9htcc","time":1610950901,"event":{"mods":["BaseMod","Colored Map","DeckTracker","Keyboard Shortcuts","Minty Spire (QoL Compilation)","SuperFastMode"],"gold_per_floor":[114,129,144,144,219,257,257,295,295,40,65,84,103,122,122,247,247,266,280,305,155,155,193,468,506,506,544,26,26,64,102,102,227,227,246,246,579,624,649,679,694,324,324,30,80,95,125,125,125,125],"floor_reached":51,"language":"KOR","playtime":1525,"items_purged":[],"score":1105,"play_id":"a9d8579d-aec3-4965-85e6-139c8d2093ad","local_time":"20210118152141","daily_mods":["Draft","Flight","Lethality"],"is_ascension_mode":false,"campfire_choices":[{"data":"Armaments","floor":7.0,"key":"SMITH"},{"data":"Armaments","floor":15.0,"key":"SMITH"},{"data":"Barricade","floor":32,"key":"SMITH"},{"data":"Limit Break","floor":49,"key":"SMITH"}],"circlet_count":0,"master_deck":["Rampage","Metallicize","Flex","Twin Strike","Sword Boomerang","Inflame","Iron Wave","True Grit","Cleave","Armaments+1","True Grit","Sentinel","Armaments+1","Wild Strike","Shrug It Off","Pommel Strike+1","Shrug It Off","Barricade+1","Pummel","Dark Embrace","Limit Break+1","Rampage","Impervious","Iron Wave","Ghostly Armor","Impervious","Metallicize","Offering","Shockwave","Impervious","Feel No Pain","Feel No Pain","Sword Boomerang+1","Offering","Fire Breathing+1","Entrench+1","Inflame","Fire Breathing","Shockwave","Metallicize+1","Madness","Madness"],"relics":["Burning Blood","Juzu Bracelet","Tiny Chest","Boot","TheAbacus","Omamori","Mark of Pain","Red Mask","Happy Flower","DollysMirror","Bird Faced Urn","Lantern","Darkstone Periapt","Pocketwatch","Charon\u0027s Ashes","HornCleat","PreservedInsect","Eternal Feather","Coffee Dripper","Red Skull","Mango","Whetstone","Nunchaku","Ice Cream","Sundial","Medical Kit","Gambling Chip","Ancient Tea Set"],"acts_visited":["TheCity","TheBeyond"],"potions_floor_usage":[33,50,50,50,50,50],"damage_taken":[{"damage":0.0,"enemies":"Cultist","floor":1.0,"turns":2.0},{"damage":0.0,"enemies":"2 Louse","floor":2.0,"turns":3.0},{"damage":0.0,"enemies":"Small Slimes","floor":3.0,"turns":2.0},{"damage":0.0,"enemies":"Lagavulin","floor":6.0,"turns":5.0},{"damage":14.0,"enemies":"Gremlin Nob","floor":8.0,"turns":3.0},{"damage":2.0,"enemies":"Blue Slaver","floor":12.0,"turns":2.0},{"damage":0.0,"enemies":"Looter","floor":13.0,"turns":2.0},{"damage":3.0,"enemies":"3 Louse","floor":14.0,"turns":2.0},{"damage":33.0,"enemies":"Slime Boss","floor":16.0,"turns":6.0},{"damage":5.0,"enemies":"2 Thieves","floor":18.0,"turns":4.0},{"damage":32.0,"enemies":"Masked Bandits","floor":19.0,"turns":4.0},{"damage":0.0,"enemies":"Book of Stabbing","floor":23.0,"turns":3.0},{"damage":27.0,"enemies":"Slavers","floor":25.0,"turns":6.0},{"damage":11,"enemies":"Book of Stabbing","floor":27,"turns":6},{"damage":6,"enemies":"Gremlin Leader","floor":30,"turns":7},{"damage":12,"enemies":"Book of Stabbing","floor":31,"turns":3},{"damage":1,"enemies":"Champ","floor":33,"turns":8},{"damage":0,"enemies":"3 Shapes","floor":35,"turns":4},{"damage":12,"enemies":"2 Orb Walkers","floor":38,"turns":4},{"damage":9,"enemies":"Nemesis","floor":40,"turns":5},{"damage":14,"enemies":"3 Darklings","floor":41,"turns":7},{"damage":12,"enemies":"Mind Bloom Boss Battle","floor":45,"turns":3},{"damage":12,"enemies":"Sphere and 2 Shapes","floor":46,"turns":2},{"damage":12,"enemies":"Giant Head","floor":47,"turns":6},{"damage":12,"enemies":"Awakened One","floor":50,"turns":21}],"seed_played":"-1283480827410872575","potions_obtained":[{"floor":1.0,"key":"Energy Potion"},{"floor":6.0,"key":"LiquidBronze"},{"floor":8.0,"key":"HeartOfIron"},{"floor":31,"key":"EntropicBrew"},{"floor":38,"key":"Energy Potion"},{"floor":45,"key":"HeartOfIron"}],"is_trial":false,"path_per_floor":["M","M","M","?","?","E","R","E","T","$","T","M","M","M","R","B",null,"M","?","T","$","?","E","?","E","T","E","$","T","E","E","R","B",null,"M","T","?","?","T","E","M","$","T","$","?","M","E","?","R","B",null],"character_chosen":"IRONCLAD","items_purchased":["TheAbacus","Pummel","Dark Embrace","DollysMirror","Charon\u0027s Ashes","Impervious","Feel No Pain","Inflame","Ice Cream","Medical Kit","Fire Breathing","Shockwave"],"campfire_rested":0,"item_purchase_floors":[10,10,10,21,28,28,28,42,42,44,44,44],"current_hp_per_floor":[80,80,80,74,63,69,69,61,61,61,61,65,71,74,74,47,74,74,48,48,48,48,54,54,39,39,42,42,42,52,50,68,74,74,74,74,74,88,88,88,88,88,88,88,88,88,88,77,88,88],"gold":125,"neow_bonus":"","is_daily":true,"chose_seed":false,"campfire_upgraded":4,"win_rate":0.0,"timestamp":1610950901,"path_taken":["M","?","M","?","?","E","R","E","T","?","?","M","M","M","R","BOSS","M","?","?","$","?","E","?","E","T","E","?","?","E","E","R","BOSS","M","?","?","?","?","E","M","$","T","$","?","M","E","?","R","BOSS"],"items_purchased_type":["Relic","Card","Card","Relic","Relic","Card","Card","Card","Relic","Relic","Card","Card"],"build_version":"2020-12-22","purchased_purges":0,"victory":true,"max_hp_per_floor":[80,80,80,74,74,74,74,74,74,74,74,74,74,74,74,74,74,74,74,74,74,74,74,74,74,74,74,74,74,74,74,74,74,74,74,74,74,88,88,88,88,88,88,88,88,88,88,88,88,88],"card_choices":[{"not_picked":["Second Wind","True Grit"],"picked":"Rampage","floor":0.0},{"not_picked":["Cleave","Feel No Pain"],"picked":"Metallicize","floor":0.0},{"not_picked":["Anger","Hemokinesis"],"picked":"Flex","floor":0.0},{"not_picked":["Armaments","Clash"],"picked":"Twin Strike","floor":0.0},{"not_picked":["Hemokinesis","Armaments"],"picked":"Sword Boomerang","floor":0.0},{"not_picked":["Cleave","Sentinel"],"picked":"Inflame","floor":0.0},{"not_picked":["Wild Strike","Entrench"],"picked":"Iron Wave","floor":0.0},{"not_picked":["Heavy Blade","Cleave"],"picked":"True Grit","floor":0.0},{"not_picked":["Dual Wield","Thunderclap"],"picked":"Cleave","floor":0.0},{"not_picked":["Dropkick","Flex"],"picked":"Armaments","floor":0.0},{"not_picked":["Feel No Pain","Anger"],"picked":"True Grit","floor":0.0},{"not_picked":["Anger","Clothesline"],"picked":"Sentinel","floor":0.0},{"not_picked":["True Grit","Anger"],"picked":"Armaments","floor":0.0},{"not_picked":["Armaments","Flex"],"picked":"Wild Strike","floor":0.0},{"not_picked":["Warcry","Bloodletting"],"picked":"Shrug It Off","floor":0.0},{"not_picked":["Body Slam","True Grit","Cleave"],"picked":"SKIP","floor":1.0},{"not_picked":["Flex","Anger","Wild Strike"],"picked":"SKIP","floor":2.0},{"not_picked":["Seeing Red","Evolve"],"picked":"Pommel Strike","floor":3.0},{"not_picked":["Pommel Strike","Searing Blow"],"picked":"Shrug It Off","floor":6.0},{"not_picked":["Juggernaut","Heavy Blade"],"picked":"Barricade","floor":8.0},{"not_picked":["Armaments","Dual Wield","Havoc"],"picked":"SKIP","floor":12.0},{"not_picked":["Body Slam","Hemokinesis"],"picked":"Limit Break","floor":13.0},{"not_picked":["Rupture","Pummel"],"picked":"Rampage","floor":14.0},{"not_picked":["Berserk","Double Tap"],"picked":"Impervious","floor":16.0},{"not_picked":["Fire Breathing","Clash"],"picked":"Iron Wave","floor":18.0},{"not_picked":["Clash","Iron Wave+1"],"picked":"Ghostly Armor","floor":19.0},{"not_picked":["Headbutt","True Grit+1","Armaments+1"],"picked":"SKIP","floor":23.0},{"not_picked":["Reckless Charge+1","Anger"],"picked":"Offering","floor":25},{"not_picked":["Inflame","Reckless Charge+1"],"picked":"Shockwave","floor":27},{"not_picked":["True Grit","Dark Embrace"],"picked":"Feel No Pain","floor":30},{"not_picked":["Thunderclap+1","Twin Strike"],"picked":"Sword Boomerang","floor":31},{"not_picked":["Demon Form","Bludgeon"],"picked":"Offering","floor":33},{"not_picked":["Clash","Pommel Strike+1","Sword Boomerang+1"],"picked":"SKIP","floor":35},{"not_picked":["Dropkick+1","True Grit"],"picked":"Fire Breathing+1","floor":40},{"not_picked":["Wild Strike+1","Burning Pact"],"picked":"Entrench+1","floor":41},{"not_picked":["Clothesline+1","Double Tap"],"picked":"Metallicize+1","floor":45},{"not_picked":["Infernal Blade","Carnage","Sentinel"],"picked":"SKIP","floor":46},{"not_picked":["Infernal Blade","Bloodletting","Searing Blow+1"],"picked":"SKIP","floor":47}],"player_experience":889491,"relics_obtained":[{"floor":6.0,"key":"Juzu Bracelet"},{"floor":8.0,"key":"Tiny Chest"},{"floor":9.0,"key":"Boot"},{"floor":11.0,"key":"Omamori"},{"floor":19.0,"key":"Red Mask"},{"floor":20.0,"key":"Happy Flower"},{"floor":23.0,"key":"Bird Faced Urn"},{"floor":25,"key":"Lantern"},{"floor":26,"key":"Darkstone Periapt"},{"floor":27,"key":"Pocketwatch"},{"floor":29,"key":"HornCleat"},{"floor":30,"key":"PreservedInsect"},{"floor":31,"key":"Eternal Feather"},{"floor":36,"key":"Red Skull"},{"floor":38,"key":"Mango"},{"floor":39,"key":"Whetstone"},{"floor":40,"key":"Nunchaku"},{"floor":43,"key":"Sundial"},{"floor":45,"key":"Gambling Chip"},{"floor":47,"key":"Ancient Tea Set"}],"event_choices":[{"damage_healed":0.0,"max_hp_gain":0.0,"max_hp_loss":6.0,"gold_gain":0.0,"event_name":"Golden Idol","player_choice":"Lose Max HP","floor":4.0,"gold_loss":0.0,"damage_taken":0.0,"relics_obtained":["Golden Idol"]},{"damage_healed":0.0,"max_hp_gain":0.0,"max_hp_loss":0.0,"gold_gain":75.0,"event_name":"World of Goop","player_choice":"Gather Gold","floor":5.0,"gold_loss":0.0,"damage_taken":11.0},{"damage_healed":0.0,"max_hp_gain":0.0,"max_hp_loss":0.0,"gold_gain":0.0,"event_name":"Masked Bandits","player_choice":"Fought Bandits","floor":19.0,"gold_loss":0.0,"damage_taken":0.0},{"damage_healed":0.0,"max_hp_gain":0.0,"max_hp_loss":0.0,"gold_gain":0.0,"event_name":"The Library","player_choice":"Read","floor":22.0,"gold_loss":0.0,"damage_taken":0.0,"cards_obtained":["Metallicize"]},{"damage_healed":0.0,"max_hp_gain":0.0,"max_hp_loss":0.0,"gold_gain":275.0,"event_name":"Golden Shrine","player_choice":"Desecrate","floor":24.0,"gold_loss":0.0,"damage_taken":0.0,"cards_obtained":["Regret"]},{"damage_healed":0,"gold_gain":333,"player_choice":"Gave Idol","damage_taken":0,"max_hp_gain":0,"max_hp_loss":0,"event_name":"The Moai Head","floor":37,"relics_lost":["Golden Idol"],"gold_loss":0},{"damage_healed":0,"gold_gain":0,"player_choice":"Fight","damage_taken":0,"max_hp_gain":0,"max_hp_loss":0,"event_name":"Mysterious Sphere","floor":38,"gold_loss":0},{"damage_healed":0,"gold_gain":0,"player_choice":"Fight","damage_taken":0,"max_hp_gain":0,"max_hp_loss":0,"event_name":"MindBloom","floor":45,"gold_loss":0},{"damage_healed":0,"gold_gain":0,"player_choice":"Embrace Madness","damage_taken":11,"max_hp_gain":0,"max_hp_loss":0,"event_name":"Winding Halls","floor":48,"gold_loss":0,"cards_obtained":["Madness","Madness"]}],"is_beta":false,"boss_relics":[{"not_picked":["Runic Dome","Sozu"],"picked":"Mark of Pain"},{"not_picked":["Astrolabe","Velvet Choker"],"picked":"Coffee Dripper"}],"items_purged_floors":[],"is_endless":false,"potions_floor_spawned":[1,6,8,19,30,31,38,45,46,47],"ascension_level":0}}