{"host":"ux1e5jwgl66eze79","time":1610944451,"event":{"mods":["2.2 Compatiblity","Act Like it!","Aspiration","BaseMod","Conspire","Downfall","Duelist Mod","GifTheSpireLib","Hermit","Hubris","Minty Spire (QoL Compilation)","StSLib","The Cursed","Wandering Minibosses"],"gold_per_floor":[99,99,47,47,62,90,90,90,116,134,44,44,55,55,75,75,75,75],"floor_reached":16,"language":"ENG","playtime":948,"items_purged":["Guardian:Strike_Guardian"],"score":113,"play_id":"28acd22d-7bb6-4eef-8d8d-80ca1a5b7f30","local_time":"20210118053411","is_ascension_mode":true,"campfire_choices":[{"floor":1,"key":"RECALL"},{"floor":12,"key":"REST"}],"circlet_count":0,"master_deck":["Guardian:Strike_Guardian","Guardian:Strike_Guardian","Guardian:Strike_Guardian","Guardian:Defend_Guardian","Guardian:Defend_Guardian","Guardian:Defend_Guardian","Guardian:Defend_Guardian","Guardian:CurlUp","Guardian:TwinSlam","Guardian:Planning","Guardian:DonusPower","Guardian:CrystalBeam","Guardian:CrystalBeam","Guardian:WalkerClaw","Guardian:Reroute","Guardian:VentSteam","Parasite","Guardian:Gem_Purple"],"relics":["Guardian:ModeShifter","downfall:HeartsMalice","Unceasing Top","PreservedInsect"],"acts_visited":["Exordium"],"potions_floor_usage":[6,9,9,16,16,16],"damage_taken":[{"damage":0,"enemies":"Cultist","floor":2,"turns":1},{"damage":0,"enemies":"downfall:FleeingMerchant","floor":3,"turns":1},{"damage":0,"enemies":"Jaw Worm","floor":4,"turns":1},{"damage":6,"enemies":"2 Louse","floor":5,"turns":4},{"damage":31,"enemies":"Lagavulin","floor":6,"turns":5},{"damage":21,"enemies":"3 Sentries","floor":9,"turns":8},{"damage":9,"enemies":"Blue Slaver","floor":10,"turns":3},{"damage":0,"enemies":"downfall:FleeingMerchant","floor":11,"turns":4},{"damage":8,"enemies":"Exordium Thugs","floor":13,"turns":4},{"damage":14,"enemies":"3 Louse","floor":15,"turns":4},{"damage":66,"enemies":"WA_ARCHETYPE_RETAIN","floor":16,"turns":7}],"seed_played":"-3168159297054214195","potions_obtained":[{"floor":5,"key":"Guardian:StasisDiscoveryPotion"},{"floor":8,"key":"SpeedPotion"},{"floor":8,"key":"Ancient Potion"},{"floor":8,"key":"Explosive Potion"},{"floor":9,"key":"PowerPotion"},{"floor":13,"key":"Strength Potion"}],"is_trial":false,"path_per_floor":["R","M","$","M","M","E","T","?","E","M","$","R","M","?","M","B"],"character_chosen":"GUARDIAN","items_purchased":["Guardian:CrystalBeam"],"campfire_rested":1,"item_purchase_floors":[3],"current_hp_per_floor":[80,80,80,80,74,43,43,43,22,13,13,37,29,49,35,0,0,0],"gold":75,"neow_bonus":"THREE_ENEMY_KILL","is_daily":false,"chose_seed":false,"campfire_upgraded":0,"win_rate":0.0,"timestamp":1610944451,"path_taken":["R","M","$","?","M","E","T","?","E","?","$","R","M","?","M","BOSS"],"items_purchased_type":["Card"],"build_version":"2020-12-22","purchased_purges":1,"victory":false,"max_hp_per_floor":[80,80,80,80,80,80,80,80,80,80,80,80,80,80,80,80,80,80],"card_choices":[{"not_picked":["Guardian:BronzeOrb","Guardian:Orbwalk"],"picked":"Guardian:Planning","floor":2},{"not_picked":["Guardian:Gem_Red","Guardian:TimeBomb"],"picked":"Guardian:DonusPower","floor":3},{"not_picked":["Guardian:TemporalShield","Guardian:PiercingHide"],"picked":"Guardian:Gem_Crimson","floor":4},{"not_picked":["Guardian:Repulse","Guardian:PiercingHide"],"picked":"Guardian:CrystalBeam","floor":5},{"not_picked":["Guardian:TimeSifter","Guardian:DecasProtection","Guardian:SpikerProtocol"],"picked":"SKIP","floor":6},{"not_picked":["Guardian:ChargeCore","Guardian:RollAttack"],"picked":"Guardian:WalkerClaw","floor":9},{"not_picked":["Guardian:ChargeCore","Guardian:Gem_Yellow"],"picked":"Guardian:Gem_Purple","floor":10},{"not_picked":["Guardian:StasisStrike","Guardian:PrimingBeam"],"picked":"Guardian:Reroute","floor":11},{"not_picked":["Guardian:ShieldCharger","Guardian:FloatingOrbs"],"picked":"Guardian:VentSteam","floor":13},{"not_picked":["Guardian:Recover","Guardian:PrismaticBarrier"],"picked":"Guardian:Gem_Purple","floor":15}],"player_experience":143217,"relics_obtained":[{"floor":6,"key":"Unceasing Top"},{"floor":7,"key":"Ornamental Fan"},{"floor":9,"key":"PreservedInsect"}],"event_choices":[{"damage_healed":20,"gold_gain":0,"player_choice":"Healed and dodged fight","damage_taken":0,"max_hp_gain":0,"max_hp_loss":0,"event_name":"Mushrooms","floor":14,"gold_loss":0,"cards_obtained":["Parasite"]}],"is_beta":false,"boss_relics":[],"items_purged_floors":[11],"is_endless":false,"potions_floor_spawned":[5,9,13],"killed_by":"WA_ARCHETYPE_RETAIN","ascension_level":1}}