{"host":"00tqcjwpycel7e54","time":1610975059,"event":{"mods":["ATMod(阿瑾Mod)","Act Like it!","BaseMod","Colored Powertips","Decade(王小明)","Hermit","Highlight Path","Hubris","Luminous","Marisa（F雨　魔理沙）","Minty Spire (QoL Compilation)","Reimu（博丽灵梦）","Remilia（蕾米莉亚）","Robot Space Explorer","SOS（斯巴达之子）","Shop Mod","Spicy Shops","StSLib","The Administrix","The Animator","The Blackbeard","The Bug Knight","The Construct","The Cursed","The Gatherer","The Hierophant","The Mystic","The Runesmith","The Servant 0.9.4","WarShipGirlsR/战舰少女R mod","Youmu（魂魄妖梦）","Yuyuko","vexMod","【遗物卡牌】REMEMod"],"gold_per_floor":[112,122,72,84,94,121,133,133,133,159,177,193,205,235,235,338,338,352,352,352,317,317,342,352,379,403,182,182,213,227,237,237,334,334,354,354,374,374,386,413,413,431,431,449,482,7,36,53,53,53,53,53,3,33,33],"floor_reached":56,"language":"ZHS","playtime":4888,"items_purged":["Strike_B","Strike_B"],"score":1675,"play_id":"37d07e72-6cf2-4395-a818-d0756008149c","local_time":"20210118210419","is_ascension_mode":true,"campfire_choices":[{"data":"AT_TwilightShroud","floor":8.0,"key":"SMITH"},{"data":"Defragment","floor":15.0,"key":"SMITH"},{"data":"Fusion","floor":28.0,"key":"SMITH"},{"data":"AT_ThunderBolt","floor":32.0,"key":"SMITH"},{"data":"Buffer","floor":41,"key":"SMITH"},{"floor":49,"key":"RECALL"},{"data":"Rainbow","floor":52,"key":"SMITH"}],"circlet_count":0,"master_deck":["Defend_B","Defend_B","Defend_B","Defend_B","Zap","Dualcast","AT_TwilightShroud+1","Defragment+1","Heatsinks","hubris:Ukulele","Steam","REME_SelfUpgrade","Redo","Reboot+1","Fusion+1","REME_Whirling","Thunder Strike","Capacitor","AT_WaterDrop+1","Loop+1","Static Discharge","Static Discharge+1","Coolheaded","AT_ThunderBolt+1","Rainbow+1","hubris:PowerSurge+1","Tempest+1","BootSequence","Buffer+1","hubris:PowerSurge+1","AT_ThunderBolt+1","Lockon+1","Force Field+1"],"relics":["Cracked Core","AT_ATBox","REME_ComplimentaryCards","NeowsBlessing","Tiny Chest","Letter Opener","hubris:GlazedTorus","Torii","hubris:HollowSoul","hubris:DisguiseKit","Matryoshka","vexMod:PlasmaPancake","Runesmith:AutoHammer","Dream Catcher","Runic Capacitor","Black Star","hubris:64BitClover","Pen Nib","Lantern","hubris:BundleOfHerbs","Molten Egg 2","REME_PuzzleBoxRelic","vexMod:PaidLearning","Prayer Wheel","hubris:BallOfYels","hubris:Reverence","Anchor"],"acts_visited":["Exordium","TheCity","TheBeyond","TheEnding"],"potions_floor_usage":[40,55,55,55],"damage_taken":[{"damage":0.0,"enemies":"Jaw Worm","floor":1.0,"turns":1.0},{"damage":0.0,"enemies":"Small Slimes","floor":2.0,"turns":1.0},{"damage":0.0,"enemies":"Cultist","floor":4.0,"turns":1.0},{"damage":10.0,"enemies":"Large Slime","floor":5.0,"turns":5.0},{"damage":21.0,"enemies":"Lagavulin","floor":6.0,"turns":8.0},{"damage":0.0,"enemies":"Exordium Wildlife","floor":7.0,"turns":3.0},{"damage":6.0,"enemies":"Gremlin Nob","floor":10.0,"turns":6.0},{"damage":0.0,"enemies":"Blue Slaver","floor":11.0,"turns":4.0},{"damage":0.0,"enemies":"Gremlin Gang","floor":12.0,"turns":5.0},{"damage":0.0,"enemies":"Large Slime","floor":13.0,"turns":5.0},{"damage":14.0,"enemies":"3 Sentries","floor":14.0,"turns":9.0},{"damage":10.0,"enemies":"Hexaghost","floor":16.0,"turns":9.0},{"damage":0.0,"enemies":"Spheric Guardian","floor":18.0,"turns":7.0},{"damage":33.0,"enemies":"Slavers","floor":23.0,"turns":6.0},{"damage":0.0,"enemies":"Shell Parasite","floor":24.0,"turns":8.0},{"damage":0.0,"enemies":"Gremlin Leader","floor":25.0,"turns":6.0},{"damage":11.0,"enemies":"REME_1_Revenger","floor":29.0,"turns":7.0},{"damage":0.0,"enemies":"Snake Plant","floor":30.0,"turns":5.0},{"damage":0.0,"enemies":"Cultist and Chosen","floor":31.0,"turns":6.0},{"damage":11,"enemies":"Automaton","floor":33,"turns":10},{"damage":8,"enemies":"3 Shapes","floor":35,"turns":5},{"damage":1,"enemies":"Orb Walker","floor":37,"turns":4},{"damage":0,"enemies":"Spire Growth","floor":39,"turns":6},{"damage":1,"enemies":"Giant Head","floor":40,"turns":7},{"damage":0,"enemies":"4 Shapes","floor":42,"turns":1},{"damage":0,"enemies":"Maw","floor":44,"turns":5},{"damage":0,"enemies":"HollowMod:StalkingDevout","floor":45,"turns":6},{"damage":1,"enemies":"Giant Head","floor":47,"turns":8},{"damage":0,"enemies":"Transient","floor":48,"turns":5},{"damage":0,"enemies":"Time Eater","floor":50,"turns":6},{"damage":0,"enemies":"Shield and Spear","floor":54,"turns":6},{"damage":69,"enemies":"The Heart","floor":55,"turns":5}],"seed_played":"-2782258610506494349","potions_obtained":[{"floor":4.0,"key":"SpeedPotion"},{"floor":5.0,"key":"ColorlessPotion"},{"floor":11.0,"key":"FairyPotion"},{"floor":14.0,"key":"Explosive Potion"},{"floor":23.0,"key":"DuplicationPotion"},{"floor":29.0,"key":"GamblersBrew"},{"floor":33,"key":"Block Potion"},{"floor":42,"key":"GamblersBrew"},{"floor":54,"key":"PowerPotion"}],"is_trial":false,"path_per_floor":["M","M","?","M","M","E","M","R","T","E","M","M","M","E","R","B",null,"M","?","?","$","T","E","M","E","T","$","R","E","M","M","R","B",null,"M","?","M","?","M","E","R","M","T","M","E","$","E","M","R","B",null,"R","$","E","B",null],"character_chosen":"DEFECT","items_purchased":["Static Discharge","Runic Capacitor","REME_PuzzleBoxRelic","vexMod:PaidLearning","DistilledChaos","PowerPotion"],"campfire_rested":0,"item_purchase_floors":[21,27,46,46,46,53],"current_hp_per_floor":[75,75,75,75,65,44,44,44,44,58,58,58,58,44,44,34,75,75,75,75,75,75,42,42,48,48,48,48,43,43,43,43,32,87,79,79,78,78,78,77,77,77,77,77,77,77,76,76,76,76,87,87,87,87,18],"gold":33,"neow_bonus":"THREE_ENEMY_KILL","is_daily":false,"chose_seed":false,"campfire_upgraded":6,"win_rate":0.0,"timestamp":1610975059,"path_taken":["M","M","?","M","M","E","M","R","T","E","M","M","M","E","R","BOSS","M","?","?","?","?","E","M","E","T","$","R","E","M","M","R","BOSS","M","?","M","?","M","E","R","M","T","M","E","$","E","M","R","BOSS","R","$","E","BOSS"],"items_purchased_type":["Card","Relic","Relic","Relic","Potion","Potion"],"build_version":"2020-12-22","purchased_purges":2,"victory":true,"max_hp_per_floor":[75,75,75,75,75,75,75,75,75,75,75,75,75,75,75,75,75,75,75,75,75,75,75,75,81,81,81,81,87,87,87,87,87,87,87,87,87,87,87,87,87,87,87,87,87,87,87,87,87,87,87,87,87,87,87],"card_choices":[{"not_picked":["Redo","Steam"],"picked":"Defragment","floor":1.0},{"not_picked":["Rebound","Hologram"],"picked":"Heatsinks","floor":2.0},{"not_picked":["Rebound","Blizzard"],"picked":"hubris:Ukulele","floor":4.0},{"not_picked":["Redo","Compile Driver"],"picked":"Steam","floor":5.0},{"not_picked":["Ball Lightning","Genetic Algorithm"],"picked":"REME_SelfUpgrade","floor":6.0},{"not_picked":["Beam Cell","Rebound"],"picked":"Redo","floor":7.0},{"not_picked":["Scrape","hubris:Ukulele","Redo"],"picked":"Reboot","floor":10.0},{"not_picked":["AT_WarpDrive","Undo","Beam Cell"],"picked":"Fusion","floor":11.0},{"not_picked":["Doom and Gloom","Conserve Battery","Reprogram"],"picked":"REME_Whirling","floor":12.0},{"not_picked":["Barrage","Sweeping Beam","Streamline"],"picked":"Thunder Strike","floor":13.0},{"not_picked":["AT_StudyProgram","Barrage","Rebound"],"picked":"Capacitor","floor":14.0},{"not_picked":["Amplify","Core Surge","Seek"],"picked":"AT_WaterDrop","floor":16.0},{"not_picked":["Fusion","AT_WarpDrive","Beam Cell"],"picked":"Loop+1","floor":18.0},{"not_picked":["Coolheaded","Hologram","Cold Snap","hierophant:Racketeering"],"picked":"Static Discharge+1","floor":23.0},{"not_picked":["Fusion+1","AT_RobotInSpace","Barrage","Gash","hierophant:Kindle"],"picked":"SKIP","floor":24.0},{"not_picked":["AT_HeatAcrobatics","Blizzard","Gash","Streamline","hierophant:Empathy"],"picked":"SKIP","floor":25.0},{"not_picked":["REME_DataAnalysis","Aggregate","AT_WaterDrop","hierophant:Chorus"],"picked":"Coolheaded","floor":29.0},{"not_picked":["Compile Driver","Beam Cell","Leap","Coolheaded","hierophant:Upheaval"],"picked":"SKIP","floor":30.0},{"not_picked":["Barrage+1","Force Field","Consume","hierophant:Purify"],"picked":"AT_ThunderBolt","floor":31.0},{"not_picked":["hubris:Prefetch","REME_Shoggoth","All For One","hierophant:Determination"],"picked":"Rainbow","floor":33},{"not_picked":["Force Field","Recycle+1","Chill+1","hierophant:RustyCrate"],"picked":"hubris:PowerSurge+1","floor":35},{"not_picked":["Streamline+1","Barrage+1","Steam+1","hierophant:CursedGold"],"picked":"Tempest+1","floor":37},{"not_picked":["AT_HeatAcrobatics+1","Heatsinks+1","Darkness+1","AT_RobotInSpace+1","hierophant:CoinFling"],"picked":"SKIP","floor":39},{"not_picked":["AT_HeatAcrobatics+1","Heatsinks+1","Darkness+1","AT_RobotInSpace+1","hierophant:CoinFling"],"picked":"SKIP","floor":39},{"not_picked":["Hello World+1","Conserve Battery","Electrodynamics","hierophant:Mercenaries"],"picked":"Buffer","floor":40},{"not_picked":["Compile Driver","Chaos","hierophant:RustyCrate"],"picked":"hubris:PowerSurge+1","floor":42},{"not_picked":["Streamline+1","Gash","Steam+1","Cold Snap+1","hierophant:Upheaval"],"picked":"SKIP","floor":44},{"not_picked":["Fission","Gash+1","hierophant:Prophecy"],"picked":"AT_ThunderBolt+1","floor":45},{"not_picked":["Sunder+1","Barrage+1","Recycle","hierophant:PristineSoul"],"picked":"SKIP","floor":47},{"not_picked":["Conserve Battery","Self Repair","REME_Compress+1","hierophant:FieryStrike"],"picked":"Lockon+1","floor":48},{"not_picked":["Hologram+1","Ball Lightning+1","Go for the Eyes+1","hierophant:AuricBeam"],"picked":"Force Field+1","floor":48},{"not_picked":["Sweeping Beam+1","Conserve Battery+1","Glacier","hierophant:RustyCrate"],"picked":"SKIP","floor":54}],"player_experience":738317,"relics_obtained":[{"floor":6.0,"key":"Tiny Chest"},{"floor":9.0,"key":"Letter Opener"},{"floor":10.0,"key":"hubris:GlazedTorus"},{"floor":14.0,"key":"Torii"},{"floor":22.0,"key":"hubris:DisguiseKit"},{"floor":23.0,"key":"Matryoshka"},{"floor":25.0,"key":"vexMod:PlasmaPancake"},{"floor":26.0,"key":"Runesmith:AutoHammer"},{"floor":26.0,"key":"Dream Catcher"},{"floor":29.0,"key":"vexMod:BerryBomb"},{"floor":40,"key":"hubris:64BitClover"},{"floor":40,"key":"Pen Nib"},{"floor":43,"key":"Lantern"},{"floor":45,"key":"hubris:BundleOfHerbs"},{"floor":45,"key":"Molten Egg 2"},{"floor":47,"key":"Prayer Wheel"},{"floor":47,"key":"hubris:BallOfYels"},{"floor":54,"key":"hubris:Reverence"},{"floor":54,"key":"Anchor"}],"event_choices":[{"cards_removed":["Strike_B"],"damage_healed":0.0,"max_hp_gain":0.0,"max_hp_loss":0.0,"gold_gain":0.0,"event_name":"The Cleric","player_choice":"Card Removal","floor":3.0,"gold_loss":50.0,"damage_taken":0.0},{"damage_healed":0.0,"max_hp_gain":0.0,"max_hp_loss":0.0,"gold_gain":0.0,"event_name":"Vampires","player_choice":"Ignored","floor":19.0,"gold_loss":0.0,"damage_taken":0.0},{"damage_healed":0.0,"max_hp_gain":0.0,"max_hp_loss":0.0,"gold_gain":0.0,"event_name":"Beggar","player_choice":"Ignored","floor":20.0,"gold_loss":0.0,"damage_taken":0.0},{"cards_removed":["Strike_B"],"damage_healed":0,"gold_gain":0,"player_choice":"Removed Attack","damage_taken":0,"max_hp_gain":0,"max_hp_loss":0,"event_name":"Falling","floor":36,"gold_loss":0}],"is_beta":false,"boss_relics":[{"not_picked":["hubris:VirtuousBlindfold","vexMod:EndlessSickness"],"picked":"hubris:HollowSoul"},{"not_picked":["Fusion Hammer","hubris:CrackedHourglass"],"picked":"Black Star"}],"items_purged_floors":[27,46],"is_endless":false,"potions_floor_spawned":[4,5,11,14,23,29,30,33,39,42,47,54],"ascension_level":4}}