{"host":"y89x8uui45kcjy42","time":1610967149,"event":{"mods":["2.2 Compatiblity","BaseMod","CapriCore","Colored Map","Colored Powertips","Custom Start","Friendly Minions","Keyboard Shortcuts","Minty Spire (QoL Compilation)","Relic Stats","Replay The Spire","Slay the Relics Exporter","StSLib","SuperFastMode","Uncapped"],"gold_per_floor":[114,2316,2331,2331,2349,2349,2376,2376,2448,2467,2467,2478,2496,2526,2526,2526,2526],"floor_reached":16,"language":"KOR","playtime":421,"items_purged":["Strike_B"],"score":274,"play_id":"d52a25df-8a02-4241-85f5-0a98ada72339","local_time":"20210118195229","is_ascension_mode":true,"campfire_choices":[{"data":"Zap","floor":6,"key":"SMITH"},{"data":"Dualcast","floor":8,"key":"SMITH"},{"data":"Glacier","floor":11,"key":"SMITH"},{"data":"Sweeping Beam","floor":15,"key":"SMITH"}],"circlet_count":0,"master_deck":["AscendersBane","Strike_B","Strike_B","Strike_B","Defend_B","Defend_B","Defend_B","Zap+1","Dualcast+1","Glacier+1","Sweeping Beam+1","Melter+1","Hologram","Capacitor","Crystallizer","Capacitor"],"relics":["Coffee Dripper","Membership Card","Counterbalance","Orichalcum","HornCleat","Torii"],"acts_visited":["Exordium"],"potions_floor_usage":[12],"damage_taken":[{"damage":0,"enemies":"Cultist","floor":1,"turns":4},{"damage":11,"enemies":"2 Louse","floor":3,"turns":4},{"damage":12,"enemies":"Jaw Worm","floor":5,"turns":2},{"damage":35,"enemies":"Gremlin Nob","floor":7,"turns":4},{"damage":0,"enemies":"3 Louse","floor":10,"turns":3},{"damage":0,"enemies":"Large Slime","floor":12,"turns":4},{"damage":1,"enemies":"Exordium Wildlife","floor":13,"turns":5},{"damage":8,"enemies":"3 Sentries","floor":14,"turns":7},{"damage":7,"enemies":"Hexaghost","floor":16,"turns":7}],"seed_played":"8535669074636422905","potions_obtained":[{"floor":3,"key":"SkillPotion"},{"floor":10,"key":"Strength Potion"},{"floor":13,"key":"Adrenaline Potion"}],"is_trial":false,"path_per_floor":["M","$","M","?","M","R","E","R","T","M","R","M","M","E","R","B"],"character_chosen":"DEFECT","items_purchased":["Counterbalance"],"campfire_rested":0,"item_purchase_floors":[2],"current_hp_per_floor":[71,71,60,60,48,48,13,13,13,13,13,13,12,4,4,0,0],"gold":2526,"neow_bonus":"TEN_PERCENT_HP_BONUS","is_daily":false,"chose_seed":false,"campfire_upgraded":4,"win_rate":0.0,"timestamp":1610967149,"path_taken":["M","$","?","?","M","R","E","R","T","M","R","M","M","E","R","BOSS"],"items_purchased_type":["Relic"],"build_version":"2020-12-22","purchased_purges":1,"victory":false,"max_hp_per_floor":[78,78,78,78,78,78,78,78,78,78,78,78,78,78,78,78,78],"relic_stats":{"Torii":0,"counters":[9,40],"Orichalcum":[18],"obtain_stats":[{"HornCleat":9,"Torii":14,"Counterbalance":2,"Coffee Dripper":0,"Membership Card":0,"Orichalcum":7,"Cracked Core":0},{"HornCleat":4,"Torii":8,"Counterbalance":1,"Coffee Dripper":0,"Membership Card":0,"Orichalcum":4,"Cracked Core":0},{"HornCleat":14,"Torii":33,"Counterbalance":4,"Coffee Dripper":0,"Membership Card":0,"Orichalcum":14,"Cracked Core":0}]},"card_choices":[{"not_picked":["Sweeping Beam","Barrage"],"picked":"Glacier","floor":1},{"not_picked":["Static Discharge","Coolheaded"],"picked":"Sweeping Beam","floor":3},{"not_picked":["Cold Snap","Rip and Tear","Leap"],"picked":"SKIP","floor":5},{"not_picked":["Sweeping Beam","Static Discharge"],"picked":"Hologram","floor":7},{"not_picked":["Redo","Barrage","Leap"],"picked":"SKIP","floor":10},{"not_picked":["Redo","Barrage","Leap"],"picked":"SKIP","floor":10},{"not_picked":["Beam Cell","ReplayTheSpireMod:Reroute Power"],"picked":"Capacitor","floor":12},{"not_picked":["Steam","Force Field"],"picked":"Crystallizer","floor":13},{"not_picked":["Gash","BootSequence"],"picked":"Capacitor","floor":14}],"player_experience":628629,"relics_obtained":[{"floor":7,"key":"Orichalcum"},{"floor":9,"key":"HornCleat"},{"floor":14,"key":"Torii"}],"event_choices":[],"is_beta":false,"boss_relics":[],"items_purged_floors":[2],"is_endless":false,"potions_floor_spawned":[3,10,13,14],"killed_by":"Hexaghost","ascension_level":20}}