{"host":"uimu98mr9zvwuo5s","time":1610973539,"event":{"mods":["Aspiration","BaseMod","BetterRewards","Conspire","Defective Defect","GifTheSpireLib","Gremlin Mod","Highlight Path","Hubris","Infinite Spire","Jedi Mod","Minty Spire (QoL Compilation)","Replay The Spire","Shop Mod","StSLib","Stuff the Spire","Uncapped"],"gold_per_floor":[119,119,137,154,168,200,213,223,305,305,305,317,238,251,251,348,348,348],"floor_reached":17,"language":"ENG","playtime":1484,"items_purged":["Strike_G","Strike_G","Strike_G","Strike_G","Strike_G","Defend_G","Neutralize","Defend_G"],"score":261,"play_id":"9b7aeaaa-0c32-4788-8d9a-0049d4335c3f","local_time":"20210118073859","is_ascension_mode":false,"campfire_choices":[{"data":"StuffTheSpire:BumpUp","floor":15,"key":"SMITH"}],"circlet_count":0,"master_deck":["conspire:GhostlyDefend","conspire:GhostlyDefend","conspire:GhostlyDefend","Survivor","Dodge and Roll","StuffTheSpire:BumpUp+1","Prepared","StuffTheSpire:BumpUp+1","StuffTheSpire:BumpUp+1","Underhanded Strike","Outmaneuver","StuffTheSpire:BumpUp+1","infinitespire:Neurotoxin+1","Terror+1","Tactician+1","Tactician","Bullet Time+1"],"relics":["Ring of the Snake","MerchantsRug","BargainBundle","DollysMirror","Golden Egg","Gambling Chip","Simple Rune","jedi:firstaidkit","infinitespire:Broken Mirror","Ginger","Guide Book","SacredBark"],"acts_visited":["Exordium","TheCity"],"potions_floor_usage":[],"damage_taken":[{"damage":5,"enemies":"2 Louse","floor":1,"turns":2},{"damage":14,"enemies":"Small Slimes","floor":3,"turns":4},{"damage":11,"enemies":"Jaw Worm","floor":4,"turns":3},{"damage":4,"enemies":"Blue Slaver","floor":5,"turns":3},{"damage":15,"enemies":"3 Sentries","floor":6,"turns":10},{"damage":0,"enemies":"3 Louse","floor":7,"turns":4},{"damage":1,"enemies":"2 Fungi Beasts","floor":8,"turns":2},{"damage":7,"enemies":"Exordium Thugs","floor":12,"turns":3},{"damage":0,"enemies":"Large Slime","floor":14,"turns":3},{"damage":15,"enemies":"The Guardian","floor":16,"turns":5}],"seed_played":"-3009311561748355468","potions_obtained":[{"floor":3,"key":"BlessingOfTheForge"},{"floor":4,"key":"SteroidPotion"},{"floor":6,"key":"jedi:mysterypotion"},{"floor":14,"key":"Strength Potion"}],"is_trial":false,"path_per_floor":["M","?","M","M","M","E","M","M","T","?","?","M","$","M","R","B",null],"character_chosen":"THE_SILENT","items_purchased":["MerchantsRug","Dodge and Roll","StuffTheSpire:BumpUp+1","BargainBundle","Prepared","StuffTheSpire:BumpUp","DollysMirror","Underhanded Strike","Outmaneuver","Golden Egg","Gambling Chip","StuffTheSpire:BumpUp","infinitespire:Neurotoxin","Simple Rune","Guide Book"],"campfire_rested":0,"item_purchase_floors":[0,0,0,0,0,0,0,0,0,0,0,0,0,0,13],"current_hp_per_floor":[65,65,51,40,36,21,21,22,22,22,22,18,18,18,18,10,70,70],"gold":348,"neow_bonus":"","is_daily":false,"chose_seed":false,"campfire_upgraded":1,"win_rate":0.0,"timestamp":1610973539,"path_taken":["M","?","M","M","M","E","M","M","T","?","?","M","$","M","R","BOSS"],"items_purchased_type":["Relic","Card","Card","Relic","Card","Card","Relic","Card","Card","Relic","Relic","Card","Card","Relic","Relic"],"build_version":"2020-12-22","purchased_purges":8,"victory":false,"max_hp_per_floor":[70,70,70,70,70,70,70,70,70,70,70,70,70,70,70,70,70,70],"card_choices":[{"not_picked":["Flying Knee","StuffTheSpire:Shiver","Caltrops"],"picked":"SKIP","floor":1},{"not_picked":["Infinite Blades","Quick Slash"],"picked":"Terror","floor":3},{"not_picked":["jedi:pocketpoison","Well Laid Plans"],"picked":"Tactician","floor":4},{"not_picked":["Choke","Deflect"],"picked":"Tactician","floor":5},{"not_picked":["jedi:pocketpoison","Hidden Blade","Blade Dance"],"picked":"SKIP","floor":6},{"not_picked":["Bane","Sneak Up","Dodge and Roll"],"picked":"SKIP","floor":7},{"not_picked":["Distraction","Infinite Blades","Acrobatics"],"picked":"SKIP","floor":8},{"not_picked":["Leg Sweep","Quick Slash","Outmaneuver"],"picked":"SKIP","floor":12},{"not_picked":["Accuracy","StuffTheSpire:Injection"],"picked":"Bullet Time","floor":14}],"player_experience":229663,"relics_obtained":[{"floor":6,"key":"jedi:firstaidkit"},{"floor":9,"key":"infinitespire:Broken Mirror"},{"floor":10,"key":"Ginger"}],"event_choices":[{"damage_healed":0,"gold_gain":0,"player_choice":"Agree","damage_taken":0,"max_hp_gain":0,"max_hp_loss":0,"event_name":"conspire:LoneGhost","floor":11,"gold_loss":0}],"is_beta":false,"boss_relics":[{"not_picked":["aspiration:FutureDiary","Runic Dome"],"picked":"SacredBark"}],"items_purged_floors":[0,0,0,0,0,0,0,0],"is_endless":false,"potions_floor_spawned":[3,4,6,7,14],"ascension_level":0}}