{"host":"yvb207ks1sg3cxef","time":1610991276,"event":{"mods":["2.2 Compatiblity","BaseMod","Bestiary","Colored Powertips","Minty Spire (QoL Compilation)","Permanent Neow","Quick Restart","Relic Stats","StSLib"],"gold_per_floor":[116,134,147,158,2,2,12,41,41,54,54,86,98,98,98,219,219,204,303,318,343,258,258,282,282,282],"floor_reached":25,"language":"ENG","playtime":1260,"items_purged":["Strike_P"],"score":387,"play_id":"2178dd4a-9038-4be0-b0d6-18faac2cd968","local_time":"20210118230436","is_ascension_mode":true,"campfire_choices":[{"data":"Eruption","floor":6,"key":"SMITH"},{"data":"LikeWater","floor":11,"key":"SMITH"},{"data":"SashWhip","floor":15,"key":"SMITH"},{"floor":23,"key":"DIG"}],"circlet_count":0,"master_deck":["AscendersBane","Strike_P","Strike_P","Strike_P","Defend_P","Defend_P","Defend_P","Defend_P","Eruption+1","Vigilance","SashWhip+1","FlyingSleeves","LikeWater+1","FlurryOfBlows","EmptyBody","CurseOfTheBell","FearNoEvil","ThirdEye","EmptyFist"],"relics":["Busted Crown","Ornamental Fan","Meat on the Bone","Bottled Tornado","Golden Idol","Calling Bell","Yang","Juzu Bracelet","Shovel","Mummified Hand","Shuriken"],"acts_visited":["TheCity"],"potions_floor_usage":[18,21],"damage_taken":[{"damage":0,"enemies":"2 Louse","floor":1,"turns":4},{"damage":4,"enemies":"Jaw Worm","floor":2,"turns":4},{"damage":3,"enemies":"Small Slimes","floor":3,"turns":3},{"damage":0,"enemies":"2 Fungi Beasts","floor":4,"turns":3},{"damage":2,"enemies":"Exordium Wildlife","floor":7,"turns":6},{"damage":12,"enemies":"3 Sentries","floor":8,"turns":12},{"damage":0,"enemies":"Blue Slaver","floor":10,"turns":3},{"damage":0,"enemies":"Lagavulin","floor":12,"turns":4},{"damage":0,"enemies":"Exordium Thugs","floor":13,"turns":4},{"damage":22,"enemies":"Hexaghost","floor":16,"turns":10},{"damage":14,"enemies":"2 Thieves","floor":18,"turns":4},{"damage":0,"enemies":"Shell Parasite","floor":20,"turns":7},{"damage":26,"enemies":"Snake Plant","floor":21,"turns":6},{"damage":14,"enemies":"Snecko","floor":24,"turns":6},{"damage":30,"enemies":"Slavers","floor":25,"turns":1}],"seed_played":"6652996365554357104","potions_obtained":[{"floor":1,"key":"Block Potion"},{"floor":7,"key":"BlessingOfTheForge"},{"floor":20,"key":"GamblersBrew"}],"is_trial":false,"path_per_floor":["M","M","M","M","$","R","M","E","T","M","R","E","M","?","R","B",null,"M","?","M","M","?","R","M","E"],"character_chosen":"WATCHER","items_purchased":["LikeWater"],"campfire_rested":0,"item_purchase_floors":[5],"current_hp_per_floor":[65,61,58,58,58,58,56,44,44,44,44,44,44,26,26,16,58,44,44,44,30,30,30,28,0,0],"gold":282,"neow_bonus":"BOSS_RELIC","is_daily":false,"chose_seed":false,"campfire_upgraded":3,"win_rate":0.0,"timestamp":1610991276,"path_taken":["M","M","M","M","$","R","M","E","T","M","R","E","M","?","R","BOSS","M","?","M","M","?","R","M","E"],"items_purchased_type":["Card"],"build_version":"2020-12-22","purchased_purges":1,"victory":false,"max_hp_per_floor":[72,72,72,72,72,72,72,72,72,72,72,72,72,72,72,72,72,72,72,72,72,72,72,72,72,72],"relic_stats":{"Busted Crown":30,"Shovel":1,"counters":[15,77],"Ornamental Fan":[96],"Golden Idol":40,"Mummified Hand":[3],"Shuriken":[3],"Yang":[57],"Juzu Bracelet":0,"obtain_stats":[{"Calling Bell":17,"Busted Crown":0,"Shovel":17,"Ornamental Fan":8,"Golden Idol":14,"Mummified Hand":22,"Shuriken":23,"Yang":17,"Juzu Bracelet":17,"PureWater":0,"Bottled Tornado":12,"Meat on the Bone":9},{"Calling Bell":10,"Busted Crown":0,"Shovel":10,"Ornamental Fan":6,"Golden Idol":9,"Mummified Hand":13,"Shuriken":13,"Yang":10,"Juzu Bracelet":10,"PureWater":0,"Bottled Tornado":8,"Meat on the Bone":6},{"Calling Bell":53,"Busted Crown":0,"Shovel":53,"Ornamental Fan":32,"Golden Idol":43,"Mummified Hand":70,"Shuriken":70,"Yang":53,"Juzu Bracelet":53,"PureWater":0,"Bottled Tornado":39,"Meat on the Bone":32}],"Meat on the Bone":36},"card_choices":[{"not_picked":["WaveOfTheHand"],"picked":"SKIP","floor":1},{"not_picked":[],"picked":"SashWhip","floor":2},{"not_picked":[],"picked":"FlyingSleeves","floor":3},{"not_picked":["ClearTheMind"],"picked":"SKIP","floor":4},{"not_picked":["Weave"],"picked":"SKIP","floor":7},{"not_picked":[],"picked":"FlurryOfBlows","floor":8},{"not_picked":["Nirvana"],"picked":"SKIP","floor":10},{"not_picked":[],"picked":"EmptyBody","floor":12},{"not_picked":["Nirvana"],"picked":"SKIP","floor":13},{"not_picked":[],"picked":"FearNoEvil","floor":18},{"not_picked":["Consecrate"],"picked":"SKIP","floor":20},{"not_picked":[],"picked":"ThirdEye","floor":21},{"not_picked":[],"picked":"EmptyFist","floor":24}],"player_experience":381690,"relics_obtained":[{"floor":8,"key":"Ornamental Fan"},{"floor":9,"key":"Meat on the Bone"},{"floor":12,"key":"Bottled Tornado"},{"floor":17,"key":"Yang"},{"floor":17,"key":"Juzu Bracelet"},{"floor":17,"key":"Shovel"},{"floor":23,"key":"Shuriken"}],"event_choices":[{"damage_healed":0,"gold_gain":0,"player_choice":"Take Damage","damage_taken":18,"relics_obtained":["Golden Idol"],"max_hp_gain":0,"max_hp_loss":0,"event_name":"Golden Idol","floor":14,"gold_loss":0},{"damage_healed":0,"gold_gain":99,"player_choice":"Stole From Cult","damage_taken":0,"max_hp_gain":0,"max_hp_loss":0,"event_name":"Nest","floor":19,"gold_loss":0},{"damage_healed":0,"gold_gain":0,"player_choice":"Obtained Relic","damage_taken":0,"relics_obtained":["Mummified Hand"],"max_hp_gain":0,"max_hp_loss":0,"event_name":"Addict","floor":22,"gold_loss":85}],"is_beta":false,"boss_relics":[{"not_picked":["Snecko Eye","Cursed Key"],"picked":"Calling Bell"}],"items_purged_floors":[5],"is_endless":false,"potions_floor_spawned":[1,7,8,12,13,16,20],"killed_by":"Slavers","ascension_level":12}}