{"host":"04hh9gplt9wkfmr1","time":1610951300,"event":{"mods":["AchievementEnabler","BaseMod","Colored Map","KOR Keyword Fix","Minty Spire (QoL Compilation)","Rare Cards Sparkle","SuperFastMode"],"gold_per_floor":[110,125,141,161,161,194,194,222,292,292,323,339,339,358,358,459,459,470,488,488,488,488,488,521,521,574,489,514,529,82,93,93,191,191,203,203,219,69,79,79,104,104,104,104,119,139,150,161,161,161],"floor_reached":51,"language":"KOR","playtime":1136,"items_purged":[],"score":860,"play_id":"efd8c4fd-20f4-4ce2-8ccd-15a73f0bbcdb","local_time":"20210118152820","is_ascension_mode":true,"campfire_choices":[{"data":"Perfected Strike","floor":7.0,"key":"SMITH"},{"data":"Demon Form","floor":10.0,"key":"SMITH"},{"floor":13.0,"key":"REST"},{"data":"Inflame","floor":15.0,"key":"SMITH"},{"data":"J.A.X.","floor":23.0,"key":"SMITH"},{"floor":25.0,"key":"REST"},{"floor":32.0,"key":"REST"},{"data":"Demon Form","floor":40.0,"key":"SMITH"},{"floor":42.0,"key":"REST"},{"data":"Double Tap","floor":44.0,"key":"SMITH"},{"floor":49,"key":"REST"}],"circlet_count":0,"master_deck":["Strike_R","Strike_R","Strike_R","Strike_R","Strike_R","Defend_R","Defend_R","Defend_R","Defend_R","Bash","Twin Strike","Ghostly Armor","Perfected Strike+1","Inflame+1","Demon Form+1","Heavy Blade+1","Heavy Blade+1","Reaper+1","Disarm","J.A.X.+1","Bludgeon+1","Demon Form+1","Double Tap+1","Metallicize+1","Demon Form","Seeing Red+1","Regret"],"relics":["Burning Blood","Regal Pillow","Calipers","Molten Egg 2","Happy Flower","Sozu","Shuriken","Strawberry","Turnip","Ancient Tea Set","Lizard Tail","Cursed Key","Membership Card","InkBottle","Torii"],"acts_visited":["Exordium","TheCity","TheBeyond"],"potions_floor_usage":[],"damage_taken":[{"damage":1.0,"enemies":"Cultist","floor":1.0,"turns":4.0},{"damage":7.0,"enemies":"Small Slimes","floor":2.0,"turns":3.0},{"damage":0.0,"enemies":"2 Louse","floor":3.0,"turns":2.0},{"damage":6.0,"enemies":"Blue Slaver","floor":4.0,"turns":6.0},{"damage":40.0,"enemies":"Lagavulin","floor":6.0,"turns":7.0},{"damage":29.0,"enemies":"3 Sentries","floor":8.0,"turns":7.0},{"damage":10.0,"enemies":"Gremlin Nob","floor":11.0,"turns":4.0},{"damage":14.0,"enemies":"Red Slaver","floor":12.0,"turns":3.0},{"damage":5.0,"enemies":"2 Fungi Beasts","floor":14.0,"turns":3.0},{"damage":52.0,"enemies":"The Guardian","floor":16.0,"turns":9.0},{"damage":1.0,"enemies":"Spheric Guardian","floor":18.0,"turns":3.0},{"damage":24.0,"enemies":"2 Thieves","floor":19.0,"turns":3.0},{"damage":68.0,"enemies":"Gremlin Leader","floor":24.0,"turns":6.0},{"damage":37.0,"enemies":"Book of Stabbing","floor":28.0,"turns":4.0},{"damage":14.0,"enemies":"Snecko","floor":29.0,"turns":3.0},{"damage":30.0,"enemies":"Centurion and Healer","floor":31.0,"turns":3.0},{"damage":63.0,"enemies":"Automaton","floor":33.0,"turns":7.0},{"damage":28.0,"enemies":"3 Darklings","floor":35.0,"turns":6.0},{"damage":25.0,"enemies":"Orb Walker","floor":37.0,"turns":4.0},{"damage":12.0,"enemies":"3 Darklings","floor":39.0,"turns":3.0},{"damage":50.0,"enemies":"Nemesis","floor":41.0,"turns":7.0},{"damage":16.0,"enemies":"Spire Growth","floor":45.0,"turns":3.0},{"damage":52.0,"enemies":"4 Shapes","floor":46.0,"turns":5.0},{"damage":94.0,"enemies":"3 Darklings","floor":47.0,"turns":6.0},{"damage":47,"enemies":"Writhing Mass","floor":48,"turns":4},{"damage":105,"enemies":"Time Eater","floor":50,"turns":9}],"seed_played":"7943277034868456508","potions_obtained":[{"floor":3.0,"key":"FairyPotion"},{"floor":4.0,"key":"HeartOfIron"},{"floor":12.0,"key":"AttackPotion"},{"floor":14.0,"key":"BloodPotion"}],"is_trial":false,"path_per_floor":["M","M","M","M","$","E","R","E","T","R","E","M","R","M","R","B",null,"M","M","?","?","?","R","E","R","T","?","E","M","$","M","R","B",null,"M","?","M","$","M","R","E","R","T","R","M","M","M","M","R","B",null],"character_chosen":"IRONCLAD","items_purchased":["Double Tap","Lizard Tail","Membership Card"],"campfire_rested":5,"item_purchase_floors":[30,30,38],"current_hp_per_floor":[88,87,88,88,88,54,54,31,31,31,27,19,60,61,61,15,88,88,70,70,70,53,53,29,71,78,78,61,53,53,29,74,17,100,100,100,81,81,75,75,47,92,92,92,82,69,32,36,81,82],"gold":161,"neow_bonus":"TEN_PERCENT_HP_BONUS","is_daily":false,"chose_seed":false,"campfire_upgraded":6,"win_rate":0.0,"timestamp":1610951300,"path_taken":["M","M","M","M","$","E","R","E","T","R","E","M","R","M","R","BOSS","M","?","?","?","?","R","E","R","T","?","E","?","?","M","R","BOSS","M","?","M","$","M","R","E","R","T","R","?","M","M","M","R","BOSS"],"items_purchased_type":["Card","Relic","Relic"],"build_version":"2020-12-22","purchased_purges":0,"victory":true,"max_hp_per_floor":[88,88,88,88,88,88,88,88,88,88,88,88,88,88,88,88,88,88,88,88,88,93,93,93,93,100,100,100,100,100,100,100,100,100,100,100,100,100,100,100,100,100,100,100,100,100,100,100,100,100],"card_choices":[{"not_picked":["Iron Wave","Clothesline","Havoc"],"picked":"SKIP","floor":1.0},{"not_picked":["Pommel Strike","Clothesline"],"picked":"Twin Strike","floor":2.0},{"not_picked":["Evolve","Heavy Blade"],"picked":"Ghostly Armor","floor":3.0},{"not_picked":["Headbutt","Flame Barrier"],"picked":"Perfected Strike","floor":4.0},{"not_picked":["Disarm","Pummel"],"picked":"Inflame","floor":6.0},{"not_picked":["Pommel Strike","Heavy Blade"],"picked":"Demon Form","floor":8.0},{"not_picked":["Wild Strike+1","Uppercut+1"],"picked":"Heavy Blade+1","floor":11.0},{"not_picked":["Dropkick+1","Bloodletting","Sever Soul+1"],"picked":"SKIP","floor":12.0},{"not_picked":["Twin Strike+1","Uppercut+1"],"picked":"Heavy Blade+1","floor":14.0},{"not_picked":["Impervious","Juggernaut"],"picked":"Reaper+1","floor":16.0},{"not_picked":["Bloodletting","Iron Wave+1","Twin Strike+1"],"picked":"SKIP","floor":18.0},{"not_picked":["Cleave+1","Pommel Strike+1"],"picked":"Disarm","floor":19.0},{"not_picked":["Wild Strike+1","Seeing Red"],"picked":"Demon Form","floor":24.0},{"not_picked":["Iron Wave+1","Wild Strike+1","Intimidate+1"],"picked":"SKIP","floor":28.0},{"not_picked":["Reckless Charge+1","Perfected Strike+1","Blood for Blood+1"],"picked":"SKIP","floor":29.0},{"not_picked":["Body Slam+1","Iron Wave+1"],"picked":"Metallicize+1","floor":31.0},{"not_picked":["Fiend Fire+1","Feed+1"],"picked":"Demon Form","floor":33.0},{"not_picked":["Sword Boomerang+1","Havoc"],"picked":"Seeing Red+1","floor":35.0},{"not_picked":["Flame Barrier","Sentinel","Ghostly Armor"],"picked":"SKIP","floor":37.0},{"not_picked":["Searing Blow+1","True Grit+1","Iron Wave+1"],"picked":"SKIP","floor":39.0},{"not_picked":["Second Wind","Evolve+1","Reckless Charge+1"],"picked":"SKIP","floor":41.0},{"not_picked":["Headbutt+1","Metallicize","Clash+1"],"picked":"SKIP","floor":45.0},{"not_picked":["Thunderclap+1","Reckless Charge+1","Rage+1"],"picked":"SKIP","floor":46.0},{"not_picked":["Havoc","Shrug It Off","Power Through"],"picked":"SKIP","floor":47.0},{"not_picked":["Wild Strike+1","Havoc","Rage"],"picked":"SKIP","floor":48}],"player_experience":50594,"relics_obtained":[{"floor":6.0,"key":"Regal Pillow"},{"floor":8.0,"key":"Calipers"},{"floor":9.0,"key":"Molten Egg 2"},{"floor":11.0,"key":"Happy Flower"},{"floor":24.0,"key":"Shuriken"},{"floor":26.0,"key":"Strawberry"},{"floor":28.0,"key":"Ancient Tea Set"},{"floor":41.0,"key":"InkBottle"},{"floor":43.0,"key":"Torii"}],"event_choices":[{"damage_healed":0.0,"max_hp_gain":0.0,"max_hp_loss":0.0,"gold_gain":0.0,"event_name":"Drug Dealer","player_choice":"Obtain J.A.X.","floor":20.0,"gold_loss":0.0,"damage_taken":0.0,"cards_obtained":["J.A.X."]},{"damage_healed":0.0,"max_hp_gain":0.0,"max_hp_loss":0.0,"gold_gain":0.0,"event_name":"The Library","player_choice":"Read","floor":21.0,"gold_loss":0.0,"damage_taken":0.0,"cards_obtained":["Bludgeon"]},{"damage_healed":0.0,"max_hp_gain":5.0,"max_hp_loss":0.0,"gold_gain":0.0,"event_name":"Forgotten Altar","player_choice":"Shed Blood","floor":22.0,"gold_loss":0.0,"damage_taken":22.0},{"damage_healed":0.0,"max_hp_gain":0.0,"max_hp_loss":0.0,"gold_gain":0.0,"event_name":"Addict","player_choice":"Obtained Relic","floor":27.0,"gold_loss":85.0,"damage_taken":0.0,"relics_obtained":["Turnip"]},{"damage_healed":0.0,"max_hp_gain":0.0,"max_hp_loss":0.0,"gold_gain":0.0,"event_name":"Lab","player_choice":"Got Potions","floor":36.0,"gold_loss":0.0,"damage_taken":0.0}],"is_beta":false,"boss_relics":[{"not_picked":["SlaversCollar","Busted Crown"],"picked":"Sozu"},{"not_picked":["Empty Cage","Calling Bell"],"picked":"Cursed Key"}],"items_purged_floors":[],"is_endless":false,"potions_floor_spawned":[3,4,12,14,18,24,33,35,39,45,46],"ascension_level":2}}