{"host":"sc0o2qwpf9j16a4i","time":1610981772,"event":{"mods":["AchievementEnabler","BaseMod","BetterRewards","Block Reminder","Colored Map","Colored Powertips","Custom Start","Highlight Path","Minty Spire (QoL Compilation)","Relic Stats"],"gold_per_floor":[114,114,134,134,209,209,240,260,260,276,296,315,315,333,333,407,407,422,432,432,432],"floor_reached":20,"language":"ENG","playtime":588,"items_purged":["Strike_G"],"score":656,"play_id":"975c465f-0b9b-41c2-ace1-92e4c175e30b","local_time":"20210118165612","is_ascension_mode":true,"campfire_choices":[{"floor":6.0,"key":"REST"},{"floor":15.0,"key":"REST"}],"circlet_count":0,"master_deck":["AscendersBane","Strike_G","Strike_G","Strike_G","Strike_G","Defend_G","Defend_G","Defend_G","Defend_G","Defend_G","Survivor","Neutralize","Infinite Blades","Deadly Poison","All Out Attack","Flying Knee","Dagger Throw","Poisoned Stab+1","Riddle With Holes","Die Die Die","Blade Dance","Catalyst","Bouncing Flask","Footwork","Noxious Fumes","Bullet Time","PiercingWail","Caltrops","Calculated Gamble"],"relics":["Ring of the Snake","Incense Burner","Prayer Wheel","Letter Opener","White Beast Statue","SlaversCollar"],"acts_visited":["Exordium","TheCity"],"potions_floor_usage":[20,20],"damage_taken":[{"damage":2.0,"enemies":"Jaw Worm","floor":1.0,"turns":6.0},{"damage":1.0,"enemies":"Small Slimes","floor":3.0,"turns":4.0},{"damage":12.0,"enemies":"3 Sentries","floor":7.0,"turns":7.0},{"damage":0.0,"enemies":"2 Louse","floor":8.0,"turns":2.0},{"damage":4.0,"enemies":"Large Slime","floor":10.0,"turns":5.0},{"damage":0.0,"enemies":"3 Louse","floor":11.0,"turns":1.0},{"damage":20.0,"enemies":"Exordium Thugs","floor":12.0,"turns":6.0},{"damage":0.0,"enemies":"Large Slime","floor":14.0,"turns":4.0},{"damage":0.0,"enemies":"Hexaghost","floor":16.0,"turns":8.0},{"damage":28.0,"enemies":"2 Thieves","floor":18.0,"turns":4.0},{"damage":21.0,"enemies":"Chosen","floor":19.0,"turns":6.0},{"damage":18,"enemies":"Masked Bandits","floor":20,"turns":2}],"seed_played":"4855633506643913341","potions_obtained":[{"floor":10.0,"key":"ColorlessPotion"},{"floor":11.0,"key":"Swift Potion"},{"floor":12.0,"key":"Dexterity Potion"},{"floor":14.0,"key":"Dexterity Potion"},{"floor":16.0,"key":"LiquidBronze"}],"is_trial":false,"path_per_floor":["M","?","M","?","?","R","E","M","T","M","M","M","?","M","R","B",null,"M","M","?"],"character_chosen":"THE_SILENT","items_purchased":["Incense Burner","Prayer Wheel","Infinite Blades","Deadly Poison"],"campfire_rested":2,"item_purchase_floors":[0,0,0,0],"current_hp_per_floor":[29,34,33,33,22,43,31,31,31,27,27,7,7,7,28,28,60,32,11,0,0],"gold":432,"neow_bonus":"","is_daily":false,"chose_seed":false,"campfire_upgraded":0,"win_rate":0.0,"timestamp":1610981772,"path_taken":["M","?","M","?","?","R","E","M","T","M","M","M","?","M","R","BOSS","M","M","?"],"items_purchased_type":["Relic","Relic","Card","Card"],"build_version":"2020-12-22","purchased_purges":1,"victory":false,"max_hp_per_floor":[66,71,71,71,71,71,71,71,71,71,71,71,71,71,71,71,71,71,71,71,71],"relic_stats":{"counters":[235,1288],"Prayer Wheel":18,"Letter Opener":[65],"obtain_stats":[{"TwistedFunnel":0,"Whetstone":48,"Ginger":47,"Bottled Tornado":30,"Boot":41,"Old Coin":9,"Blood Vial":0,"Sundial":2,"MealTicket":23,"Fusion Hammer":17,"Kunai":48,"Pear":12,"Blue Candle":43,"Tingsha":47,"Eternal Feather":0,"Pen Nib":0,"Paper Crane":0,"Akabeko":55,"SlaversCollar":34,"Bird Faced Urn":45,"Snecko Eye":17,"Pandora\u0027s Box":0,"StrikeDummy":41,"Unceasing Top":36,"Lantern":24,"Regal Pillow":0,"Torii":7,"Singing Bowl":0,"Bag of Preparation":44,"Cursed Key":17,"Ancient Tea Set":42,"Shovel":0,"Ninja Scroll":43,"WingedGreaves":26,"InkBottle":45,"Ring of the Snake":0,"Potion Belt":0,"Lee\u0027s Waffle":21,"The Specimen":41,"Golden Idol":2,"Thread and Needle":0,"PreservedInsect":0,"Omamori":14,"Frozen Egg 2":0,"MawBank":13,"Busted Crown":34,"Ornamental Fan":55,"Orrery":30,"Turnip":0,"Art of War":6,"Toy Ornithopter":43,"Calipers":0,"Gremlin Horn":40,"Nilry\u0027s Codex":22,"Vajra":11,"Centennial Puzzle":9,"Lizard Tail":9,"HornCleat":19,"Strawberry":43,"Philosopher\u0027s Stone":34,"Prayer Wheel":31,"Toxic Egg 2":28,"Happy Flower":0,"Astrolabe":34,"Oddly Smooth Stone":0,"Letter Opener":28,"War Paint":0,"Question Card":0,"WarpedTongs":36,"OrangePellets":0,"Shuriken":45,"Bronze Scales":0,"Molten Egg 2":0,"Pocketwatch":0,"Meat on the Bone":12,"NlothsMask":13,"Mango":0,"Snake Skull":26,"Incense Burner":0,"Juzu Bracelet":9,"Empty Cage":34,"ClockworkSouvenir":0,"Frozen Eye":21,"Dream Catcher":7,"Nunchaku":46,"Tough Bandages":0,"Mummified Hand":0,"Pantograph":19,"Red Mask":24,"Runic Pyramid":17,"Orichalcum":46,"Medical Kit":0,"White Beast Statue":22,"Mercury Hourglass":0,"Peace Pipe":42,"Strange Spoon":0,"Anchor":44,"CaptainsWheel":39,"Bag of Marbles":7,"Membership Card":37,"FossilizedHelix":26},{"TwistedFunnel":48,"Whetstone":73,"Ginger":124,"Bottled Tornado":12,"Boot":146,"Old Coin":129,"Blood Vial":48,"Sundial":127,"MealTicket":9,"Fusion Hammer":134,"Kunai":99,"Pear":54,"Blue Candle":197,"Tingsha":73,"Eternal Feather":77,"Pen Nib":22,"Paper Crane":48,"Akabeko":47,"SlaversCollar":167,"Bird Faced Urn":199,"Snecko Eye":6,"Pandora\u0027s Box":0,"StrikeDummy":40,"Unceasing Top":38,"Lantern":61,"Regal Pillow":77,"Torii":51,"Singing Bowl":77,"Bag of Preparation":41,"Cursed Key":29,"Ancient Tea Set":71,"Shovel":48,"Ninja Scroll":18,"WingedGreaves":89,"InkBottle":19,"Ring of the Snake":0,"Potion Belt":48,"Lee\u0027s Waffle":30,"The Specimen":17,"Golden Idol":78,"Thread and Needle":101,"PreservedInsect":126,"Omamori":28,"Frozen Egg 2":22,"MawBank":5,"Busted Crown":13,"Ornamental Fan":76,"Orrery":191,"Turnip":77,"Art of War":25,"Toy Ornithopter":146,"Calipers":77,"Gremlin Horn":95,"Nilry\u0027s Codex":162,"Vajra":4,"Centennial Puzzle":4,"Lizard Tail":52,"HornCleat":30,"Strawberry":40,"Philosopher\u0027s Stone":66,"Prayer Wheel":193,"Toxic Egg 2":89,"Happy Flower":126,"Astrolabe":91,"Oddly Smooth Stone":48,"Letter Opener":63,"War Paint":205,"Question Card":77,"WarpedTongs":92,"OrangePellets":48,"Shuriken":72,"Bronze Scales":77,"Molten Egg 2":153,"Pocketwatch":101,"Meat on the Bone":159,"NlothsMask":159,"Mango":77,"Snake Skull":32,"Incense Burner":48,"Juzu Bracelet":158,"Empty Cage":142,"ClockworkSouvenir":48,"Frozen Eye":188,"Dream Catcher":4,"Nunchaku":98,"Tough Bandages":176,"Mummified Hand":48,"Pantograph":162,"Red Mask":10,"Runic Pyramid":84,"Orichalcum":19,"Medical Kit":22,"White Beast Statue":8,"Mercury Hourglass":101,"Peace Pipe":18,"Strange Spoon":101,"Anchor":72,"CaptainsWheel":145,"Bag of Marbles":129,"Membership Card":15,"FossilizedHelix":62},{"TwistedFunnel":262,"Whetstone":403,"Ginger":679,"Bottled Tornado":73,"Boot":790,"Old Coin":703,"Blood Vial":262,"Sundial":696,"MealTicket":57,"Fusion Hammer":728,"Kunai":552,"Pear":295,"Blue Candle":1069,"Tingsha":403,"Eternal Feather":453,"Pen Nib":120,"Paper Crane":262,"Akabeko":254,"SlaversCollar":908,"Bird Faced Urn":1084,"Snecko Eye":41,"Pandora\u0027s Box":0,"StrikeDummy":210,"Unceasing Top":200,"Lantern":335,"Regal Pillow":453,"Torii":283,"Singing Bowl":453,"Bag of Preparation":217,"Cursed Key":151,"Ancient Tea Set":387,"Shovel":262,"Ninja Scroll":103,"WingedGreaves":500,"InkBottle":109,"Ring of the Snake":0,"Potion Belt":262,"Lee\u0027s Waffle":155,"The Specimen":96,"Golden Idol":458,"Thread and Needle":562,"PreservedInsect":693,"Omamori":144,"Frozen Egg 2":120,"MawBank":31,"Busted Crown":81,"Ornamental Fan":443,"Orrery":1032,"Turnip":453,"Art of War":132,"Toy Ornithopter":790,"Calipers":453,"Gremlin Horn":529,"Nilry\u0027s Codex":883,"Vajra":27,"Centennial Puzzle":27,"Lizard Tail":287,"HornCleat":155,"Strawberry":210,"Philosopher\u0027s Stone":365,"Prayer Wheel":1042,"Toxic Egg 2":500,"Happy Flower":693,"Astrolabe":512,"Oddly Smooth Stone":262,"Letter Opener":344,"War Paint":1152,"Question Card":453,"WarpedTongs":515,"OrangePellets":262,"Shuriken":396,"Bronze Scales":453,"Molten Egg 2":853,"Pocketwatch":562,"Meat on the Bone":869,"NlothsMask":869,"Mango":453,"Snake Skull":167,"Incense Burner":262,"Juzu Bracelet":866,"Empty Cage":765,"ClockworkSouvenir":262,"Frozen Eye":1009,"Dream Catcher":27,"Nunchaku":545,"Tough Bandages":951,"Mummified Hand":262,"Pantograph":883,"Red Mask":60,"Runic Pyramid":479,"Orichalcum":109,"Medical Kit":120,"White Beast Statue":48,"Mercury Hourglass":562,"Peace Pipe":103,"Strange Spoon":562,"Anchor":396,"CaptainsWheel":781,"Bag of Marbles":703,"Membership Card":86,"FossilizedHelix":338}],"Ring of the Snake":[426]},"card_choices":[{"not_picked":["Deflect","Well Laid Plans"],"picked":"All Out Attack","floor":1.0},{"not_picked":["Endless Agony","Backflip"],"picked":"Flying Knee","floor":1.0},{"not_picked":["Backflip","Deflect"],"picked":"Dagger Throw","floor":3.0},{"not_picked":["Dagger Spray","Cloak And Dagger"],"picked":"Poisoned Stab","floor":3.0},{"not_picked":["Acrobatics","Concentrate"],"picked":"Riddle With Holes","floor":7.0},{"not_picked":["Heel Hook","Expertise","Dagger Throw"],"picked":"SKIP","floor":8.0},{"not_picked":["Slice","Outmaneuver","Underhanded Strike"],"picked":"SKIP","floor":8.0},{"not_picked":["Prepared","Poisoned Stab"],"picked":"Die Die Die","floor":10.0},{"not_picked":["Flying Knee","Expertise"],"picked":"Blade Dance","floor":10.0},{"not_picked":["Flying Knee","Prepared"],"picked":"Catalyst","floor":11.0},{"not_picked":["Flechettes","Sucker Punch"],"picked":"Bouncing Flask","floor":11.0},{"not_picked":["Reflex","Catalyst"],"picked":"Footwork","floor":12.0},{"not_picked":["Dagger Spray","Quick Slash","Underhanded Strike"],"picked":"SKIP","floor":12.0},{"not_picked":["Poisoned Stab","Flechettes"],"picked":"Noxious Fumes","floor":14.0},{"not_picked":["Blade Dance","Flechettes","Heel Hook"],"picked":"SKIP","floor":14.0},{"not_picked":["Venomology","Unload"],"picked":"Bullet Time","floor":16.0},{"not_picked":["Quick Slash","Outmaneuver"],"picked":"PiercingWail","floor":18.0},{"not_picked":["Dagger Throw","All Out Attack","Bouncing Flask"],"picked":"SKIP","floor":18.0},{"not_picked":["Expertise","Deadly Poison"],"picked":"Caltrops","floor":19.0},{"not_picked":["Concentrate","Backstab"],"picked":"Calculated Gamble","floor":19.0}],"player_experience":721058,"relics_obtained":[{"floor":7.0,"key":"Letter Opener"},{"floor":9.0,"key":"White Beast Statue"}],"event_choices":[{"damage_healed":0.0,"max_hp_gain":5.0,"max_hp_loss":0.0,"gold_gain":0.0,"event_name":"Big Fish","player_choice":"Donut","floor":2.0,"gold_loss":0.0,"damage_taken":0.0},{"damage_healed":0.0,"max_hp_gain":0.0,"max_hp_loss":0.0,"gold_gain":0.0,"event_name":"Living Wall","player_choice":"Grow","floor":4.0,"gold_loss":0.0,"damage_taken":0.0,"cards_upgraded":["Poisoned Stab"]},{"damage_healed":0.0,"max_hp_gain":0.0,"max_hp_loss":0.0,"gold_gain":75.0,"event_name":"World of Goop","player_choice":"Gather Gold","floor":5.0,"gold_loss":0.0,"damage_taken":11.0},{"damage_healed":0.0,"max_hp_gain":0.0,"max_hp_loss":0.0,"gold_gain":0.0,"event_name":"Liars Game","player_choice":"Ignored","floor":13.0,"gold_loss":0.0,"damage_taken":0.0},{"damage_healed":0,"gold_gain":0,"player_choice":"Fought Bandits","damage_taken":0,"max_hp_gain":0,"max_hp_loss":0,"event_name":"Masked Bandits","floor":20,"gold_loss":0}],"is_beta":false,"boss_relics":[{"not_picked":["Fusion Hammer","Cursed Key"],"picked":"SlaversCollar"}],"items_purged_floors":[0],"is_endless":false,"potions_floor_spawned":[10,11,12,14,16,18,19],"killed_by":"Masked Bandits","ascension_level":20}}