{"host":"rl5ku05escnl5kxo","time":1610948288,"event":{"mods":["Act Like it!","BaseMod","Minty Spire (QoL Compilation)","StSLib","The Bug Knight"],"gold_per_floor":[118,133,133,151,163,163,183,183,264,281,292,306,133,150,150,250,300,311,325,340,340,563,563,574,574,599,599,613,628,0,17,17,17,17],"floor_reached":33,"language":"ENG","playtime":2551,"items_purged":[],"score":247,"play_id":"7a07de0e-5479-4944-8e0a-6f5dc2221131","local_time":"20210117213808","is_ascension_mode":false,"campfire_choices":[{"data":"HollowMod:HowlingWraiths","floor":6,"key":"SMITH"},{"floor":8,"key":"REST"},{"data":"Enlightenment","floor":15,"key":"SMITH"},{"floor":23,"key":"REST"},{"floor":25,"key":"REST"},{"floor":27,"key":"REST"},{"floor":32,"key":"REST"}],"circlet_count":0,"master_deck":["HollowMod:NailStrikeStart","HollowMod:NailStrikeStart","HollowMod:NailStrikeStart","HollowMod:NailStrikeStart","HollowMod:QuickDashStart","HollowMod:QuickDashStart","HollowMod:QuickDashStart+1","HollowMod:QuickDashStart","HollowMod:FocusHealStart","HollowMod:PogoStrike","HollowMod:HowlingWraiths+1","HollowMod:GoodIntentions","HollowMod:GreatSlash","HollowMod:CycloneSlash","HollowMod:LifebloodCocoon","HollowMod:ChannelNail","HollowMod:HuntersJournal","Enlightenment+1","HollowMod:QuirrelsAssistance","HollowMod:CycloneSlash","HollowMod:HornetsHelp","HollowMod:DashSlash","HollowMod:PerfectDash","HollowMod:SoulSplash+1","HollowMod:FallenFury","HollowMod:HuntersJournal","HollowMod:SharpenedNail","HollowMod:HeavyBlow","HollowMod:GoodIntentions+1"],"relics":["HollowMod:VesselMask","Shuriken","Tiny House","Old Coin","Bronze Scales"],"acts_visited":["Exordium","TheCity"],"potions_floor_usage":[33],"damage_taken":[{"damage":1,"enemies":"Jaw Worm","floor":1,"turns":3},{"damage":2,"enemies":"2 Louse","floor":2,"turns":3},{"damage":0,"enemies":"Cultist","floor":4,"turns":2},{"damage":11,"enemies":"Exordium Wildlife","floor":5,"turns":3},{"damage":6,"enemies":"2 Fungi Beasts","floor":7,"turns":3},{"damage":0,"enemies":"3 Louse","floor":10,"turns":2},{"damage":5,"enemies":"Exordium Wildlife","floor":11,"turns":3},{"damage":20,"enemies":"2 Fungi Beasts","floor":12,"turns":4},{"damage":1,"enemies":"Large Slime","floor":14,"turns":5},{"damage":40,"enemies":"Slime Boss","floor":16,"turns":8},{"damage":2,"enemies":"Chosen","floor":18,"turns":6},{"damage":26,"enemies":"3 Byrds","floor":19,"turns":4},{"damage":47,"enemies":"Cultist and Chosen","floor":20,"turns":8},{"damage":34,"enemies":"3 Cultists","floor":24,"turns":5},{"damage":19,"enemies":"Snake Plant","floor":28,"turns":5},{"damage":22,"enemies":"Snecko","floor":29,"turns":8},{"damage":16,"enemies":"Chosen and Byrds","floor":31,"turns":5},{"damage":68,"enemies":"Automaton","floor":33,"turns":6}],"seed_played":"-6449675622215228731","potions_obtained":[{"floor":2,"key":"DuplicationPotion"},{"floor":4,"key":"DistilledChaos"},{"floor":11,"key":"ColorlessPotion"},{"floor":16,"key":"Swift Potion"},{"floor":17,"key":"FearPotion"}],"is_trial":false,"path_per_floor":["M","M","?","M","M","R","M","R","T","M","M","M","$","M","R","B",null,"M","M","M","?","?","R","M","R","T","R","M","M","?","M","R","B"],"character_chosen":"THE_BUGKNIGHT","items_purchased":["Enlightenment","HollowMod:QuirrelsAssistance"],"campfire_rested":5,"item_purchase_floors":[13,13],"current_hp_per_floor":[81,82,82,82,71,71,65,82,82,82,82,68,68,73,73,43,87,85,59,18,18,18,44,10,36,36,62,43,21,21,5,31,0,0],"gold":17,"neow_bonus":"TEN_PERCENT_HP_BONUS","is_daily":false,"chose_seed":false,"campfire_upgraded":2,"win_rate":0.0,"timestamp":1610948288,"path_taken":["M","M","?","M","M","R","M","R","T","M","M","M","$","M","R","BOSS","M","M","M","?","?","R","M","R","T","R","?","M","?","M","R","BOSS"],"items_purchased_type":["Card","Card"],"build_version":"2020-12-22","purchased_purges":0,"victory":false,"max_hp_per_floor":[82,82,82,82,82,82,82,82,82,82,82,82,82,82,82,82,87,87,87,87,87,87,87,87,87,87,87,87,87,87,87,87,87,87],"card_choices":[{"not_picked":["HollowMod:TaintedHusks","HollowMod:NewLittleFool","HollowMod:CoiledNail"],"picked":"SKIP","floor":1},{"not_picked":["HollowMod:HeavyBlow","HollowMod:SoulSplash"],"picked":"HollowMod:HowlingWraiths","floor":2},{"not_picked":["HollowMod:DreamGate","HollowMod:CornifersMapStart"],"picked":"HollowMod:GoodIntentions","floor":4},{"not_picked":["HollowMod:GoodIntentions","HollowMod:SiblingsSouls"],"picked":"HollowMod:GreatSlash","floor":5},{"not_picked":["HollowMod:SoulEater","HollowMod:CornifersMapStart"],"picked":"HollowMod:CycloneSlash","floor":7},{"not_picked":["HollowMod:TaintedHusks","HollowMod:SoulEater"],"picked":"HollowMod:LifebloodCocoon","floor":10},{"not_picked":["HollowMod:CloakDash","HollowMod:SoulShaman"],"picked":"HollowMod:ChannelNail","floor":11},{"not_picked":["HollowMod:DoubleDash","HollowMod:LuriensSpire"],"picked":"HollowMod:HuntersJournal","floor":12},{"not_picked":["HollowMod:VoidDash","HollowMod:HuntersJournal"],"picked":"HollowMod:CycloneSlash","floor":14},{"not_picked":["HollowMod:VoidDash","HollowMod:ElderbugsWisdom"],"picked":"HollowMod:HornetsHelp","floor":16},{"not_picked":["HollowMod:TaintedHusks","HollowMod:InfectedAttack"],"picked":"HollowMod:DashSlash","floor":17},{"not_picked":["HollowMod:MawleksShell+1","HollowMod:CornifersMapStart+1"],"picked":"HollowMod:PerfectDash","floor":18},{"not_picked":["HollowMod:MonomonsArchive","HollowMod:CrystalDash"],"picked":"HollowMod:SoulSplash+1","floor":19},{"not_picked":["HollowMod:SoulMaster","HollowMod:ShapeofUnn"],"picked":"HollowMod:FallenFury","floor":20},{"not_picked":["HollowMod:TaintedHusks","HollowMod:GreatSlash+1"],"picked":"HollowMod:HuntersJournal","floor":24},{"not_picked":["HollowMod:HeavyBlow","HollowMod:DashSlash"],"picked":"HollowMod:SharpenedNail","floor":28},{"not_picked":["HollowMod:CornifersMapStart","HollowMod:InfectedAttack"],"picked":"HollowMod:HeavyBlow","floor":29},{"not_picked":["HollowMod:MonomonsArchive","HollowMod:DescendingDark+1"],"picked":"HollowMod:GoodIntentions+1","floor":31}],"player_experience":456295,"relics_obtained":[{"floor":9,"key":"Shuriken"},{"floor":26,"key":"Bronze Scales"}],"event_choices":[{"damage_healed":0,"gold_gain":0,"player_choice":"Ignored","damage_taken":0,"max_hp_gain":0,"max_hp_loss":0,"event_name":"Shining Light","floor":3,"gold_loss":0},{"damage_healed":0,"gold_gain":0,"player_choice":"Ignored","damage_taken":0,"max_hp_gain":0,"max_hp_loss":0,"event_name":"Ghosts","floor":21,"gold_loss":0},{"damage_healed":0,"gold_gain":0,"player_choice":"Paid Gold","damage_taken":0,"relics_obtained":["Old Coin"],"max_hp_gain":0,"max_hp_loss":0,"event_name":"WeMeetAgain","floor":22,"gold_loss":77},{"damage_healed":0,"gold_gain":0,"player_choice":"Paid Fearfully","damage_taken":0,"max_hp_gain":0,"max_hp_loss":0,"event_name":"Masked Bandits","floor":30,"gold_loss":628}],"is_beta":false,"boss_relics":[{"not_picked":["Cursed Key","Empty Cage"],"picked":"Tiny House"}],"items_purged_floors":[],"is_endless":false,"potions_floor_spawned":[2,4,11,16,20,28],"killed_by":"Automaton","ascension_level":0}}