{"host":"sc0o2qwpf9j16a4i","time":1610996593,"event":{"mods":["AchievementEnabler","BaseMod","BetterRewards","Block Reminder","Colored Map","Colored Powertips","Custom Start","Highlight Path","Minty Spire (QoL Compilation)","Relic Stats"],"gold_per_floor":[111,128,153,169,181,181,214,233,305,325,338,338,369,381,381,457,457,477,490,490,470,482,482,512,512,565,565,577,589,10,22,22,93,93,112,112,125,135,135,164,164,178,178,205,224,259,278,296,296,296,296,296,296,6,6,6],"floor_reached":55,"language":"ENG","playtime":3015,"items_purged":["Strike_R","Strike_R"],"score":2519,"play_id":"815b0e3f-fc8b-4e0c-9ccf-43f6f4e96e85","local_time":"20210118210313","is_ascension_mode":true,"campfire_choices":[{"floor":6.0,"key":"REST"},{"data":"Offering","floor":12.0,"key":"SMITH"},{"data":"Bash","floor":15.0,"key":"SMITH"},{"floor":23.0,"key":"RECALL"},{"floor":25.0,"key":"REST"},{"floor":27.0,"key":"REST"},{"floor":32.0,"key":"REST"},{"floor":41.0,"key":"REST"},{"floor":49.0,"key":"REST"},{"floor":53.0,"key":"REST"}],"circlet_count":0,"master_deck":["AscendersBane","Strike_R+1","Strike_R+1","Strike_R","Defend_R","Defend_R","Defend_R","Bash+1","Offering+1","Thunderclap+1","Perfected Strike+1","Headbutt+1","Burning Pact+1","Spot Weakness","Shrug It Off","Whirlwind+1","Dropkick+1","Reaper+1","True Grit+1","Feel No Pain","Ghostly+1","Ghostly","Ghostly","Dark Embrace+1","Apotheosis","Feel No Pain","Disarm","Feel No Pain","Limit Break","Havoc+1","Dual Wield","Uppercut+1","Shrug It Off","Feel No Pain"],"relics":["Burning Blood","Membership Card","Bag of Preparation","Omamori","Anchor","Molten Egg 2","Art of War","Red Skull","InkBottle","Singing Bowl","Fusion Hammer","Blood Vial","Whetstone","Strange Spoon","Torii","War Paint","Runic Pyramid","MealTicket","Ginger","Bag of Marbles","ClockworkSouvenir","Ice Cream"],"acts_visited":["Exordium","TheCity","TheBeyond","TheEnding"],"potions_floor_usage":[],"damage_taken":[{"damage":7.0,"enemies":"Cultist","floor":1.0,"turns":3.0},{"damage":0.0,"enemies":"Small Slimes","floor":2.0,"turns":3.0},{"damage":0.0,"enemies":"2 Louse","floor":4.0,"turns":2.0},{"damage":7.0,"enemies":"Exordium Thugs","floor":5.0,"turns":3.0},{"damage":12.0,"enemies":"Lagavulin","floor":7.0,"turns":4.0},{"damage":1.0,"enemies":"3 Louse","floor":8.0,"turns":3.0},{"damage":6.0,"enemies":"Exordium Wildlife","floor":10.0,"turns":2.0},{"damage":11.0,"enemies":"Large Slime","floor":11.0,"turns":3.0},{"damage":14.0,"enemies":"Gremlin Nob","floor":13.0,"turns":3.0},{"damage":6.0,"enemies":"Blue Slaver","floor":14.0,"turns":1.0},{"damage":16.0,"enemies":"Slime Boss","floor":16.0,"turns":5.0},{"damage":29.0,"enemies":"2 Thieves","floor":18.0,"turns":3.0},{"damage":12.0,"enemies":"Spheric Guardian","floor":19.0,"turns":3.0},{"damage":0.0,"enemies":"Centurion and Healer","floor":22.0,"turns":2.0},{"damage":23.0,"enemies":"Book of Stabbing","floor":24.0,"turns":5.0},{"damage":1.0,"enemies":"Shelled Parasite and Fungi","floor":28.0,"turns":4.0},{"damage":8.0,"enemies":"Cultist and Chosen","floor":29.0,"turns":5.0},{"damage":1.0,"enemies":"Snake Plant","floor":31.0,"turns":5.0},{"damage":7.0,"enemies":"Champ","floor":33.0,"turns":19.0},{"damage":1.0,"enemies":"3 Darklings","floor":35.0,"turns":8.0},{"damage":6.0,"enemies":"Orb Walker","floor":37.0,"turns":6.0},{"damage":12.0,"enemies":"Maw","floor":38.0,"turns":8.0},{"damage":7.0,"enemies":"Nemesis","floor":40.0,"turns":11.0},{"damage":32.0,"enemies":"Transient","floor":42.0,"turns":6.0},{"damage":94.0,"enemies":"Giant Head","floor":44.0,"turns":12.0},{"damage":15.0,"enemies":"4 Shapes","floor":45.0,"turns":8.0},{"damage":1.0,"enemies":"Nemesis","floor":46.0,"turns":9.0},{"damage":56.0,"enemies":"Writhing Mass","floor":47.0,"turns":9.0},{"damage":8.0,"enemies":"Maw","floor":48.0,"turns":9.0},{"damage":90.0,"enemies":"Donu and Deca","floor":50.0,"turns":10.0},{"damage":31.0,"enemies":"Time Eater","floor":51.0,"turns":12.0},{"damage":105,"enemies":"Shield and Spear","floor":55,"turns":11}],"seed_played":"-4870694374957555599","potions_obtained":[{"floor":2.0,"key":"Fruit Juice"},{"floor":5.0,"key":"EssenceOfSteel"},{"floor":8.0,"key":"LiquidMemories"},{"floor":14.0,"key":"AttackPotion"},{"floor":19.0,"key":"HeartOfIron"},{"floor":21.0,"key":"BloodPotion"},{"floor":22.0,"key":"DuplicationPotion"},{"floor":28.0,"key":"Block Potion"},{"floor":31.0,"key":"HeartOfIron"},{"floor":35.0,"key":"SteroidPotion"},{"floor":40.0,"key":"Energy Potion"},{"floor":42.0,"key":"SkillPotion"},{"floor":48.0,"key":"Fruit Juice"}],"is_trial":false,"path_per_floor":["M","M","T","M","M","R","E","M","T","M","M","R","E","M","R","B",null,"M","M","?","?","M","R","E","R","T","R","M","M","$","M","R","B",null,"M","?","M","M","?","E","R","M","T","E","M","E","M","M","R","B","B",null,"R","$","E"],"character_chosen":"IRONCLAD","items_purchased":["Membership Card","Bag of Preparation","Omamori","Anchor","Offering","Molten Egg 2","Thunderclap+1","SkillPotion","Apotheosis","Feel No Pain","Strange Spoon","Torii","War Paint","Disarm","ClockworkSouvenir","Ice Cream","Feel No Pain"],"campfire_rested":7,"item_purchase_floors":[0,0,0,0,0,0,0,0,30,30,30,30,30,30,54,54,54],"current_hp_per_floor":[26,32,32,38,42,66,60,65,65,65,60,60,52,54,54,44,73,64,66,41,41,43,43,29,42,42,45,45,45,45,47,47,47,47,47,49,49,51,51,53,53,44,44,57,59,59,59,61,61,24,66,66,66,66,0,0],"gold":6,"neow_bonus":"","is_daily":false,"chose_seed":false,"campfire_upgraded":2,"win_rate":0.0,"timestamp":1610996593,"path_taken":["M","?","?","M","?","R","E","M","T","M","M","R","E","M","R","BOSS","M","M","?","?","M","R","E","R","T","R","M","M","$","M","R","BOSS","M","?","M","M","?","E","R","M","T","E","M","E","M","M","R","BOSS","BOSS","R","$","E"],"items_purchased_type":["Relic","Relic","Relic","Relic","Card","Relic","Card","Potion","Card","Card","Relic","Relic","Relic","Card","Relic","Relic","Card"],"build_version":"2020-12-22","purchased_purges":2,"victory":false,"max_hp_per_floor":[75,75,75,75,80,80,80,80,80,80,80,80,80,82,82,82,82,82,82,41,41,43,43,45,45,45,45,45,47,47,47,47,47,47,47,49,49,51,51,53,53,55,55,57,59,59,59,61,61,66,66,66,66,66,66,66],"relic_stats":{"Singing Bowl":36,"Torii":10,"counters":[64,344],"Bag of Preparation":[64],"Whetstone":["Strike_R","Strike_R"],"Ginger":[11],"War Paint":["Ghostly","Burning Pact"],"Burning Blood":261,"Blood Vial":6,"Strange Spoon":[79],"MealTicket":36,"Art of War":[50],"obtain_stats":[{"Ice Cream":9,"Lantern":32,"Tiny House":0,"Singing Bowl":25,"Torii":30,"Nilry\u0027s Codex":19,"Magic Flower":7,"Bag of Preparation":0,"Whetstone":26,"Ginger":44,"Cursed Key":17,"Ancient Tea Set":24,"Burning Blood":0,"ClockworkSouvenir":54,"Blood Vial":24,"Centennial Puzzle":8,"Shovel":3,"DollysMirror":20,"Tiny Chest":23,"MealTicket":40,"Fusion Hammer":17,"Red Mask":19,"Chemical X":0,"Red Skull":7,"InkBottle":9,"Runic Pyramid":34,"Self Forming Clay":9,"Golden Idol":4,"Velvet Choker":17,"Eternal Feather":12,"Omamori":0,"War Paint":30,"Strange Spoon":30,"Anchor":6,"CaptainsWheel":28,"Bronze Scales":12,"Molten Egg 2":0,"Mark of Pain":34,"Bag of Marbles":14,"Art of War":3,"Membership Card":22},{"Ice Cream":15,"Lantern":27,"Tiny House":0,"Singing Bowl":23,"Torii":49,"Nilry\u0027s Codex":20,"Magic Flower":14,"Bag of Preparation":32,"Whetstone":47,"Ginger":57,"Cursed Key":19,"Ancient Tea Set":22,"Burning Blood":0,"ClockworkSouvenir":63,"Blood Vial":47,"Centennial Puzzle":4,"Shovel":13,"DollysMirror":10,"Tiny Chest":22,"MealTicket":55,"Fusion Hammer":43,"Red Mask":10,"Chemical X":11,"Red Skull":37,"InkBottle":38,"Runic Pyramid":51,"Self Forming Clay":4,"Golden Idol":13,"Velvet Choker":8,"Eternal Feather":6,"Omamori":32,"War Paint":49,"Strange Spoon":49,"Anchor":3,"CaptainsWheel":24,"Bronze Scales":16,"Molten Egg 2":32,"Mark of Pain":28,"Bag of Marbles":18,"Art of War":34,"Membership Card":21},{"Ice Cream":72,"Lantern":116,"Tiny House":0,"Singing Bowl":102,"Torii":201,"Nilry\u0027s Codex":93,"Magic Flower":69,"Bag of Preparation":147,"Whetstone":192,"Ginger":276,"Cursed Key":89,"Ancient Tea Set":97,"Burning Blood":0,"ClockworkSouvenir":333,"Blood Vial":192,"Centennial Puzzle":12,"Shovel":63,"DollysMirror":54,"Tiny Chest":97,"MealTicket":258,"Fusion Hammer":179,"Red Mask":54,"Chemical X":59,"Red Skull":162,"InkBottle":165,"Runic Pyramid":225,"Self Forming Clay":12,"Golden Idol":63,"Velvet Choker":41,"Eternal Feather":21,"Omamori":147,"War Paint":201,"Strange Spoon":201,"Anchor":9,"CaptainsWheel":107,"Bronze Scales":76,"Molten Egg 2":147,"Mark of Pain":125,"Bag of Marbles":84,"Art of War":153,"Membership Card":95}],"InkBottle":[60]},"card_choices":[{"not_picked":["Thunderclap+1","True Grit"],"picked":"Perfected Strike+1","floor":1.0},{"not_picked":["Iron Wave+1","Cleave+1"],"picked":"Headbutt+1","floor":2.0},{"not_picked":["Cleave+1","Warcry"],"picked":"Burning Pact","floor":4.0},{"not_picked":["Anger+1","Dual Wield","Headbutt+1"],"picked":"SKIP","floor":5.0},{"not_picked":["Exhume","Pommel Strike+1"],"picked":"Spot Weakness","floor":7.0},{"not_picked":["Iron Wave+1","Twin Strike+1"],"picked":"Shrug It Off","floor":8.0},{"not_picked":["Cleave+1","Clash+1","Second Wind"],"picked":"SKIP","floor":10.0},{"not_picked":["Shrug It Off","Sword Boomerang+1"],"picked":"Whirlwind+1","floor":11.0},{"not_picked":["Iron Wave+1","Clothesline+1"],"picked":"Dropkick+1","floor":13.0},{"not_picked":["Iron Wave+1","Rupture","Clothesline+1"],"picked":"Singing Bowl","floor":14.0},{"not_picked":["Berserk","Juggernaut"],"picked":"Reaper+1","floor":16.0},{"not_picked":["Wild Strike+1","Iron Wave+1"],"picked":"True Grit+1","floor":18.0},{"not_picked":["Headbutt+1","Bludgeon+1"],"picked":"Feel No Pain","floor":19.0},{"not_picked":["Heavy Blade+1","True Grit+1","Flex+1"],"picked":"Singing Bowl","floor":22.0},{"not_picked":["Thunderclap+1","Anger+1","Headbutt+1"],"picked":"Singing Bowl","floor":24.0},{"not_picked":["Flex","Bloodletting"],"picked":"Dark Embrace+1","floor":28.0},{"not_picked":["Dark Embrace","Iron Wave+1","Clothesline+1"],"picked":"Singing Bowl","floor":29.0},{"not_picked":["Flame Barrier","Heavy Blade+1"],"picked":"Feel No Pain","floor":31.0},{"not_picked":["Immolate+1","Berserk"],"picked":"Limit Break","floor":33.0},{"not_picked":["Entrench+1","Shrug It Off"],"picked":"Havoc+1","floor":35.0},{"not_picked":["Flash of Steel+1","Secret Weapon","PanicButton"],"picked":"Singing Bowl","floor":36.0},{"not_picked":["Body Slam+1","Clash+1"],"picked":"Dual Wield","floor":37.0},{"not_picked":["Pommel Strike+1","Metallicize","Wild Strike+1"],"picked":"Singing Bowl","floor":38.0},{"not_picked":["Metallicize+1","Sword Boomerang+1","Berserk"],"picked":"Singing Bowl","floor":40.0},{"not_picked":["Headbutt+1","Hemokinesis+1","Armaments"],"picked":"Singing Bowl","floor":42.0},{"not_picked":["Entrench","Hemokinesis+1","Anger+1"],"picked":"Singing Bowl","floor":44.0},{"not_picked":["Carnage+1","Ghostly Armor","Twin Strike+1"],"picked":"Singing Bowl","floor":45.0},{"not_picked":["Sentinel","Heavy Blade+1"],"picked":"Uppercut+1","floor":46.0},{"not_picked":["Perfected Strike+1","Metallicize+1"],"picked":"Shrug It Off","floor":47.0},{"not_picked":["Sword Boomerang+1","Heavy Blade+1","Carnage+1"],"picked":"Singing Bowl","floor":48.0}],"player_experience":732125,"relics_obtained":[{"floor":3.0,"key":"Art of War"},{"floor":7.0,"key":"Red Skull"},{"floor":9.0,"key":"InkBottle"},{"floor":13.0,"key":"Singing Bowl"},{"floor":24.0,"key":"Blood Vial"},{"floor":26.0,"key":"Whetstone"},{"floor":40.0,"key":"MealTicket"},{"floor":44.0,"key":"Ginger"},{"floor":46.0,"key":"Bag of Marbles"}],"event_choices":[{"damage_healed":0.0,"max_hp_gain":0.0,"max_hp_loss":41.0,"gold_gain":0.0,"event_name":"Ghosts","player_choice":"Became a Ghost","floor":20.0,"gold_loss":0.0,"damage_taken":0.0,"cards_obtained":["Ghostly","Ghostly","Ghostly"]},{"damage_healed":0.0,"max_hp_gain":0.0,"max_hp_loss":0.0,"gold_gain":0.0,"event_name":"The Woman in Blue","player_choice":"Bought 1 Potion","floor":21.0,"gold_loss":0.0,"damage_taken":0.0},{"damage_healed":0.0,"max_hp_gain":0.0,"max_hp_loss":0.0,"gold_gain":0.0,"event_name":"SensoryStone","player_choice":"Memory 1","floor":36.0,"gold_loss":0.0,"damage_taken":0.0},{"cards_removed":["Defend_R"],"damage_healed":0.0,"max_hp_gain":0.0,"max_hp_loss":0.0,"gold_gain":0.0,"event_name":"Falling","player_choice":"Removed Skill","floor":39.0,"gold_loss":0.0,"damage_taken":0.0}],"is_beta":false,"boss_relics":[{"not_picked":["SacredBark","Ectoplasm"],"picked":"Fusion Hammer"},{"not_picked":["Pandora\u0027s Box","Sozu"],"picked":"Runic Pyramid"}],"items_purged_floors":[0,30],"is_endless":false,"potions_floor_spawned":[2,5,8,11,14,19,22,28,31,35,40,42,46,48],"killed_by":"Shield and Spear","ascension_level":20}}