{"host":"pmq2bjxo3k17mhrw","time":1610952230,"event":{"mods":["BaseMod","Marisa£®ÏF”Í°°ƒß¿Ì…≥£©","Minty Spire (QoL Compilation)","Replay The Spire","StSLib"],"gold_per_floor":[111,186,186,186,37,71,71,106,131,152,152,167,192,117,117,117,117],"floor_reached":16,"language":"ZHS","playtime":563,"items_purged":["Strike_B"],"score":230,"play_id":"cc4ebcae-f095-4452-81fe-97efe4fb7433","local_time":"20210118144350","is_ascension_mode":true,"campfire_choices":[{"data":"ReplayTheSpireMod:Calculation Training","floor":11,"key":"SMITH"},{"floor":15,"key":"REST"}],"circlet_count":0,"master_deck":["Strike_B","Strike_B","Strike_B","Defend_B+1","Defend_B","Defend_B","Defend_B+1","Zap","Dualcast","Panic Button","ReplayTheSpireMod:Calculation Training+1","Hologram","Reboot","Amplify","Turbo","Auto Shields","Pot Of Greed","Pot Of Greed","Cold Snap","Crystallizer"],"relics":["Cracked Core","NeowsBlessing","Orrery","Replay:Mystery Machine","Bag of Marbles","Grinning Jar","Odd Mushroom","Carrot"],"acts_visited":["Exordium"],"potions_floor_usage":[15],"damage_taken":[{"damage":0,"enemies":"Jaw Worm","floor":1,"turns":1},{"damage":0,"enemies":"Lagavulin","floor":6,"turns":1},{"damage":0,"enemies":"Gremlin Nob","floor":8,"turns":1},{"damage":16,"enemies":"The Mushroom Lair","floor":10,"turns":6},{"damage":0,"enemies":"Small Slimes","floor":12,"turns":3},{"damage":29,"enemies":"Lagavulin","floor":13,"turns":10},{"damage":31,"enemies":"Fading Forest","floor":16,"turns":7}],"seed_played":"4217996513853178898","potions_obtained":[{"floor":6,"key":"Dexterity Potion"},{"floor":12,"key":"Fruit Juice"}],"is_trial":false,"path_per_floor":["M","?","?","?","$","E","$","E","T","?","R","M","E","$","R","B"],"character_chosen":"DEFECT","items_purchased":["Orrery"],"campfire_rested":1,"item_purchase_floors":[5],"current_hp_per_floor":[68,57,42,47,47,47,47,47,47,31,31,31,2,2,31,0,0],"gold":117,"neow_bonus":"THREE_ENEMY_KILL","is_daily":false,"chose_seed":false,"campfire_upgraded":1,"win_rate":0.0,"timestamp":1610952230,"path_taken":["M","?","?","?","$","E","$","E","T","?","R","M","E","?","R","BOSS"],"items_purchased_type":["Relic"],"build_version":"2020-12-22","purchased_purges":1,"victory":false,"max_hp_per_floor":[75,75,75,80,80,80,80,80,80,80,80,80,80,80,85,85,85],"card_choices":[{"not_picked":["Gash","Chaos"],"picked":"Panic Button","floor":1},{"not_picked":["Gash","ReplaySort"],"picked":"ReplayTheSpireMod:Calculation Training","floor":5},{"not_picked":["Time Bomb","Turbo"],"picked":"Hologram","floor":5},{"not_picked":["Rebound","Sweeping Beam"],"picked":"Reboot","floor":5},{"not_picked":["Redo","Streamline"],"picked":"Amplify","floor":5},{"not_picked":["Streamline","Doom and Gloom"],"picked":"Turbo","floor":5},{"not_picked":["Tempest","Self Repair"],"picked":"Auto Shields","floor":6},{"not_picked":["Compile Driver","Steam","Sweeping Beam"],"picked":"SKIP","floor":8},{"not_picked":["Redo","Amplify"],"picked":"Cold Snap","floor":10},{"not_picked":["Go for the Eyes","Cold Snap","Sweeping Beam"],"picked":"SKIP","floor":12},{"not_picked":["Sunder","Fusion"],"picked":"Crystallizer","floor":13}],"player_experience":256534,"relics_obtained":[{"floor":6,"key":"Replay:Mystery Machine"},{"floor":8,"key":"Bag of Marbles"},{"floor":9,"key":"Grinning Jar"},{"floor":10,"key":"Odd Mushroom"},{"floor":13,"key":"Carrot"}],"event_choices":[{"damage_healed":0,"gold_gain":75,"player_choice":"Gather Gold","damage_taken":11,"max_hp_gain":0,"max_hp_loss":0,"event_name":"World of Goop","floor":2,"gold_loss":0},{"damage_healed":0,"gold_gain":0,"player_choice":"Entered Light","damage_taken":15,"max_hp_gain":0,"max_hp_loss":0,"event_name":"Shining Light","floor":3,"gold_loss":0,"cards_upgraded":["Defend_B","Defend_B"]},{"damage_healed":0,"gold_gain":0,"player_choice":"Donut","damage_taken":0,"max_hp_gain":5,"max_hp_loss":0,"event_name":"Big Fish","floor":4,"gold_loss":0},{"damage_healed":0,"gold_gain":0,"player_choice":"Fought Mushrooms","damage_taken":0,"max_hp_gain":0,"max_hp_loss":0,"event_name":"Mushrooms","floor":10,"gold_loss":0}],"is_beta":false,"boss_relics":[],"items_purged_floors":[14],"is_endless":false,"potions_floor_spawned":[6,12],"killed_by":"Fading Forest","ascension_level":8}}