{"host":"3xls0xm49ftugio7","time":1610989742,"event":{"mods":["2.2 Compatiblity","AchievementEnabler","Act Like it!","BaseMod","Colored Powertips","Downfall","GifTheSpireLib","Minty Spire (QoL Compilation)","Quick Restart","Relic Stats","StSLib"],"gold_per_floor":[0,19,35,45,101,121,146,157,157,169,183,202,202,229,247,350,350,350,368,368,368,403,403,403,415,22,22,35,51,51,61,72,177,177,77,97,110,128,128,153,230,230,19,71,71,121,21,21,34,34,34],"floor_reached":50,"language":"ENG","playtime":3539,"items_purged":["Shame","Normality"],"score":688,"play_id":"5269b740-4e25-417b-9d2f-f633d3338b45","local_time":"20210118190902","is_ascension_mode":true,"campfire_choices":[{"data":"Apotheosis","floor":1.0,"key":"SMITH"},{"floor":9.0,"key":"REST"},{"floor":30.0,"key":"REST"},{"floor":42,"key":"RECALL"},{"floor":45,"key":"REST"},{"data":"sneckomod:DiceBoulder+1","floor":47,"key":"SMITH"}],"circlet_count":0,"master_deck":["sneckomod:Strike","sneckomod:Strike","sneckomod:Defend","sneckomod:Defend","sneckomod:Defend","sneckomod:TailWhip","sneckomod:SnekBite","sneckomod:Unknown","Apotheosis+1","sneckomod:UnknownDraw","sneckomod:QuickBite","sneckomod:SoulExchange","InnerPeace","sneckomod:SerpentIdol","sneckomod:SlitherStrike","sneckomod:SlitherStrike","Pommel Strike","sneckomod:UnknownUncommonSkill","sneckomod:UnknownClassPURPLE","Corruption","sneckomod:UnknownUncommonAttack","sneckomod:UnknownDexterity","sneckomod:UnknownDexterity","Impervious","sneckomod:SnekBeam","sneckomod:CheapStock+1","Shrug It Off","sneckomod:DiceBoulder+2","sneckomod:MasterEye","sneckomod:UnknownUncommonPower+1","sneckomod:SoulRoll+1","sneckomod:Unknown3Cost+1","Collect+1","sneckomod:UnknownX+1","sneckomod:SerpentIdol+1","sneckomod:UnknownExhaust+1","sneckomod:UnknownX+1","sneckomod:UnknownExhaust+1","sneckomod:SoulDraw+1","sneckomod:Rotation","sneckomod:UnknownStrength+1"],"relics":["sneckomod:SneckoSoul","Smiling Mask","Orichalcum","sneckomod:SneckoCommon","Cursed Key","sneckomod:UnknownEgg","expansioncontent:StudyCardRelic","downfall:HeartBlessingBlue","White Beast Statue","Frozen Egg 2","Chemical X","Turnip","Gambling Chip","downfall:HeartBlessingRed"],"acts_visited":["Exordium","TheCity","TheBeyond"],"potions_floor_usage":[33,33,44,50,50],"damage_taken":[{"damage":0.0,"enemies":"Cultist","floor":2.0,"turns":2.0},{"damage":12.0,"enemies":"Jaw Worm","floor":3.0,"turns":3.0},{"damage":0.0,"enemies":"Small Slimes","floor":4.0,"turns":2.0},{"damage":7.0,"enemies":"Lagavulin Event","floor":5.0,"turns":4.0},{"damage":14.0,"enemies":"Exordium Thugs","floor":6.0,"turns":5.0},{"damage":20.0,"enemies":"Lots of Slimes","floor":8.0,"turns":6.0},{"damage":10.0,"enemies":"3 Louse","floor":10.0,"turns":3.0},{"damage":9.0,"enemies":"Large Slime","floor":11.0,"turns":3.0},{"damage":4.0,"enemies":"2 Fungi Beasts","floor":12.0,"turns":3.0},{"damage":2.0,"enemies":"3 Sentries","floor":14.0,"turns":6.0},{"damage":4.0,"enemies":"Gremlin Gang","floor":15.0,"turns":3.0},{"damage":23.0,"enemies":"SI_SHIV_ARCHETYPE","floor":16.0,"turns":5.0},{"damage":0.0,"enemies":"Chosen","floor":19.0,"turns":4.0},{"damage":0.0,"enemies":"Spheric Guardian","floor":22.0,"turns":4.0},{"damage":18.0,"enemies":"Snake Plant","floor":25.0,"turns":4.0},{"damage":0.0,"enemies":"downfall:FleeingMerchant","floor":26.0,"turns":4.0},{"damage":13.0,"enemies":"Snecko","floor":28.0,"turns":5.0},{"damage":15.0,"enemies":"Cultist and Chosen","floor":29.0,"turns":6.0},{"damage":42.0,"enemies":"Centurion and Healer","floor":31.0,"turns":6.0},{"damage":1.0,"enemies":"Snake Plant","floor":32.0,"turns":3.0},{"damage":6,"enemies":"IC_MUSHROOM_ARCHETYPE","floor":33,"turns":7},{"damage":6,"enemies":"Orb Walker","floor":36,"turns":3},{"damage":14,"enemies":"3 Darklings","floor":37,"turns":5},{"damage":55,"enemies":"Writhing Mass","floor":38,"turns":6},{"damage":12,"enemies":"Reptomancer","floor":40,"turns":5},{"damage":9,"enemies":"downfall:FleeingMerchant","floor":43,"turns":5},{"damage":14,"enemies":"2 Orb Walkers","floor":44,"turns":3},{"damage":10,"enemies":"2 Orb Walkers","floor":46,"turns":4},{"damage":17,"enemies":"Maw","floor":49,"turns":5},{"damage":66,"enemies":"DF_ARCHETYPE_ORBS","floor":50,"turns":6}],"seed_played":"6096336492070508808","potions_obtained":[{"floor":2.0,"key":"Fruit Juice"},{"floor":3.0,"key":"Guardian:BlockOnCardUsePotion"},{"floor":6.0,"key":"LiquidBronze"},{"floor":11.0,"key":"Swift Potion"},{"floor":16.0,"key":"Guardian:BlockOnCardUsePotion"},{"floor":29.0,"key":"Swift Potion"},{"floor":33,"key":"sneckomod:OffclassReductionPotion"},{"floor":36,"key":"Dexterity Potion"},{"floor":43,"key":"DistilledChaos"},{"floor":44,"key":"Strength Potion"},{"floor":46,"key":"bronze:BurnAndBuffPotion"},{"floor":49,"key":"DuplicationPotion"}],"is_trial":false,"path_per_floor":["R","M","M","M","?","M","T","M","R","M","M","M","R","E","M","B",null,"R","M","?","?","M","R","T","M","$","R","M","M","R","M","M","B",null,"R","M","M","M","?","E","T","R","$","?","R","?","R","?","M","B"],"character_chosen":"THE_SNECKO","items_purchased":["sneckomod:UnknownEgg","sneckomod:UnknownX+1","Chemical X"],"campfire_rested":3,"item_purchase_floors":[26,26,43],"current_hp_per_floor":[90,90,78,78,71,57,57,37,64,54,50,46,46,44,40,17,76,76,76,76,76,76,76,76,58,58,58,45,30,58,16,15,9,74,84,78,64,9,92,80,80,80,71,57,84,74,74,74,57,0,0],"gold":34,"neow_bonus":"RANDOM_COLORLESS_2","is_daily":false,"chose_seed":false,"campfire_upgraded":2,"win_rate":0.0,"timestamp":1610989742,"path_taken":["R","M","M","?","?","M","T","M","R","M","M","M","R","E","M","BOSS","R","M","?","?","M","R","T","M","$","R","?","M","R","?","M","BOSS","R","M","M","M","?","E","T","R","$","?","R","?","R","?","M","BOSS"],"items_purchased_type":["Relic","Card","Relic"],"build_version":"2020-12-22","purchased_purges":2,"victory":false,"max_hp_per_floor":[90,90,90,90,90,90,90,90,90,90,95,95,95,95,95,95,95,95,95,95,95,95,95,95,95,95,95,95,95,95,95,95,95,95,105,105,105,105,92,92,92,92,92,92,92,92,92,92,92,92,92],"relic_stats":{"counters":[30,130],"Gambling Chip":[4],"Turnip":[3],"Chemical X":[7],"Orichalcum":[174],"Smiling Mask":75,"Cursed Key":2,"obtain_stats":[{"sneckomod:SneckoCommon":14,"downfall:HeartBlessingRed":47,"sneckomod:UnknownEgg":26,"expansioncontent:StudyCardRelic":34,"Orichalcum":7,"Frozen Egg 2":41,"sneckomod:SneckoSoul":0,"Smiling Mask":5,"Cursed Key":17,"White Beast Statue":40,"downfall:HeartBlessingBlue":35,"Gambling Chip":46,"Turnip":44,"Chemical X":43},{"sneckomod:SneckoCommon":10,"downfall:HeartBlessingRed":28,"sneckomod:UnknownEgg":16,"expansioncontent:StudyCardRelic":21,"Orichalcum":5,"Frozen Egg 2":25,"sneckomod:SneckoSoul":0,"Smiling Mask":4,"Cursed Key":12,"White Beast Statue":25,"downfall:HeartBlessingBlue":21,"Gambling Chip":28,"Turnip":27,"Chemical X":26},{"sneckomod:SneckoCommon":37,"downfall:HeartBlessingRed":119,"sneckomod:UnknownEgg":61,"expansioncontent:StudyCardRelic":88,"Orichalcum":16,"Frozen Egg 2":107,"sneckomod:SneckoSoul":0,"Smiling Mask":11,"Cursed Key":45,"White Beast Statue":107,"downfall:HeartBlessingBlue":88,"Gambling Chip":119,"Turnip":115,"Chemical X":112}]},"card_choices":[{"not_picked":["Metamorphosis","Violence"],"picked":"Apotheosis","floor":0.0},{"not_picked":["sneckomod:UnknownColorless","sneckomod:RainOfDice"],"picked":"sneckomod:UnknownDraw","floor":2.0},{"not_picked":["sneckomod:DiceCrush","sneckomod:SoulDraw"],"picked":"sneckomod:QuickBite","floor":3.0},{"not_picked":["sneckomod:IronFang","sneckomod:RainOfDice"],"picked":"sneckomod:UnknownDraw","floor":4.0},{"not_picked":["sneckomod:DiceCrush","sneckomod:SoulCleanse"],"picked":"sneckomod:RainOfDice","floor":5.0},{"not_picked":["sneckomod:SoulRoll","sneckomod:UnendingSupply"],"picked":"sneckomod:SoulExchange","floor":6.0},{"not_picked":["sneckomod:Unknown1Cost","sneckomod:UnknownCommonSkill"],"picked":"sneckomod:SerpentIdol","floor":8.0},{"not_picked":["sneckomod:MixItUp","sneckomod:DiceCrush"],"picked":"sneckomod:UnknownStrike","floor":10.0},{"not_picked":["sneckomod:DiceBoulder","sneckomod:TrashToTreasure"],"picked":"sneckomod:SlitherStrike","floor":11.0},{"not_picked":["sneckomod:QuickMove","sneckomod:Unknown1Cost"],"picked":"sneckomod:SlitherStrike","floor":12.0},{"not_picked":["sneckomod:UnknownBlock","sneckomod:UnknownVulnerable"],"picked":"sneckomod:UnknownUncommonSkill","floor":14.0},{"not_picked":["sneckomod:TrashToTreasure","sneckomod:DiceBlock"],"picked":"sneckomod:Unknown3Cost","floor":15.0},{"not_picked":["sneckomod:UnlimitedRolls","sneckomod:MorePower"],"picked":"sneckomod:UnknownRareSkill","floor":16.0},{"not_picked":["sneckomod:UnknownCommonAttack","sneckomod:QuickMove+1"],"picked":"sneckomod:UnknownUncommonAttack","floor":19.0},{"not_picked":["sneckomod:Unknown1Cost","sneckomod:UnknownClassRED"],"picked":"sneckomod:UnknownDexterity","floor":22.0},{"not_picked":["sneckomod:UnknownBlock","sneckomod:SoulRoll"],"picked":"sneckomod:SnekBeam","floor":25.0},{"not_picked":["sneckomod:SoulRoll","sneckomod:UnknownClassGUARDIAN"],"picked":"sneckomod:CheapStock+1","floor":26.0},{"not_picked":["sneckomod:UnknownDraw+1","sneckomod:RainOfDice+1"],"picked":"sneckomod:DiceBoulder+1","floor":28.0},{"not_picked":["sneckomod:IronFang+1","sneckomod:SoulRoll"],"picked":"sneckomod:MasterEye","floor":29.0},{"not_picked":["sneckomod:UnknownClassPURPLE+1","sneckomod:SoulExchange"],"picked":"sneckomod:UnknownUncommonPower+1","floor":31.0},{"not_picked":["sneckomod:DiceCrush+1","sneckomod:SnekBeam+1"],"picked":"sneckomod:SoulRoll+1","floor":32.0},{"not_picked":["sneckomod:UnlimitedRolls","sneckomod:GlitteringGambit"],"picked":"sneckomod:Unknown3Cost+1","floor":33},{"not_picked":["sneckomod:RainOfDice+1","sneckomod:SoulRoll"],"picked":"sneckomod:UnknownX+1","floor":36},{"not_picked":["sneckomod:WideSting","sneckomod:DiceBlock"],"picked":"sneckomod:SerpentIdol+1","floor":37},{"not_picked":["sneckomod:SoulRoll","sneckomod:Unknown0Cost+1"],"picked":"sneckomod:UnknownExhaust+1","floor":38},{"not_picked":["sneckomod:UnknownVulnerable+1","sneckomod:UnknownDraw+1"],"picked":"sneckomod:UnknownX+1","floor":40},{"not_picked":["sneckomod:RainOfDice","sneckomod:MasterEye+1"],"picked":"sneckomod:UnknownExhaust+1","floor":43},{"not_picked":["sneckomod:QuickBite+1","sneckomod:Nope"],"picked":"sneckomod:SoulDraw+1","floor":44},{"not_picked":["sneckomod:UnknownCommonSkill+1","sneckomod:UnknownCommonAttack+1"],"picked":"sneckomod:Rotation","floor":46},{"not_picked":["sneckomod:SoulRoll","sneckomod:IronFang+1"],"picked":"sneckomod:UnknownStrength+1","floor":49}],"player_experience":911052,"relics_obtained":[{"floor":5.0,"key":"Smiling Mask"},{"floor":7.0,"key":"Orichalcum"},{"floor":14.0,"key":"sneckomod:SneckoCommon"},{"floor":40,"key":"White Beast Statue"},{"floor":41,"key":"Frozen Egg 2"},{"floor":44,"key":"Turnip"},{"floor":46,"key":"Gambling Chip"}],"event_choices":[{"damage_healed":0.0,"max_hp_gain":0.0,"max_hp_loss":0.0,"gold_gain":0.0,"event_name":"The Library","player_choice":"Read","floor":20.0,"gold_loss":0.0,"damage_taken":0.0,"cards_obtained":["sneckomod:UnknownDexterity"]},{"damage_healed":0,"gold_gain":0,"player_choice":"Fight","damage_taken":0,"max_hp_gain":0,"max_hp_loss":0,"event_name":"Mysterious Sphere","floor":44,"gold_loss":0},{"cards_removed":["sneckomod:RainOfDice"],"damage_healed":0,"gold_gain":0,"player_choice":"Removed Attack","damage_taken":0,"max_hp_gain":0,"max_hp_loss":0,"event_name":"Falling","floor":48,"gold_loss":0}],"is_beta":false,"boss_relics":[{"not_picked":["Astrolabe","Philosopher\u0027s Stone"],"picked":"Cursed Key"},{"not_picked":["SacredBark","Tiny House"],"picked":"expansioncontent:StudyCardRelic"}],"items_purged_floors":[26,43],"is_endless":false,"potions_floor_spawned":[2,3,6,11,12,14,16,19,22,28,29,33,36,43,44,46,49],"killed_by":"DF_ARCHETYPE_ORBS","ascension_level":5}}