{"host":"baymyijz6sxaqj5s","time":1610992880,"event":{"mods":["AchievementEnabler","BaseMod","Colored Map","Colored Powertips","DeckTracker","Highlight Path","KOR Keyword Fix","Keyboard Shortcuts","Minty Spire (QoL Compilation)","StSLib","SuperFastMode","everything is the same but u backflip on backflip"],"gold_per_floor":[109,109,184,204,223,223,223,223,272,272,286,286,94,94,94,197,247,266,191,162,162,162,162],"floor_reached":22,"language":"KOR","playtime":501,"items_purged":[],"score":223,"play_id":"338f181b-6ec1-435a-a0eb-0e5e7311dc68","local_time":"20210119030120","is_ascension_mode":true,"campfire_choices":[{"data":"Survivor","floor":6,"key":"SMITH"},{"data":"Deadly Poison","floor":8,"key":"SMITH"},{"data":"Deflect","floor":10,"key":"SMITH"},{"data":"Backflip","floor":12,"key":"SMITH"},{"data":"Blade Dance","floor":15,"key":"SMITH"}],"circlet_count":0,"master_deck":["Strike_G","Strike_G","Strike_G+1","Strike_G","Defend_G","Defend_G","Defend_G","Defend_G","Defend_G","Survivor+1","Neutralize","Blade Dance+1","Deflect+1","Deadly Poison+1","Backflip+1","Skewer","Blur+1","Infinite Blades","Night Terror","Footwork","Poisoned Stab"],"relics":["Ring of the Snake","Ancient Tea Set","Tiny House"],"acts_visited":["Exordium","TheCity"],"potions_floor_usage":[16,18,20],"damage_taken":[{"damage":2,"enemies":"Small Slimes","floor":1,"turns":4},{"damage":0,"enemies":"2 Louse","floor":4,"turns":3},{"damage":2,"enemies":"Jaw Worm","floor":5,"turns":3},{"damage":0,"enemies":"Exordium Wildlife","floor":11,"turns":3},{"damage":41,"enemies":"The Guardian","floor":16,"turns":12},{"damage":25,"enemies":"Chosen","floor":18,"turns":9},{"damage":25,"enemies":"2 Thieves","floor":20,"turns":5},{"damage":18,"enemies":"Chosen and Byrds","floor":22,"turns":4}],"seed_played":"-2669868662849813823","potions_obtained":[{"floor":5,"key":"BlessingOfTheForge"},{"floor":16,"key":"CunningPotion"},{"floor":17,"key":"Weak Potion"},{"floor":20,"key":"Dexterity Potion"}],"is_trial":false,"path_per_floor":["M","$","?","M","M","R","?","R","T","R","M","R","$","?","R","B",null,"M","?","M","?","M"],"character_chosen":"THE_SILENT","items_purchased":["Skewer","Blur","Infinite Blades"],"campfire_rested":0,"item_purchase_floors":[13,13,13],"current_hp_per_floor":[75,75,64,64,62,62,62,62,62,62,62,62,62,62,62,21,82,57,57,32,16,0,0],"gold":162,"neow_bonus":"TEN_PERCENT_HP_BONUS","is_daily":false,"chose_seed":false,"campfire_upgraded":5,"win_rate":0.0,"timestamp":1610992880,"path_taken":["M","$","?","M","M","R","?","R","T","R","M","R","$","?","R","BOSS","M","?","M","?","M"],"items_purchased_type":["Card","Card","Card"],"build_version":"2020-12-22","purchased_purges":0,"victory":false,"max_hp_per_floor":[77,77,77,77,77,77,77,77,77,77,77,77,77,77,77,77,82,82,82,82,87,87,87],"card_choices":[{"not_picked":["Predator","Backstab"],"picked":"Blade Dance","floor":1},{"not_picked":["Choke","PiercingWail"],"picked":"Deflect","floor":4},{"not_picked":["Heel Hook","Prepared"],"picked":"Deadly Poison","floor":5},{"not_picked":["Flying Knee","Deflect"],"picked":"Backflip","floor":11},{"not_picked":["Storm of Steel","Die Die Die"],"picked":"Night Terror","floor":16},{"not_picked":["Terror+1","Slice+1"],"picked":"Footwork","floor":18},{"not_picked":["Bane","Outmaneuver"],"picked":"Poisoned Stab","floor":20}],"player_experience":56765,"relics_obtained":[{"floor":9,"key":"Ancient Tea Set"}],"event_choices":[{"damage_healed":0,"gold_gain":75,"player_choice":"Gather Gold","damage_taken":11,"max_hp_gain":0,"max_hp_loss":0,"event_name":"World of Goop","floor":3,"gold_loss":0},{"damage_healed":0,"gold_gain":0,"player_choice":"Ignored","damage_taken":0,"max_hp_gain":0,"max_hp_loss":0,"event_name":"Golden Idol","floor":7,"gold_loss":0},{"damage_healed":0,"gold_gain":0,"player_choice":"Grow","damage_taken":0,"max_hp_gain":0,"max_hp_loss":0,"event_name":"Living Wall","floor":14,"gold_loss":0,"cards_upgraded":["Blur"]},{"cards_removed":["Strike_G"],"damage_healed":0,"gold_gain":0,"player_choice":"Gave Gold","damage_taken":0,"max_hp_gain":0,"max_hp_loss":0,"event_name":"Beggar","floor":19,"gold_loss":75},{"damage_healed":0,"gold_gain":0,"player_choice":"Shed Blood","damage_taken":21,"max_hp_gain":5,"max_hp_loss":0,"event_name":"Forgotten Altar","floor":21,"gold_loss":0}],"is_beta":false,"boss_relics":[{"not_picked":["Black Star","Runic Dome"],"picked":"Tiny House"}],"items_purged_floors":[],"is_endless":false,"potions_floor_spawned":[5,16,20],"killed_by":"Chosen and Byrds","ascension_level":3}}