{"host":"thin","time":1610970024,"event":{"mods":["BaseMod","Colored Powertips","Minty Spire (QoL Compilation)","Replay The Spire","Shop Mod","StSLib","The Bug Knight"],"gold_per_floor":[109,109,126,145,145,170,170,93,93,122,197,197,197,207,207,309,609,529,546,546,419,344,344,344,359,359,34,69,80,90,115,115,217,217,227,244,261,1260,626,626,651,667,667,682,708,258,258,304,304,304,304,304,5,35,35],"floor_reached":56,"language":"ZHS","playtime":2863,"items_purged":["Overencumbered","Normality","Normality"],"score":2058,"play_id":"a3bf0cd5-1203-4df8-9abc-b1dafcb7c8cb","local_time":"20210118194024","is_ascension_mode":true,"campfire_choices":[{"data":"ReplayTheSpireMod:Brewmster","floor":7.0,"key":"SMITH"},{"data":"HollowMod:AwokenDreamNail","floor":15.0,"key":"SMITH"},{"data":"HollowMod:ZotesMagnificence","floor":23.0,"key":"SMITH"},{"data":"Apotheosis","floor":32.0,"key":"SMITH"},{"floor":40.0,"key":"RECALL"},{"floor":47,"key":"REST"},{"floor":49,"key":"DIG"},{"floor":52,"key":"REST"}],"circlet_count":0,"master_deck":["HollowMod:NailStrikeStart","HollowMod:NailStrikeStart","HollowMod:NailStrikeStart","HollowMod:NailStrikeStart","HollowMod:QuickDashStart","HollowMod:QuickDashStart","HollowMod:QuickDashStart","HollowMod:QuickDashStart","HollowMod:FocusHealStart","HollowMod:PogoStrike","ReplayTheSpireMod:Brewmster+1","HollowMod:HowlingWraiths","HollowMod:SoulSplash","HollowMod:AwokenDreamNail+1","HollowMod:DesolateDive","HollowMod:PureNailStrike","HollowMod:ZotesMagnificence+1","HollowMod:HuntersJournal","HollowMod:CloakDash","Survey Options","HollowMod:CornifersMapStart+1","Apotheosis+1","HollowMod:HuntersJournal+1","Flash of Steel","HollowMod:SiblingsSouls","HollowMod:PureVessel","HollowMod:MonomonsArchive+1","HollowMod:SoulShaman+1","HollowMod:MonarchWings","HollowMod:SiblingsSouls+1","HollowMod:SoulEater","Secret Weapon","HollowMod:DreamGate","ReplayTheSpireMod:Brewmster","HollowMod:ZotesMagnificence"],"relics":["HollowMod:VesselMask","Onion Ring","Replay:Baseball","Ancient Tea Set","Replay:WaspNest","ReplayTheSpireMod:Ring of Addiction","Toy Ornithopter","SacredBark","Replay:Ancient Bell","Pet Ghost","Gremlin Horn","Old Coin","Pantograph","PreservedInsect","Replay:Kaleidoscope","Cursed Key","Bottled Tornado","HollowMod:IsmasTear","HollowMod:KingsBrand","Nunchaku","Du-Vu Doll","ReplayTheSpireMod:TigerMarble","Mango","Replay:Arrowhead"],"acts_visited":["Exordium","TheCity","TheBeyond","TheEnding"],"potions_floor_usage":[44,44,44,44,45,45,48,48,48,48,50,50,50,50,50,50,50,50,50,50,50,50,50,54,54,54,54,54,55,55,55,55,55,55,55,55,55],"damage_taken":[{"damage":11.0,"enemies":"2 Louse","floor":1.0,"turns":3.0},{"damage":10.0,"enemies":"Cultist","floor":3.0,"turns":3.0},{"damage":7.0,"enemies":"Small Slimes","floor":4.0,"turns":3.0},{"damage":17.0,"enemies":"Replay:BlueRogue","floor":6.0,"turns":7.0},{"damage":20.0,"enemies":"3 Sentries","floor":10.0,"turns":5.0},{"damage":0.0,"enemies":"Looter","floor":14.0,"turns":2.0},{"damage":19.0,"enemies":"Slime Boss","floor":16.0,"turns":8.0},{"damage":11.0,"enemies":"2 Thieves","floor":18.0,"turns":2.0},{"damage":13.0,"enemies":"Shell Parasite","floor":19.0,"turns":5.0},{"damage":0.0,"enemies":"Sentry and Sphere","floor":25.0,"turns":3.0},{"damage":22.0,"enemies":"HollowMod:Nosk","floor":28.0,"turns":4.0},{"damage":19.0,"enemies":"Snecko","floor":29.0,"turns":6.0},{"damage":24.0,"enemies":"Snake Plant","floor":30.0,"turns":2.0},{"damage":15.0,"enemies":"Replay:Snechameleon","floor":31.0,"turns":3.0},{"damage":35.0,"enemies":"Pondfish","floor":33.0,"turns":5.0},{"damage":0.0,"enemies":"3 Darklings","floor":35.0,"turns":3.0},{"damage":16.0,"enemies":"Orb Walker","floor":36.0,"turns":2.0},{"damage":15.0,"enemies":"4 Shapes","floor":37.0,"turns":2.0},{"damage":19.0,"enemies":"R_Hoarder","floor":41.0,"turns":6.0},{"damage":1.0,"enemies":"Transient","floor":42.0,"turns":5.0},{"damage":16,"enemies":"3 Darklings","floor":44,"turns":5},{"damage":35,"enemies":"Reptomancer","floor":45,"turns":4},{"damage":3,"enemies":"2 Orb Walkers","floor":48,"turns":3},{"damage":121,"enemies":"Time Eater","floor":50,"turns":9},{"damage":8,"enemies":"Shield and Spear","floor":54,"turns":7},{"damage":148,"enemies":"The Heart","floor":55,"turns":6}],"seed_played":"-5212820304958727525","potions_obtained":[{"floor":1.0,"key":"LiquidBronze"},{"floor":4.0,"key":"DistilledChaos"},{"floor":10.0,"key":"LifebloodPotion"},{"floor":13.0,"key":"Strength Potion"},{"floor":16.0,"key":"Energy Potion"},{"floor":30.0,"key":"Elixir"},{"floor":36.0,"key":"Weak Potion"},{"floor":42.0,"key":"GamblersBrew"}],"is_trial":false,"path_per_floor":["M","?","M","M","T","E","R","$","T","E","?","?","?","M","R","B",null,"M","M","?","$","?","R","?","M","T","$","E","M","M","E","R","B",null,"M","M","M","?","$","R","E","M","T","M","E","$","R","?","R","B",null,"R","$","E","B",null],"character_chosen":"THE_BUGKNIGHT","items_purchased":["HollowMod:DesolateDive","HollowMod:CloakDash","Apotheosis","HollowMod:HuntersJournal+1","Flash of Steel","Bottled Tornado","HollowMod:SiblingsSouls+1","HollowMod:SoulEater","Secret Weapon","ReplayTheSpireMod:Brewmster","Nunchaku","Mango"],"campfire_rested":2,"item_purchase_floors":[8,21,27,27,27,39,39,39,39,46,46,53],"current_hp_per_floor":[63,63,58,57,57,48,48,48,48,34,23,16,16,21,21,22,62,56,58,58,58,58,58,46,56,56,56,44,71,60,56,56,57,69,73,62,63,63,63,63,54,73,73,73,44,44,65,73,73,13,58,73,87,85,52],"gold":35,"neow_bonus":"RANDOM_COLORLESS_2","is_daily":false,"chose_seed":false,"campfire_upgraded":4,"win_rate":0.0,"timestamp":1610970024,"path_taken":["M","?","?","M","?","E","R","$","T","E","?","?","?","M","R","BOSS","M","M","?","$","?","R","?","M","T","$","E","M","M","E","R","BOSS","M","M","?","?","$","R","E","M","T","M","E","$","R","?","R","BOSS","R","$","E","BOSS"],"items_purchased_type":["Card","Card","Card","Card","Card","Relic","Card","Card","Card","Card","Relic","Relic"],"build_version":"2020-12-18","purchased_purges":3,"victory":true,"max_hp_per_floor":[75,75,75,75,75,75,75,75,75,75,75,75,75,75,75,75,75,75,75,75,75,75,73,73,73,73,73,73,73,73,73,73,73,73,73,73,73,73,73,73,73,73,73,73,73,73,73,73,73,73,73,73,87,85,85],"card_choices":[{"not_picked":["The Bomb","Crow Ritual"],"picked":"ReplayTheSpireMod:Brewmster","floor":0.0},{"not_picked":["HollowMod:NewJinnsSoul","HollowMod:SoulVessel"],"picked":"HollowMod:HowlingWraiths","floor":1.0},{"not_picked":["HollowMod:TaintedHusks","HollowMod:LuriensSpire","HollowMod:SharpenedNail"],"picked":"SKIP","floor":3.0},{"not_picked":["HollowMod:ChannelNail","HollowMod:BaldurShell"],"picked":"HollowMod:SoulSplash","floor":4.0},{"not_picked":["HollowMod:ChannelNail","HollowMod:CloakDash"],"picked":"HollowMod:AwokenDreamNail","floor":6.0},{"not_picked":["HollowMod:SharpenedNail","HollowMod:GoodIntentions","HollowMod:LifebloodCocoon"],"picked":"SKIP","floor":10.0},{"not_picked":["HollowMod:LifebloodCocoon","HollowMod:ChannelNail"],"picked":"HollowMod:PureNailStrike","floor":14.0},{"not_picked":["HollowMod:RadiancesLament","HollowMod:WhiteLadysBlessing"],"picked":"HollowMod:ZotesMagnificence","floor":16.0},{"not_picked":["Languid","CommonCold"],"picked":"ReplayTheSpireMod:IOU","floor":17.0},{"not_picked":["Looming Evil","Replay:Hysterical Blindness"],"picked":"Overencumbered","floor":17.0},{"not_picked":["Normality","Parasite"],"picked":"Overencumbered","floor":17.0},{"not_picked":["HollowMod:SoulStrike+1","HollowMod:SiblingsSouls","HollowMod:SharpenedShadows"],"picked":"SKIP","floor":18.0},{"not_picked":["HollowMod:SoulStrike+1","HollowMod:SiblingsSouls","HollowMod:SharpenedShadows"],"picked":"SKIP","floor":18.0},{"not_picked":["HollowMod:NewJinnsSoul","HollowMod:SiblingsShadow","HollowMod:CoiledNail"],"picked":"SKIP","floor":19.0},{"not_picked":["HollowMod:WhiteLadysBlessing","HollowMod:HeavyBlow"],"picked":"HollowMod:CornifersMapStart+1","floor":25.0},{"not_picked":["HollowMod:InfectedCysts+1","HollowMod:NewJinnsSoul","HollowMod:LuriensSpire"],"picked":"SKIP","floor":28.0},{"not_picked":["HollowMod:SiblingsSouls","HollowMod:LordofShades","HollowMod:ChannelNail"],"picked":"SKIP","floor":29.0},{"not_picked":["HollowMod:LordofShades","HollowMod:ChannelNail"],"picked":"HollowMod:SiblingsSouls","floor":29.0},{"not_picked":["HollowMod:VengefulSpirit","HollowMod:ShadowDash","HollowMod:CycloneSlash"],"picked":"SKIP","floor":30.0},{"not_picked":["HollowMod:VengefulSpirit","HollowMod:ShadowDash+1","HollowMod:CoiledNail"],"picked":"SKIP","floor":31.0},{"not_picked":["HollowMod:VoidDash","HollowMod:NewInfectedGuardian"],"picked":"HollowMod:PureVessel","floor":33.0},{"not_picked":["HollowMod:NewGlowingWomb+1","HollowMod:MothsMistake+1"],"picked":"HollowMod:MonomonsArchive+1","floor":35.0},{"not_picked":["HollowMod:MonomonsArchive","HollowMod:SharpenedNail+1"],"picked":"HollowMod:SoulShaman+1","floor":36.0},{"not_picked":["HollowMod:SiblingsSouls","HollowMod:Grubsong+1"],"picked":"HollowMod:MonarchWings","floor":37.0},{"not_picked":["HollowMod:HeavyBlow+1","HollowMod:DungDefenderAura+1","HollowMod:NewGlowingWomb+1"],"picked":"SKIP","floor":41.0},{"not_picked":["HollowMod:BrokenVessel","HollowMod:ShadowDash+1","HollowMod:LifebloodCocoon+1"],"picked":"SKIP","floor":42.0},{"not_picked":["HollowMod:HerrahsAnger","HollowMod:DescendingDark+1"],"picked":"HollowMod:DreamGate","floor":44},{"not_picked":["HollowMod:HeavyBlow+1","HollowMod:NewLittleFool","HollowMod:InfectedAttack+1"],"picked":"SKIP","floor":45},{"not_picked":["HollowMod:VengefulVoid+1","HollowMod:SiblingsSouls+1"],"picked":"HollowMod:ZotesMagnificence","floor":54}],"player_experience":948544,"relics_obtained":[{"floor":5.0,"key":"Onion Ring"},{"floor":6.0,"key":"Replay:Baseball"},{"floor":10.0,"key":"Ancient Tea Set"},{"floor":13.0,"key":"ReplayTheSpireMod:Ring of Addiction"},{"floor":13.0,"key":"Toy Ornithopter"},{"floor":13.0,"key":"SacredBark"},{"floor":26.0,"key":"Pantograph"},{"floor":28.0,"key":"PreservedInsect"},{"floor":31.0,"key":"Replay:Kaleidoscope"},{"floor":41.0,"key":"HollowMod:IsmasTear"},{"floor":45,"key":"HollowMod:KingsBrand"},{"floor":48,"key":"Du-Vu Doll"},{"floor":49,"key":"ReplayTheSpireMod:TigerMarble"},{"floor":54,"key":"Replay:Arrowhead"}],"event_choices":[{"cards_removed":["Regret"],"damage_healed":0.0,"max_hp_gain":0.0,"max_hp_loss":0.0,"gold_gain":0.0,"event_name":"Purifier","player_choice":"Purged","floor":2.0,"gold_loss":0.0,"damage_taken":0.0},{"damage_healed":0.0,"max_hp_gain":0.0,"max_hp_loss":0.0,"gold_gain":75.0,"event_name":"World of Goop","player_choice":"Gather Gold","floor":11.0,"gold_loss":0.0,"damage_taken":11.0},{"damage_healed":0.0,"max_hp_gain":0.0,"max_hp_loss":0.0,"gold_gain":0.0,"event_name":"Scrap Ooze","player_choice":"Success","floor":12.0,"gold_loss":0.0,"damage_taken":7.0,"relics_obtained":["Replay:WaspNest"]},{"damage_healed":0.0,"max_hp_gain":0.0,"max_hp_loss":0.0,"gold_gain":0.0,"event_name":"The Library","player_choice":"Read","floor":20.0,"gold_loss":0.0,"damage_taken":0.0,"cards_obtained":["HollowMod:HuntersJournal"]},{"cards_removed":["Overencumbered"],"damage_healed":0.0,"max_hp_gain":0.0,"max_hp_loss":0.0,"gold_gain":0.0,"event_name":"Beggar","player_choice":"Gave Gold","floor":22.0,"gold_loss":75.0,"damage_taken":0.0},{"damage_healed":0.0,"max_hp_gain":0.0,"max_hp_loss":0.0,"gold_gain":0.0,"event_name":"Knowing Skull","player_choice":"CARD ","floor":24.0,"potions_obtained":[],"gold_loss":0.0,"damage_taken":12.0,"cards_obtained":["Survey Options"]},{"damage_healed":0.0,"max_hp_gain":0.0,"max_hp_loss":0.0,"gold_gain":999.0,"event_name":"MindBloom","player_choice":"Gold","floor":38.0,"gold_loss":0.0,"damage_taken":0.0,"cards_obtained":["Normality","Normality"]},{"damage_healed":0,"gold_gain":0,"player_choice":"Fight","damage_taken":0,"max_hp_gain":0,"max_hp_loss":0,"event_name":"Mysterious Sphere","floor":48,"gold_loss":0}],"is_beta":true,"boss_relics":[{"not_picked":["Velvet Choker","Replay:Grab Bag"],"picked":"Replay:Ancient Bell"},{"not_picked":["Anchor","Lantern"],"picked":"Pet Ghost"},{"not_picked":["Question Card","HollowMod:LumaflyLanternRelic"],"picked":"Gremlin Horn"},{"not_picked":["Pocketwatch","Calipers"],"picked":"Old Coin"},{"not_picked":["SlaversCollar","Abe\u0027s Treasure"],"picked":"Cursed Key"}],"items_purged_floors":[21,39,46],"is_endless":false,"potions_floor_spawned":[1,4,10,16,18,19,30,36,42,45],"ascension_level":9}}