{"host":"r10yh36zs2k9z1sa","time":1610988447,"event":{"mods":["Astrologer","BaseMod","Colored Map","Hermit","Marisa¡]Ãú«B¡@Å]²z¨F¡^","Minty Spire (QoL Compilation)","Permanent Neow","Remilia¡]Á¢¦Ì²ú?¡^","StSLib","The Animator","The Bug Knight","The Cursed","The Gatherer","The Hierophant","The Necromancer","The Runesmith","The Servant 0.9.4"],"gold_per_floor":[119,119,132,132,132,151,151,168,193,193,234,255,28,47,47,171,171,192,192,212,212,232,232,5,26,51,51,51,51,66,106,106,234,234,253,278,294,312,326,326,365,428,477,512,572,585,19,60,60,60],"floor_reached":51,"language":"ZHS","playtime":5468,"items_purged":["Strike_S","Pain","Defend_S"],"score":1076,"play_id":"55dd6502-d179-4402-9498-ed604d2cb589","local_time":"20210119004727","is_ascension_mode":true,"campfire_choices":[{"data":"Luminosity","floor":7,"key":"SMITH"},{"floor":15,"key":"REST"},{"floor":27,"key":"REST"},{"data":"TheWorld","floor":29,"key":"SMITH"},{"data":"Moondial","floor":32,"key":"SMITH"},{"data":"TheWorld","floor":40,"key":"SMITH"},{"data":"Embodiment","floor":49,"key":"SMITH"}],"circlet_count":0,"master_deck":["Strike_S","Defend_S","KidneyShot","Exchange","Ricochet","BottledTime","Luminosity+1","Read","Embodiment+1","Embodiment","TheWorld+1","BottledTime","Barrier","Contraction","Moondial+1","TheWorld+1","BottledTime","Rewind+1","BottledTime","TheWorld","InstantArmor","BottledTime+1","ShiftingGears+1"],"relics":["Uniform","Regal Pillow","Strawberry","Golden Idol","InkBottle","DollysMirror","Empty Cage","Nilry\u0027s Codex","WarpedTongs","HollowMod:PaleOreRelic","Vajra","Girya","StoneMask","Blood Vial","Mango","Toy Ornithopter","Unceasing Top","StoneCalendar","Toolbox","FossilizedHelix","KneeBrace"],"acts_visited":["Exordium","TheCity","TheBeyond"],"potions_floor_usage":[12,14,16,16,16,16,20,22,31,31,33,38,44,50,50,50],"damage_taken":[{"damage":0,"enemies":"Cultist","floor":1,"turns":5},{"damage":7,"enemies":"Small Slimes","floor":3,"turns":3},{"damage":6,"enemies":"2 Louse","floor":6,"turns":2},{"damage":13,"enemies":"Gremlin Gang","floor":8,"turns":4},{"damage":0,"enemies":"Lagavulin","floor":11,"turns":11},{"damage":9,"enemies":"Exordium Wildlife","floor":12,"turns":4},{"damage":10,"enemies":"Exordium Thugs","floor":14,"turns":4},{"damage":16,"enemies":"Slime Boss","floor":16,"turns":10},{"damage":16,"enemies":"Shell Parasite","floor":18,"turns":8},{"damage":4,"enemies":"Spheric Guardian","floor":20,"turns":6},{"damage":30,"enemies":"Snake Plant","floor":22,"turns":8},{"damage":0,"enemies":"Cultist and Chosen","floor":25,"turns":8},{"damage":0,"enemies":"Chosen and Byrds","floor":30,"turns":6},{"damage":6,"enemies":"Gremlin Leader","floor":31,"turns":9},{"damage":16,"enemies":"Automaton","floor":33,"turns":8},{"damage":0,"enemies":"3 Shapes","floor":35,"turns":5},{"damage":0,"enemies":"3 Darklings","floor":36,"turns":5},{"damage":0,"enemies":"Maw","floor":37,"turns":12},{"damage":19,"enemies":"Transient","floor":38,"turns":5},{"damage":0,"enemies":"Writhing Mass","floor":39,"turns":10},{"damage":0,"enemies":"Reptomancer","floor":41,"turns":8},{"damage":0,"enemies":"Mind Bloom Boss Battle","floor":42,"turns":8},{"damage":0,"enemies":"Giant Head","floor":44,"turns":9},{"damage":10,"enemies":"2 Orb Walkers","floor":45,"turns":3},{"damage":0,"enemies":"Jaw Worm Horde","floor":46,"turns":3},{"damage":0,"enemies":"Reptomancer","floor":48,"turns":5},{"damage":1,"enemies":"Awakened One","floor":50,"turns":21}],"seed_played":"2406885772079425254","potions_obtained":[{"floor":3,"key":"Weak Potion"},{"floor":6,"key":"SkillPotion"},{"floor":12,"key":"Weak Potion"},{"floor":14,"key":"EntropicBrew"},{"floor":16,"key":"BlessingOfTheForge"},{"floor":25,"key":"FearPotion"},{"floor":31,"key":"Energy Potion"},{"floor":33,"key":"ColorlessPotion"},{"floor":35,"key":"BlessingOfTheForge"},{"floor":39,"key":"Dexterity Potion"},{"floor":42,"key":"Block Potion"},{"floor":45,"key":"DuplicationPotion"}],"is_trial":false,"path_per_floor":["M","?","M","?","?","M","R","M","T","?","E","M","$","M","R","B",null,"M","?","M","?","M","T","$","M","T","R","?","R","M","E","R","B",null,"M","M","M","M","M","R","E","?","T","E","?","M","$","E","R","B",null],"character_chosen":"THE_SERVANT","items_purchased":["DollysMirror","Barrier","Energy Potion","Toolbox","FossilizedHelix"],"campfire_rested":2,"item_purchase_floors":[13,24,24,47,47],"current_hp_per_floor":[65,58,51,51,51,45,45,32,39,39,39,30,30,20,55,39,67,51,35,31,31,1,1,1,1,1,36,58,58,58,52,52,36,67,70,71,72,56,59,59,62,90,90,94,88,99,99,100,100,104],"gold":60,"neow_bonus":"REMOVE_CARD","is_daily":false,"chose_seed":false,"campfire_upgraded":5,"win_rate":0.0,"timestamp":1610988447,"path_taken":["M","?","M","?","?","M","R","?","T","?","E","M","?","M","R","BOSS","M","?","M","?","?","?","$","M","T","R","?","R","M","E","R","BOSS","M","M","M","M","M","R","E","?","T","E","?","M","$","E","R","BOSS"],"items_purchased_type":["Relic","Card","Potion","Relic","Relic"],"build_version":"2020-12-22","purchased_purges":3,"victory":true,"max_hp_per_floor":[65,65,65,65,65,65,65,65,72,67,67,67,67,67,67,67,67,67,67,67,67,67,67,67,67,67,67,67,67,67,67,67,67,67,70,71,72,73,74,74,75,93,93,94,96,99,99,100,100,104],"card_choices":[{"not_picked":["ShatteredReality","Shuttle"],"picked":"Ricochet","floor":1},{"not_picked":["RealityMarble","TimeTheft"],"picked":"BottledTime","floor":3},{"not_picked":["DoubleEdge","Foresight"],"picked":"Luminosity","floor":6},{"not_picked":["Revamp","ShiftingGears"],"picked":"Read","floor":8},{"not_picked":["ShatteredReality","Potential"],"picked":"Embodiment","floor":11},{"not_picked":["Rewind","Unruled","DoubleEdge"],"picked":"SKIP","floor":12},{"not_picked":["Revamp","Ricochet","Replace"],"picked":"SKIP","floor":14},{"not_picked":["FloweringNight","SoulSculpture"],"picked":"TheWorld","floor":16},{"not_picked":["Spin","Starlight+1","Replace"],"picked":"SKIP","floor":18},{"not_picked":["ShatteredReality+1","FastForward"],"picked":"BottledTime","floor":20},{"not_picked":["Rearm","Ricochet","Revamp"],"picked":"SKIP","floor":22},{"not_picked":["Rewind","DoubleEdge","Potential"],"picked":"SKIP","floor":25},{"not_picked":["Alleviate+1","Defy+1"],"picked":"Contraction","floor":30},{"not_picked":["Rewind","Replace"],"picked":"Moondial","floor":31},{"not_picked":["FlawlessForm","TrueSight"],"picked":"TheWorld","floor":33},{"not_picked":["Manipulate","Alleviate"],"picked":"BottledTime","floor":35},{"not_picked":["SpecialFormula","Starlight"],"picked":"Rewind+1","floor":36},{"not_picked":["FastForward+1","Misdirection"],"picked":"BottledTime","floor":37},{"not_picked":["SurpressingFire","Luminosity"],"picked":"TheWorld","floor":38},{"not_picked":["BestPractice+1","Replace","Ricochet"],"picked":"SKIP","floor":39},{"not_picked":["BestPractice+1","Replace","Ricochet"],"picked":"SKIP","floor":39},{"not_picked":["Ricochet+1","Alleviate","Sabotage"],"picked":"SKIP","floor":41},{"not_picked":["Rewind","FanOfKnives"],"picked":"InstantArmor","floor":44},{"not_picked":["Replace+1","GearUp+1"],"picked":"BottledTime+1","floor":45},{"not_picked":["Replace+1","Snipe","Potential"],"picked":"SKIP","floor":46},{"not_picked":["Potential","Sabotage+1"],"picked":"ShiftingGears+1","floor":48}],"player_experience":242744,"relics_obtained":[{"floor":9,"key":"Strawberry"},{"floor":11,"key":"InkBottle"},{"floor":19,"key":"Nilry\u0027s Codex"},{"floor":23,"key":"HollowMod:PaleOreRelic"},{"floor":26,"key":"Vajra"},{"floor":31,"key":"Girya"},{"floor":41,"key":"Blood Vial"},{"floor":42,"key":"Mango"},{"floor":43,"key":"Toy Ornithopter"},{"floor":44,"key":"Unceasing Top"},{"floor":45,"key":"StoneCalendar"},{"floor":48,"key":"KneeBrace"}],"event_choices":[{"cards_removed":["Defend_S"],"damage_healed":0,"gold_gain":0,"player_choice":"Card Removal","damage_taken":7,"max_hp_gain":0,"max_hp_loss":0,"event_name":"Golden Wing","floor":2,"gold_loss":0},{"damage_healed":0,"gold_gain":0,"player_choice":"Box","damage_taken":0,"relics_obtained":["Regal Pillow"],"max_hp_gain":0,"max_hp_loss":0,"event_name":"Big Fish","floor":4,"gold_loss":0,"cards_obtained":["Regret"]},{"cards_removed":["Regret"],"damage_healed":0,"gold_gain":0,"player_choice":"Removed Curses","damage_taken":0,"max_hp_gain":0,"max_hp_loss":0,"event_name":"Fountain of Cleansing","floor":5,"gold_loss":0},{"damage_healed":0,"gold_gain":0,"player_choice":"Lose Max HP","damage_taken":0,"relics_obtained":["Golden Idol"],"max_hp_gain":0,"max_hp_loss":5,"event_name":"Golden Idol","floor":10,"gold_loss":0},{"damage_healed":0,"gold_gain":0,"player_choice":"Obtained Book","damage_taken":16,"max_hp_gain":0,"max_hp_loss":0,"event_name":"Cursed Tome","floor":19,"gold_loss":0},{"damage_healed":0,"gold_gain":0,"player_choice":"Rummage","damage_taken":0,"relics_obtained":["WarpedTongs"],"max_hp_gain":0,"max_hp_loss":0,"event_name":"Accursed Blacksmith","floor":21,"gold_loss":0,"cards_obtained":["Pain"]},{"damage_healed":22,"gold_gain":0,"player_choice":"Heal","damage_taken":0,"max_hp_gain":0,"max_hp_loss":0,"event_name":"The Library","floor":28,"gold_loss":0},{"damage_healed":0,"gold_gain":0,"player_choice":"Fight","damage_taken":0,"max_hp_gain":0,"max_hp_loss":0,"event_name":"MindBloom","floor":42,"gold_loss":0},{"damage_healed":0,"gold_gain":0,"player_choice":"Fight","damage_taken":0,"max_hp_gain":0,"max_hp_loss":0,"event_name":"Mysterious Sphere","floor":45,"gold_loss":0}],"is_beta":false,"boss_relics":[{"not_picked":["SacredBark","Runic Dome"],"picked":"Empty Cage"},{"not_picked":["Tiny House","Velvet Choker"],"picked":"StoneMask"}],"items_purged_floors":[13,24,47],"is_endless":false,"potions_floor_spawned":[3,6,12,14,16,25,31,33,35,39,42,45,46],"ascension_level":4}}