{"host":"oeotdbd679q6m6vu","time":1610979264,"event":{"mods":["Act Like it!","BaseMod","Colored Map","Decade(Õı–°√˜)","Downfall","Friendly Minions","Gensokyo","GifTheSpireLib","Highlight Path","Marisa£®ÏF”Í°°ƒß¿Ì…≥£©","Minty Spire (QoL Compilation)","Rare Cards Sparkle","Reimu£®≤©¿ˆ¡È√Œ£©","StSLib","The Animator","Youmu£®ªÍ∆«—˝√Œ£©"],"gold_per_floor":[99,99,199,255,255,289,335,335,350,335,370,170,188,223,240,341,341,241,255,341,355,159,174,174,188,221,240,240,240,267,286,303,407,407,407,1406,925,939,931,949,972,990,533,543,543,186,521,536,552,552,552,591,299,299,299,299,299,299],"floor_reached":56,"language":"ZHS","playtime":3489,"items_purged":[],"score":1137,"play_id":"f56dac6c-1251-4c9f-9d51-f81ae9830a71","local_time":"20210118091424","is_ascension_mode":false,"campfire_choices":[{"data":"hexamod:Sear","floor":1,"key":"SMITH"},{"floor":12,"key":"RECALL"},{"data":"hexamod:TimeOfNeed","floor":18,"key":"SMITH"},{"data":"hexamod:Float","floor":35,"key":"SMITH"},{"data":"expansioncontent:StudyTheSpire","floor":54,"key":"SMITH"}],"circlet_count":0,"master_deck":["hexamod:Strike","hexamod:Strike+1","hexamod:Strike","hexamod:Strike","hexamod:Defend","hexamod:Defend","hexamod:Defend","hexamod:Defend","hexamod:Sear+1","hexamod:Float+1","hexamod:DynamicBlow","downfall:Bewildered","Clumsy","downfall:Haunted","hexamod:ApocalypseNow","animator:Curse_GriefSeed","Gensokyo:ImpossibleRequest","hexamod:NightmareGuise","hexamod:GhostLash+1","hexamod:GhostLash+1","downfall:Icky","hexamod:TimeOfNeed+1","hexamod:ExtraCrispy+1","hexamod:WildfireWeapon","hexamod:TimeWarp","hexamod:ApocalypseNow","CurseOfTheBell","hexamod:FlamesFromBeyond+1","hexamod:StepThrough+1","hexamod:GhostLash+1","hexamod:SixthSeal","Normality","Normality","expansioncontent:QuickStudy","expansioncontent:Hexaburn+1","hexamod:FirstSeal","hexamod:SecondSeal","hexamod:ThirdSeal","hexamod:FourthSeal","Gensokyo:AllTheWorldsEvil","hexamod:RainOfEmbers+1","expansioncontent:StudyTheSpire+1","Wraith","hexamod:Rewind+1","Panache"],"relics":["hexamod:SpiritBrand","downfall:HeartsMalice","Du-Vu Doll","Bag of Preparation","Dead Branch","RuthlessExorcism:ReiMu","downfall:HeartBlessingGreen","downfall:HeartBlessingBlue","Pocketwatch","Calling Bell","Art of War","Eternal Feather","CaptainsWheel","downfall:HeartBlessingRed","Membership Card","Vajra","Sling","Molten Egg 2","Darkstone Periapt","Blue Candle","Nilry\u0027s Codex","GremlinMask","Boot","Cursed Key","HandDrill","PureWhite:ReiMu","Toy Ornithopter","Mastiff:ReiMu","Bottled Tornado","Medical Kit","InkBottle","StoneCalendar","Lee\u0027s Waffle","Bottled Flame","Old Coin","Blood Vial","Torii"],"acts_visited":["Exordium","TheCity","TheBeyond","TheEnding"],"potions_floor_usage":[11,16,23,33,33,40,47,50,50,55,55,56],"damage_taken":[{"damage":0,"enemies":"Small Slimes","floor":2,"turns":1},{"damage":0,"enemies":"3 Sentries","floor":4,"turns":1},{"damage":0,"enemies":"2 Louse","floor":5,"turns":1},{"damage":18,"enemies":"Lagavulin","floor":6,"turns":4},{"damage":0,"enemies":"Cultist","floor":9,"turns":2},{"damage":7,"enemies":"downfall:FleeingMerchant","floor":10,"turns":4},{"damage":0,"enemies":"3 Sentries","floor":11,"turns":3},{"damage":6,"enemies":"Exordium Wildlife","floor":13,"turns":2},{"damage":0,"enemies":"Gremlin Nob","floor":14,"turns":2},{"damage":5,"enemies":"2 Fungi Beasts","floor":15,"turns":2},{"damage":28,"enemies":"DF_ARCHETYPE_STREAMLINE","floor":16,"turns":6},{"damage":0,"enemies":"Spheric Guardian","floor":19,"turns":4},{"damage":0,"enemies":"downfall:FleeingMerchant","floor":20,"turns":3},{"damage":0,"enemies":"Chosen","floor":21,"turns":2},{"damage":0,"enemies":"Snake Plant","floor":23,"turns":2},{"damage":0,"enemies":"Centurion and Healer","floor":25,"turns":2},{"damage":7,"enemies":"Book of Stabbing","floor":26,"turns":3},{"damage":6,"enemies":"Cultist and Chosen","floor":27,"turns":3},{"damage":2,"enemies":"Slavers","floor":30,"turns":2},{"damage":1,"enemies":"3 Cultists","floor":31,"turns":3},{"damage":2,"enemies":"Snake Plant","floor":32,"turns":2},{"damage":0,"enemies":"IC_MUSHROOM_ARCHETYPE","floor":33,"turns":4},{"damage":4,"enemies":"Orb Walker","floor":38,"turns":2},{"damage":5,"enemies":"3 Shapes","floor":40,"turns":2},{"damage":0,"enemies":"Jaw Worm Horde","floor":42,"turns":2},{"damage":22,"enemies":"4 Shapes","floor":44,"turns":3},{"damage":14,"enemies":"Giant Head","floor":47,"turns":4},{"damage":29,"enemies":"Maw","floor":48,"turns":5},{"damage":0,"enemies":"Spire Growth","floor":49,"turns":2},{"damage":3,"enemies":"WA_ARCHETYPE_DIVINITY","floor":50,"turns":3},{"damage":18,"enemies":"downfall:CharBossMerchant","floor":52,"turns":4},{"damage":6,"enemies":"downfall:NeowBoss","floor":55,"turns":6},{"damage":129,"enemies":"downfall:NeowBossFinal","floor":56,"turns":5}],"seed_played":"879076096484498521","potions_obtained":[{"floor":9,"key":"AttackPotion"},{"floor":11,"key":"Strength Potion"},{"floor":13,"key":"Swift Potion"},{"floor":14,"key":"DuplicationPotion"},{"floor":16,"key":"DistilledChaos"},{"floor":23,"key":"Swift Potion"},{"floor":30,"key":"Fire Potion"},{"floor":44,"key":"MagicPotion:ReiMu"},{"floor":48,"key":"DuplicationPotion"}],"is_trial":false,"path_per_floor":["R","M","?","?","M","E","T","?","M","$","E","R","M","E","M","B",null,"R","M","$","M","$","M","T","M","E","M","?","?","E","M","M","B",null,"R","?","$","M","?","M","T","M","$","M","?","$","E","M","M","B",null,"E","$","R","B","B"],"character_chosen":"THE_SPIRIT","items_purchased":["Membership Card","Vajra","Sling","Molten Egg 2","HandDrill","expansioncontent:QuickStudy","PureWhite:ReiMu","Toy Ornithopter","Strength Potion","Fire Potion","expansioncontent:Hexaburn","expansioncontent:StudyTheSpire","Bottled Tornado","Medical Kit","InkBottle","champ:CounterPotion","Strength Potion","StoneCalendar","Lee\u0027s Waffle","Bottled Flame","Torii","Panache","BlessingOfTheForge","SpeedPotion"],"campfire_rested":0,"item_purchase_floors":[20,20,22,22,37,37,37,37,37,37,37,43,43,43,43,43,43,46,46,46,53,53,53,53],"current_hp_per_floor":[70,70,75,75,75,57,57,57,57,50,50,60,54,54,49,21,85,85,85,85,85,85,85,85,85,78,72,56,56,54,53,51,51,85,85,97,97,93,93,97,103,103,103,81,87,116,107,78,85,92,116,105,105,116,110,0,0,0],"gold":299,"neow_bonus":"THREE_ENEMY_KILL","is_daily":false,"chose_seed":false,"campfire_upgraded":4,"win_rate":0.0,"timestamp":1610979264,"path_taken":["R","M","?","?","M","E","T","?","M","$","E","R","?","E","M","BOSS","R","M","$","M","$","M","T","M","E","M","?","?","E","?","M","BOSS","R","?","$","M","?","?","T","M","$","?","?","?","E","?","M","BOSS","E","$","R","BOSS","BOSS"],"items_purchased_type":["Relic","Relic","Relic","Relic","Relic","Card","Relic","Relic","Potion","Potion","Card","Card","Relic","Relic","Relic","Potion","Potion","Relic","Relic","Relic","Relic","Card","Potion","Potion"],"build_version":"2020-12-22","purchased_purges":0,"victory":false,"max_hp_per_floor":[70,70,75,75,75,75,75,75,75,75,75,85,85,85,85,85,85,85,85,85,85,85,85,85,85,85,85,85,85,85,85,85,85,85,85,97,97,97,97,97,103,103,103,103,109,116,116,116,116,116,116,116,116,116,116,116,116,116],"card_choices":[{"not_picked":["hexamod:HauntingEcho","hexamod:HeatMetal"],"picked":"hexamod:DynamicBlow","floor":2},{"not_picked":["hexamod:HauntingEcho","hexamod:Hexaguard"],"picked":"hexamod:NightmareGuise","floor":4},{"not_picked":["hexamod:HauntingEcho","hexamod:SuperheatedStrike"],"picked":"hexamod:GhostLash","floor":5},{"not_picked":["hexamod:RecurringNightmare","hexamod:FlamesFromBeyond"],"picked":"hexamod:GhostLash","floor":6},{"not_picked":["hexamod:EmpoweredFlame","hexamod:Hexaguard","hexamod:SpectersWail"],"picked":"SKIP","floor":9},{"not_picked":["hexamod:ThermalTransfer","hexamod:HauntingEcho"],"picked":"hexamod:TimeOfNeed","floor":10},{"not_picked":["hexamod:HeatMetal","hexamod:GhostShield","hexamod:InspiringFlames"],"picked":"SKIP","floor":11},{"not_picked":["hexamod:HeatShield","hexamod:PowerFromBeyond"],"picked":"hexamod:ExtraCrispy","floor":13},{"not_picked":["hexamod:GhostLash","hexamod:InspiringFlames"],"picked":"hexamod:WildfireWeapon","floor":14},{"not_picked":["hexamod:HauntingEcho","hexamod:GhostOfSpirePast"],"picked":"hexamod:TimeWarp","floor":15},{"not_picked":["hexamod:FlameSwitch","hexamod:UnlimitedPower"],"picked":"hexamod:ApocalypseNow","floor":16},{"not_picked":["hexamod:ShieldOfDarkness","hexamod:ThermalTransfer","hexamod:Firestarter"],"picked":"SKIP","floor":19},{"not_picked":["hexamod:Hexaguard","hexamod:HauntingEcho","hexamod:SpectersWail"],"picked":"SKIP","floor":20},{"not_picked":["hexamod:PhantomFireball+1","hexamod:Rewind+1"],"picked":"hexamod:FlamesFromBeyond+1","floor":21},{"not_picked":["hexamod:Hexaguard","hexamod:NightmareGuise"],"picked":"hexamod:StepThrough+1","floor":23},{"not_picked":["hexamod:ThermalTransfer+1","hexamod:UnlimitedPower","hexamod:SpectersWail+1"],"picked":"SKIP","floor":25},{"not_picked":["hexamod:GhostShield","hexamod:FirstSeal"],"picked":"hexamod:GhostLash+1","floor":26},{"not_picked":["hexamod:FlamesFromBeyond","hexamod:GhostShield+1","hexamod:BacktrackSmack+1"],"picked":"SKIP","floor":27},{"not_picked":["hexamod:StepThrough+1","hexamod:UnlimitedPower","hexamod:GhostOfSpirePast"],"picked":"SKIP","floor":30},{"not_picked":["hexamod:ShieldOfDarkness","hexamod:NightmareGuise+1","hexamod:BurningTouch+1"],"picked":"SKIP","floor":31},{"not_picked":["hexamod:GhostShield","hexamod:AdvancingGuard"],"picked":"hexamod:GhostLash+1","floor":32},{"not_picked":["hexamod:HexaLevel","hexamod:ApocalypticArmor"],"picked":"hexamod:SixthSeal","floor":33},{"not_picked":["hexamod:ThermalTransfer+1","hexamod:BurningTouch"],"picked":"hexamod:FirstSeal","floor":38},{"not_picked":["hexamod:RecurringNightmare","hexamod:BacktrackSmack+1","hexamod:EmpoweredFlame"],"picked":"SKIP","floor":40},{"not_picked":["hexamod:ThermalTransfer+1","hexamod:FourthSeal"],"picked":"hexamod:RainOfEmbers+1","floor":42},{"not_picked":["hexamod:NightmareGuise","hexamod:Firestarter+1","hexamod:EmpoweredFlame+1"],"picked":"SKIP","floor":42},{"not_picked":["hexamod:SuperheatedStrike+1","hexamod:HauntingEcho+1","hexamod:GhostShield+1"],"picked":"SKIP","floor":44},{"not_picked":["hexamod:HauntingEcho+1","hexamod:HeatShield+1","hexamod:GhostShield+1"],"picked":"SKIP","floor":47},{"not_picked":["hexamod:InspiringFlames","hexamod:ExtraCrispy+1"],"picked":"hexamod:Rewind+1","floor":48},{"not_picked":["hexamod:ThermalTransfer+1","hexamod:PhantomCloak+1","hexamod:FastForward"],"picked":"SKIP","floor":48},{"not_picked":["hexamod:SkipABeat+1","hexamod:HeatShield","hexamod:ShieldOfDarkness"],"picked":"SKIP","floor":49},{"not_picked":["hexamod:FlamesFromBeyond","hexamod:HeatMetal+1","hexamod:RadiantFlame+1"],"picked":"SKIP","floor":52}],"player_experience":348857,"relics_obtained":[{"floor":6,"key":"Dead Branch"},{"floor":11,"key":"RuthlessExorcism:ReiMu"},{"floor":14,"key":"Pocketwatch"},{"floor":17,"key":"Art of War"},{"floor":17,"key":"Eternal Feather"},{"floor":17,"key":"CaptainsWheel"},{"floor":24,"key":"Darkstone Periapt"},{"floor":26,"key":"Blue Candle"},{"floor":28,"key":"Nilry\u0027s Codex"},{"floor":30,"key":"Boot"},{"floor":41,"key":"Mastiff:ReiMu"},{"floor":47,"key":"Old Coin"},{"floor":52,"key":"Blood Vial"}],"event_choices":[{"damage_healed":0,"gold_gain":0,"player_choice":"Trade","damage_taken":0,"relics_obtained":["GremlinMask"],"max_hp_gain":0,"max_hp_loss":0,"event_name":"FaceTrader","floor":29,"gold_loss":0},{"damage_healed":0,"gold_gain":0,"player_choice":"Ignored","damage_taken":0,"max_hp_gain":0,"max_hp_loss":0,"event_name":"OrinTheCat","floor":45,"gold_loss":0}],"is_beta":false,"boss_relics":[{"not_picked":["Empty Cage","Velvet Choker"],"picked":"Calling Bell"},{"not_picked":["Fusion Hammer","Pandora\u0027s Box"],"picked":"Cursed Key"}],"items_purged_floors":[],"is_endless":false,"potions_floor_spawned":[9,11,13,14,15,16,21,23,30,32,44,49],"killed_by":"downfall:NeowBossFinal","ascension_level":0}}