{"host":"mmxi1hjn5usmb1ga","time":1610953615,"event":{"mods":["BaseMod","BetterRewards","Downfall","Minty Spire (QoL Compilation)","Quick Restart","READ ME - Guardian Mod","READ ME - Snecko Mod","RumiaBox-露米娅的神秘盒子","Shop Mod","StSLib","Td1madao Mod","The Bug Knight","Yuri Mod","[IsaacMod]以撒尖塔"],"gold_per_floor":[119,132,182,192,267,267,280,324,324,324,374,374,467,537,537,669,669,716,805,855,944,944,1021,1021,1141,1165,1165,1003,1055,727,727,727,887,887,912,968,226,0,31,102,156,156,156,227,284,617,686,702,702,718,771],"floor_reached":52,"language":"ZHS","playtime":2330,"items_purged":[],"score":3099,"play_id":"2ef4e5a8-869c-40c7-8909-068a81857422","local_time":"20210118150655","daily_mods":["Hoarder","Flight","Cursed Run"],"is_ascension_mode":true,"campfire_choices":[{"floor":6.0,"key":"REST"},{"floor":10.0,"key":"REST"},{"data":"Wraith Form v2","floor":15.0,"key":"SMITH"},{"data":"yuri:DragonForm","floor":24.0,"key":"SMITH"},{"data":"Slimebound:DuplicatedForm","floor":27,"key":"SMITH"},{"data":"hexamod:HexaLevel","floor":32,"key":"SMITH"},{"data":"1","floor":49,"key":"LIFT"}],"circlet_count":0,"master_deck":["Demon Form+1","Wraith Form v2+1","Echo Form","DevaForm","bronze:Verify+1","Guardian:ConstructionForm+1","Slimebound:DuplicatedForm+1","sneckomod:SerpentMind","yuri:DragonForm+1","yuri:GhostForm+1","hexamod:HexaLevel+1","champ:GladiatorForm+1","AscendersBane","hexamod:Strike","hexamod:Strike+1","hexamod:Strike","hexamod:Strike+1","hexamod:Defend","hexamod:Defend","hexamod:Defend","hexamod:Defend","hexamod:Sear","hexamod:Float+1","hexamod:NightmareStrike+1","hexamod:NightmareStrike","hexamod:NightmareStrike","hexamod:SecondSeal","hexamod:SecondSeal","hexamod:ThirdSeal","hexamod:ThirdSeal","downfall:Haunted","downfall:Haunted","downfall:Haunted","Regret","Regret","Regret","Injury","Injury","Injury","hexamod:SpectersWail","hexamod:SpectersWail+1","hexamod:SpectersWail","hexamod:FirstSeal","hexamod:FirstSeal","hexamod:EtherealExpedition","hexamod:EtherealExpedition","hexamod:EtherealExpedition","hexamod:Hexaguard","hexamod:Hexaguard+1","hexamod:Hexaguard","downfall:Icky","downfall:Icky","downfall:Icky","hexamod:FifthSeal","hexamod:FifthSeal","hexamod:SixthSeal","hexamod:SixthSeal","hexamod:FourthSeal","hexamod:FourthSeal","hexamod:ThermalTransfer+1","hexamod:ThermalTransfer+1","hexamod:ThermalTransfer+1","yuri:RhapsodyCurse","yuri:RhapsodyCurse","yuri:RhapsodyCurse","hexamod:PowerFromBeyond+1","hexamod:PowerFromBeyond","hexamod:PowerFromBeyond","hexamod:BurningTouch+1","hexamod:BurningTouch","hexamod:BurningTouch","hexamod:GhostflameInferno","hexamod:GhostflameInferno","hexamod:GhostflameInferno","hexamod:GhostLash","hexamod:GhostLash+1","hexamod:GhostLash","yuri:RhapsodyCurse","yuri:RhapsodyCurse","yuri:RhapsodyCurse","hexamod:UnleashSpirits","hexamod:UnleashSpirits+1","hexamod:UnleashSpirits","hexamod:ParanormalForm","hexamod:ParanormalForm+1","hexamod:ParanormalForm","Slimebound:CheckThePlaybook","Slimebound:CheckThePlaybook","Slimebound:CheckThePlaybook","downfall:Icky","downfall:Icky","downfall:Icky","hexamod:HexaLevel","hexamod:HexaLevel","hexamod:HexaLevel","hexamod:SixthSeal","hexamod:SixthSeal","hexamod:SixthSeal","hexamod:GiftsFromTheDead+1","hexamod:GiftsFromTheDead","hexamod:GiftsFromTheDead","hexamod:TimeOfNeed","hexamod:TimeOfNeed","hexamod:TimeOfNeed","hexamod:FlameSwitch","hexamod:FlameSwitch+1","hexamod:FlameSwitch","hexamod:SixthSeal","hexamod:SixthSeal","hexamod:SixthSeal","downfall:Bewildered","downfall:Bewildered","downfall:Bewildered","hexamod:GiftsFromTheDead","hexamod:GiftsFromTheDead","hexamod:GiftsFromTheDead","hexamod:BurningTouch+1","hexamod:BurningTouch","hexamod:BurningTouch","hexamod:PhantomCloak","hexamod:PhantomCloak","hexamod:PhantomCloak","hexamod:SpectersWail","hexamod:SpectersWail","hexamod:SpectersWail","hexamod:BurningTouch+1","hexamod:BurningTouch","hexamod:BurningTouch","hexamod:PowerFromBeyond","hexamod:PowerFromBeyond+1","hexamod:PowerFromBeyond","hexamod:RadiantFlame","hexamod:RadiantFlame","hexamod:RadiantFlame","hexamod:SpectersWail+1","hexamod:SpectersWail+1","hexamod:SpectersWail+1","Doubt","Doubt","Doubt","hexamod:Again","hexamod:Again","hexamod:Again","hexamod:RainOfEmbers","hexamod:RainOfEmbers","hexamod:RainOfEmbers","hexamod:PowerFromBeyond+1","hexamod:PowerFromBeyond+1","hexamod:PowerFromBeyond+1","hexamod:SpectralSpark+1","hexamod:SpectralSpark","hexamod:SpectralSpark","Regret","Regret","Regret","hexamod:ParanormalForm","hexamod:ParanormalForm","hexamod:ParanormalForm","Normality","Normality","Normality"],"relics":["Cursed Key","Darkstone Periapt","Du-Vu Doll","HushsDoor","GuppysPaw","Sundial","Ccalipers","Bottled Flame","SalivaCoin","BookOfRevelations","Leech","SlaversCollar","Meat on the Bone","Regal Pillow","Letter Opener","PreservedInsect","Centennial Puzzle","ForgetMeNow","Boot","TheBattery","hexamod:TheBrokenSeal","EasyGame_NEW","MyShadow","RottenBaby","HollowMod:LifeEnderRelic","GodSword3","ClockworkSouvenir","Red Mask","Turnip","TheBean","War Paint","Nunchaku","CeramicFish","hexamod:MatchstickCase","Girya"],"acts_visited":["Exordium","TheCity","TheBeyond"],"potions_floor_usage":[25,25,33,33,39],"damage_taken":[{"damage":7.0,"enemies":"Small Slimes","floor":1.0,"turns":5.0},{"damage":1.0,"enemies":"Cultist","floor":2.0,"turns":3.0},{"damage":16.0,"enemies":"Hiden Room Battle","floor":3.0,"turns":6.0},{"damage":6.0,"enemies":"Jaw Worm","floor":4.0,"turns":4.0},{"damage":5.0,"enemies":"Gremlin Gang","floor":7.0,"turns":5.0},{"damage":10.0,"enemies":"3 Sentries","floor":8.0,"turns":6.0},{"damage":8.0,"enemies":"Lagavulin","floor":13.0,"turns":7.0},{"damage":50.0,"enemies":"Exordium Thugs","floor":14.0,"turns":5.0},{"damage":0.0,"enemies":"The Guardian","floor":16.0,"turns":4.0},{"damage":18.0,"enemies":"Chosen","floor":18.0,"turns":3.0},{"damage":21.0,"enemies":"Chosen and Byrds","floor":19.0,"turns":5.0},{"damage":39.0,"enemies":"Centurion and Healer","floor":21.0,"turns":9.0},{"damage":2.0,"enemies":"HollowMod:Nosk","floor":23.0,"turns":6.0},{"damage":52,"enemies":"Book of Stabbing","floor":25,"turns":5},{"damage":2,"enemies":"HollowMod:Nosk","floor":29,"turns":4},{"damage":0,"enemies":"Automaton","floor":33,"turns":10},{"damage":6,"enemies":"Orb Walker","floor":35,"turns":2},{"damage":4,"enemies":"3 Darklings","floor":36,"turns":2},{"damage":0,"enemies":"Mind Bloom Boss Battle","floor":39,"turns":2},{"damage":12,"enemies":"Giant Head","floor":40,"turns":3},{"damage":6,"enemies":"Reptomancer","floor":41,"turns":4},{"damage":15,"enemies":"Giant Head","floor":44,"turns":4},{"damage":9,"enemies":"Reptomancer","floor":45,"turns":3},{"damage":29,"enemies":"HollowMod:StalkingDevout","floor":47,"turns":3},{"damage":0,"enemies":"Spire Growth","floor":48,"turns":2},{"damage":0,"enemies":"Time Eater","floor":50,"turns":3},{"damage":67,"enemies":"Awakened One","floor":51,"turns":4}],"seed_played":"5268448806438317878","potions_obtained":[{"floor":3.0,"key":"EssenceOfSteel"},{"floor":4.0,"key":"ColorlessPotion"},{"floor":8.0,"key":"SmokeBomb"},{"floor":13.0,"key":"hexamod:EctoCoolerPotion"},{"floor":19.0,"key":"DuplicationPotion"},{"floor":21.0,"key":"FearPotion"},{"floor":21.0,"key":"Fire Potion"},{"floor":23.0,"key":"EntropicBrew"},{"floor":23.0,"key":"Fruit Juice"},{"floor":25,"key":"EntropicBrew"},{"floor":33,"key":"ColorlessPotion"},{"floor":40,"key":"Regen Potion"},{"floor":47,"key":"FairyPotion"}],"is_trial":true,"path_per_floor":["M","M","?","M","?","R","M","E","T","R","T","?","E","M","R","B",null,"M","M","?","M","T","E","R","E","T","R","$","E","$","?","R","B",null,"M","M","$","?","?","E","E","$","T","E","E","?","E","M","R","B","B",null],"character_chosen":"THE_SPIRIT","items_purchased":["hexamod:FifthSeal","Centennial Puzzle","Boot","TheBattery","MyShadow","RottenBaby","HollowMod:LifeEnderRelic","GodSword3","ClockworkSouvenir"],"campfire_rested":2,"item_purchase_floors":[17,28,30,30,34,34,37,37,37],"current_hp_per_floor":[59,58,27,21,10,28,23,13,31,54,72,90,97,65,65,86,115,122,105,105,79,97,107,107,91,109,109,109,124,124,142,142,202,174,168,166,166,166,172,170,167,167,185,173,166,166,139,140,140,160,126],"gold":771,"neow_bonus":"","is_daily":false,"chose_seed":false,"campfire_upgraded":4,"win_rate":0.0,"timestamp":1610953615,"path_taken":["M","M","?","?","?","R","?","E","T","R","?","?","E","?","R","BOSS","M","M","?","?","?","E","R","E","T","R","$","E","$","?","R","BOSS","M","M","$","?","?","E","E","?","T","E","E","?","E","?","R","BOSS","BOSS"],"items_purchased_type":["Card","Relic","Relic","Relic","Relic","Relic","Relic","Relic","Relic"],"build_version":"2020-12-22","purchased_purges":0,"victory":true,"max_hp_per_floor":[61,61,61,61,61,61,61,59,77,77,95,113,111,111,111,129,125,125,123,123,123,141,139,139,140,158,158,158,158,158,176,176,202,174,174,172,172,172,172,172,172,172,190,190,190,190,190,190,190,208,226],"card_choices":[{"not_picked":["hexamod:RetreatToShadows","hexamod:AdvancingGuard"],"picked":"hexamod:NightmareStrike","floor":1.0},{"not_picked":["hexamod:GhostOfSpirePast","hexamod:InspiringFlames","hexamod:BacktrackSmack"],"picked":"SKIP","floor":2.0},{"not_picked":["hexamod:AdvancingGuard","hexamod:ShieldOfDarkness","hexamod:RadiantFlame"],"picked":"SKIP","floor":4.0},{"not_picked":["hexamod:ThermalTransfer","hexamod:TimeWarp"],"picked":"hexamod:SecondSeal","floor":7.0},{"not_picked":["hexamod:HauntingEcho","hexamod:ThermalTransfer"],"picked":"hexamod:ThirdSeal","floor":8.0},{"not_picked":["hexamod:GhostLash","hexamod:TurnItUp"],"picked":"hexamod:SpectersWail","floor":13.0},{"not_picked":["hexamod:ThermalTransfer","hexamod:GhostLash"],"picked":"hexamod:FirstSeal","floor":13.0},{"not_picked":["hexamod:BacktrackSmack","hexamod:InspiringFlames","hexamod:PhantomCloak"],"picked":"SKIP","floor":13.0},{"not_picked":["hexamod:SpectralSpark","hexamod:RainOfEmbers"],"picked":"hexamod:EtherealExpedition","floor":14.0},{"not_picked":["hexamod:NightmareGuise","hexamod:Firestarter"],"picked":"hexamod:Hexaguard","floor":14.0},{"not_picked":["hexamod:Firestarter","hexamod:GhostShield"],"picked":"Bomb","floor":14.0},{"not_picked":["hexamod:SwordOfDarkness","hexamod:ShieldOfDarkness","hexamod:NightmareStrike"],"picked":"SKIP","floor":14.0},{"not_picked":["hexamod:HeatMetal","hexamod:HauntingEcho","hexamod:FlamesFromBeyond"],"picked":"SKIP","floor":14.0},{"not_picked":["hexamod:FourthSeal","hexamod:ThirdSeal"],"picked":"hexamod:SixthSeal","floor":18.0},{"not_picked":["hexamod:GhostOfSpirePast","hexamod:Firestarter","hexamod:FlamesFromBeyond"],"picked":"SKIP","floor":18.0},{"not_picked":["hexamod:ExtraCrispy","hexamod:GhostShield","hexamod:StepThrough"],"picked":"SKIP","floor":18.0},{"not_picked":["hexamod:GhostOfSpirePast","hexamod:Firestarter","hexamod:FlamesFromBeyond"],"picked":"SKIP","floor":18.0},{"not_picked":["hexamod:ExtraCrispy","hexamod:GhostShield","hexamod:StepThrough"],"picked":"SKIP","floor":18.0},{"not_picked":["hexamod:FirstSeal","hexamod:ThirdSeal"],"picked":"hexamod:FourthSeal","floor":19.0},{"not_picked":["hexamod:FastForward","hexamod:SwordOfDarkness"],"picked":"hexamod:ThermalTransfer+1","floor":19.0},{"not_picked":["hexamod:ThirdSeal","hexamod:SixthSeal","hexamod:SecondSeal"],"picked":"SKIP","floor":19.0},{"not_picked":["hexamod:InspiringFlames","hexamod:HauntingEcho","hexamod:Toasty"],"picked":"SKIP","floor":19.0},{"not_picked":["hexamod:SuperheatedStrike","hexamod:HeatMetal","hexamod:SoulSteal+1"],"picked":"SKIP","floor":21.0},{"not_picked":["hexamod:Hexaguard","hexamod:ShieldOfDarkness+1","hexamod:SpectralSpark"],"picked":"SKIP","floor":21.0},{"not_picked":["hexamod:Firestarter+1","hexamod:GhostOfSpirePast+1","hexamod:InspiringFlames"],"picked":"SKIP","floor":21.0},{"not_picked":["hexamod:NecessarySacrifice","hexamod:GhostflameBarrier","hexamod:Firestarter"],"picked":"SKIP","floor":23.0},{"not_picked":["hexamod:ShieldOfDarkness","hexamod:Hexaguard","hexamod:RecurringNightmare"],"picked":"SKIP","floor":23.0},{"not_picked":["hexamod:NightmareStrike","hexamod:GhostOfSpireFuture+1"],"picked":"hexamod:GhostLash","floor":25},{"not_picked":["hexamod:HexaLevel","hexamod:PhantomFireball","hexamod:Again"],"picked":"SKIP","floor":25},{"not_picked":["hexamod:RecurringNightmare","hexamod:GhostOfSpirePast"],"picked":"hexamod:ParanormalForm","floor":29},{"not_picked":["hexamod:FourthSeal","hexamod:SecondSeal","hexamod:ExtraCrispy"],"picked":"SKIP","floor":29},{"not_picked":["hexamod:FlameSwitch","hexamod:Toasty"],"picked":"hexamod:GiftsFromTheDead","floor":33},{"not_picked":["hexamod:ChargedBarrage","hexamod:HeatCrush","hexamod:EtherealExpedition"],"picked":"SKIP","floor":35},{"not_picked":["hexamod:NecessarySacrifice","hexamod:BacktrackSmack","hexamod:GhostOfSpirePast"],"picked":"SKIP","floor":36},{"not_picked":["hexamod:FirstSeal","hexamod:RecurringNightmare+1","hexamod:HeatMetal"],"picked":"SKIP","floor":40},{"not_picked":["hexamod:RecurringNightmare","hexamod:NecessarySacrifice+1"],"picked":"hexamod:SpectersWail+1","floor":41},{"not_picked":["hexamod:GhostflameBarrier+1","hexamod:GhostShield"],"picked":"hexamod:RainOfEmbers","floor":44},{"not_picked":["hexamod:Incineration","hexamod:ParanormalForm"],"picked":"hexamod:PowerFromBeyond+1","floor":45},{"not_picked":["hexamod:NightmareGuise+1","hexamod:Rewind+1","hexamod:ShieldOfDarkness+1"],"picked":"SKIP","floor":47},{"not_picked":["hexamod:HeatShield","hexamod:NightmareGuise","hexamod:StepThrough"],"picked":"SKIP","floor":48}],"player_experience":702957,"relics_obtained":[{"floor":3.0,"key":"Sundial"},{"floor":3.0,"key":"Ccalipers"},{"floor":8.0,"key":"Bottled Flame"},{"floor":9.0,"key":"SalivaCoin"},{"floor":11.0,"key":"BookOfRevelations"},{"floor":13.0,"key":"Leech"},{"floor":22.0,"key":"Meat on the Bone"},{"floor":23.0,"key":"Regal Pillow"},{"floor":25,"key":"Letter Opener"},{"floor":26,"key":"PreservedInsect"},{"floor":29,"key":"ForgetMeNow"},{"floor":39,"key":"Turnip"},{"floor":40,"key":"TheBean"},{"floor":41,"key":"War Paint"},{"floor":43,"key":"Nunchaku"},{"floor":44,"key":"CeramicFish"},{"floor":45,"key":"hexamod:MatchstickCase"},{"floor":47,"key":"Girya"}],"event_choices":[{"damage_healed":0.0,"max_hp_gain":0.0,"max_hp_loss":0.0,"gold_gain":0.0,"event_name":"HidenRoomEvent","player_choice":"Fight","floor":3.0,"gold_loss":0.0,"damage_taken":0.0},{"damage_healed":0.0,"max_hp_gain":0.0,"max_hp_loss":0.0,"gold_gain":75.0,"event_name":"World of Goop","player_choice":"Gather Gold","floor":5.0,"gold_loss":0.0,"damage_taken":11.0},{"damage_healed":0.0,"max_hp_gain":0.0,"max_hp_loss":0.0,"gold_gain":0.0,"event_name":"Golden Idol","player_choice":"Take Wound","floor":12.0,"gold_loss":0.0,"damage_taken":0.0,"relics_obtained":["Golden Idol"],"cards_obtained":["Injury"]},{"damage_healed":0.0,"max_hp_gain":0.0,"max_hp_loss":0.0,"gold_gain":50.0,"event_name":"Nest","player_choice":"Stole From Cult","floor":20.0,"gold_loss":0.0,"damage_taken":0.0},{"damage_healed":0,"gold_gain":0,"player_choice":"Paid","damage_taken":0,"relics_obtained":["Red Mask"],"max_hp_gain":0,"max_hp_loss":0,"event_name":"Tomb of Lord Red Mask","floor":38,"gold_loss":226},{"damage_healed":0,"gold_gain":0,"player_choice":"Fight","damage_taken":0,"max_hp_gain":0,"max_hp_loss":0,"event_name":"MindBloom","floor":39,"gold_loss":0},{"damage_healed":0,"gold_gain":333,"player_choice":"Gave Idol","damage_taken":0,"max_hp_gain":0,"max_hp_loss":0,"event_name":"The Moai Head","floor":46,"relics_lost":["Golden Idol"],"gold_loss":0}],"is_beta":false,"boss_relics":[{"not_picked":["expansioncontent:StudyCardRelic","Busted Crown"],"picked":"SlaversCollar"},{"not_picked":[]},{"not_picked":["Philosopher\u0027s Stone","bronze:MakeshiftBattery"],"picked":"EasyGame_NEW"},{"not_picked":[]}],"items_purged_floors":[],"is_endless":false,"potions_floor_spawned":[3,4,8,13,19,25,29,33,35,41,44],"ascension_level":20}}