{"host":"0009l0kk6tb2u2kt","time":1610985957,"event":{"mods":["AchievementEnabler","BaseMod","BetterRewards","Downfall","Hubris","Infinite Spire","Minty Spire (QoL Compilation)","StSLib"],"gold_per_floor":[99,8,65,65,78,98,98,126,137,157,57,73,73,90,90,187,187,205,217,233,233,233,252,323,339,372,384,484,498,523,586,486,486,486,486],"floor_reached":33,"language":"ENG","playtime":2964,"items_purged":[],"score":293,"play_id":"700c0365-7f98-44a6-881f-d9ac19d52f75","local_time":"20210118170557","is_ascension_mode":false,"campfire_choices":[{"data":"Guardian:PrismaticBarrier","floor":11,"key":"SMITH"},{"data":"Guardian:FierceBash","floor":13,"key":"SMITH"},{"data":"Guardian:BronzeArmor","floor":15,"key":"SMITH"},{"data":"Guardian:ShieldCharger","floor":32,"key":"SMITH"}],"circlet_count":0,"master_deck":["Guardian:Strike_Guardian","Guardian:Strike_Guardian","Guardian:Strike_Guardian","Guardian:Defend_Guardian","Guardian:Defend_Guardian","Guardian:Defend_Guardian","Guardian:Defend_Guardian","Guardian:CurlUp","Guardian:TwinSlam","Guardian:ShieldCharger+1","Guardian:BronzeArmor+1","Guardian:CrystalBeam","Guardian:TemporalStrike","Guardian:BronzeOrb","Guardian:PrismaticBarrier+1","Guardian:FierceBash+1","Guardian:StasisField+1","Guardian:Emergency","Guardian:DecasProtection+1","Guardian:FastForward","Guardian:SpikerProtocol"],"relics":["Guardian:ModeShifter","downfall:HeartsMalice","Ice Cream","Ornamental Fan","downfall:HeartBlessingBlue","bronze:MakeshiftBattery","Question Card","hubris:GlazedTorus","downfall:CloakOfManyFaces","CultistMask","FaceOfCleric","NlothsMask","GremlinMask","SsserpentHead","hubris:ToyBattleship","downfall:HeartBlessingGreen"],"acts_visited":["Exordium","TheCity"],"potions_floor_usage":[8,10,12,16,26,27,33,33],"damage_taken":[{"damage":0,"enemies":"Cultist","floor":1,"turns":1},{"damage":0,"enemies":"downfall:FleeingMerchant","floor":2,"turns":1},{"damage":0,"enemies":"Gremlin Nob","floor":3,"turns":1},{"damage":0,"enemies":"Small Slimes","floor":5,"turns":4},{"damage":0,"enemies":"2 Louse","floor":6,"turns":2},{"damage":11,"enemies":"Lagavulin","floor":8,"turns":8},{"damage":0,"enemies":"Large Slime","floor":9,"turns":8},{"damage":0,"enemies":"3 Louse","floor":10,"turns":2},{"damage":5,"enemies":"Exordium Thugs","floor":12,"turns":3},{"damage":0,"enemies":"Red Slaver","floor":14,"turns":3},{"damage":10,"enemies":"WA_ARCHETYPE_RETAIN","floor":16,"turns":7},{"damage":0,"enemies":"Chosen","floor":18,"turns":4},{"damage":7,"enemies":"Centurion and Healer","floor":19,"turns":5},{"damage":8,"enemies":"3 Cultists","floor":20,"turns":6},{"damage":1,"enemies":"Shelled Parasite and Fungi","floor":23,"turns":5},{"damage":0,"enemies":"Snecko","floor":25,"turns":5},{"damage":46,"enemies":"Gremlin Leader","floor":26,"turns":8},{"damage":0,"enemies":"Snake Plant","floor":27,"turns":4},{"damage":1,"enemies":"downfall:FaceTrader","floor":28,"turns":7},{"damage":2,"enemies":"Centurion and Healer","floor":29,"turns":4},{"damage":16,"enemies":"Book of Stabbing","floor":30,"turns":6},{"damage":0,"enemies":"Snecko","floor":31,"turns":4},{"damage":16,"enemies":"SI_MIRROR_ARCHETYPE","floor":33,"turns":4}],"seed_played":"-5508385764238778402","potions_obtained":[{"floor":3,"key":"Guardian:BlockOnCardUsePotion"},{"floor":9,"key":"Fire Potion"},{"floor":10,"key":"AttackPotion"},{"floor":12,"key":"DuplicationPotion"},{"floor":23,"key":"GamblersBrew"},{"floor":26,"key":"Block Potion"},{"floor":29,"key":"Explosive Potion"},{"floor":30,"key":"BlessingOfTheForge"},{"floor":31,"key":"Dexterity Potion"}],"is_trial":false,"path_per_floor":["M","$","?","?","M","M","T","E","M","M","R","M","R","M","R","B",null,"M","M","M","?","?","M","T","M","E","M","?","M","E","M","R","B"],"character_chosen":"GUARDIAN","items_purchased":["Guardian:ShieldCharger","Guardian:BronzeArmor"],"campfire_rested":0,"item_purchase_floors":[2,2],"current_hp_per_floor":[80,80,80,80,80,80,80,69,69,69,79,74,74,74,74,64,90,90,83,75,75,75,74,74,74,28,28,27,26,11,12,12,0,0,0],"gold":486,"neow_bonus":"THREE_ENEMY_KILL","is_daily":false,"chose_seed":false,"campfire_upgraded":4,"win_rate":0.0,"timestamp":1610985957,"path_taken":["M","?","?","?","M","M","T","E","M","M","R","M","R","M","R","BOSS","M","M","M","?","?","M","T","M","E","M","?","M","E","?","R","BOSS"],"items_purchased_type":["Card","Card"],"build_version":"2020-12-22","purchased_purges":0,"victory":false,"max_hp_per_floor":[80,80,80,80,80,80,80,80,80,80,90,90,90,90,90,90,90,90,90,90,90,90,90,90,90,90,90,90,91,92,93,93,93,93,93],"card_choices":[{"not_picked":["Guardian:Planning","Guardian:TimeCapacitor"],"picked":"Guardian:Gem_White","floor":1},{"not_picked":["Guardian:TemporalShield","Guardian:ShieldSpikes"],"picked":"Guardian:Gem_Green","floor":2},{"not_picked":["Guardian:Emergency","Guardian:Incinerate"],"picked":"Guardian:CrystalBeam","floor":3},{"not_picked":["Guardian:Gem_Lightblue","Guardian:CrystalBeam"],"picked":"Guardian:TemporalStrike","floor":5},{"not_picked":["Guardian:Recover","Guardian:Reroute"],"picked":"Guardian:BronzeOrb","floor":6},{"not_picked":["Guardian:Orbwalk","Guardian:RollAttack"],"picked":"Guardian:Gem_Green","floor":8},{"not_picked":["Guardian:VentSteam","Guardian:ShieldCharger"],"picked":"Guardian:PrismaticBarrier","floor":9},{"not_picked":["Guardian:TimeBomb","Guardian:ShieldCharger"],"picked":"Guardian:FierceBash","floor":10},{"not_picked":["Guardian:Reroute","Guardian:Suspension"],"picked":"Guardian:Gem_Crimson","floor":12},{"not_picked":["Guardian:RollAttack","Guardian:WalkerClaw","Guardian:Reroute"],"picked":"SKIP","floor":14},{"not_picked":["Guardian:FierceBash","Guardian:RevengeProtocol"],"picked":"Guardian:StasisField","floor":16},{"not_picked":["Guardian:DecasProtection","Guardian:CrystalBeam"],"picked":"Guardian:Gem_Lightblue","floor":18},{"not_picked":["Guardian:Clone","Guardian:RollAttack","Guardian:Harden"],"picked":"SKIP","floor":19},{"not_picked":["Guardian:PolyBeam","Guardian:PrimingBeam"],"picked":"Guardian:Emergency","floor":20},{"not_picked":["Guardian:Recover","Guardian:VentSteam+1","Guardian:Preprogram"],"picked":"SKIP","floor":23},{"not_picked":["Guardian:Gem_Orange","Guardian:Gem_Red","Guardian:Recover"],"picked":"Guardian:DecasProtection+1","floor":25},{"not_picked":["Guardian:PolyBeam","Guardian:Planning+1","Guardian:Harden","Guardian:Suspension"],"picked":"SKIP","floor":26},{"not_picked":["Guardian:Reroute+1","Guardian:ArmoredProtocol","Guardian:SentryBeam"],"picked":"Guardian:FastForward","floor":27},{"not_picked":["Guardian:CrystalBeam+1","Guardian:SpikerProtocol","Guardian:Gem_Red"],"picked":"Guardian:Gem_Crimson","floor":28},{"not_picked":["Guardian:Gem_Green","Guardian:Suspension","Guardian:VentSteam","Guardian:EvasiveProtocol"],"picked":"SKIP","floor":29},{"not_picked":["Guardian:PolyBeam","Guardian:TemporalStrike+1","Guardian:BronzeArmor"],"picked":"Guardian:SpikerProtocol","floor":30},{"not_picked":["Guardian:Gem_Blue","Guardian:DecasProtection","Guardian:Gem_Cyan","Guardian:Gem_Lightblue"],"picked":"SKIP","floor":31}],"player_experience":252860,"relics_obtained":[{"floor":3,"key":"Ice Cream"},{"floor":8,"key":"Ornamental Fan"},{"floor":24,"key":"Question Card"},{"floor":26,"key":"hubris:GlazedTorus"},{"floor":28,"key":"downfall:CloakOfManyFaces"},{"floor":30,"key":"hubris:ToyBattleship"}],"event_choices":[{"damage_healed":0,"gold_gain":0,"player_choice":"Ignored","damage_taken":0,"max_hp_gain":0,"max_hp_loss":0,"event_name":"Ghosts","floor":22,"gold_loss":0}],"is_beta":false,"boss_relics":[{"not_picked":["Guardian:StasisSlotReductionRelic","hubris:RunicObelisk"],"picked":"bronze:MakeshiftBattery"}],"items_purged_floors":[],"is_endless":false,"potions_floor_spawned":[3,9,10,12,23,26,29,30,31],"killed_by":"SI_MIRROR_ARCHETYPE","ascension_level":0}}