{"host":"2js2pxuugveqjuf7","time":1610953843,"event":{"mods":["BaseMod","Minty Spire (QoL Compilation)","Relic Stats","StSLib"],"gold_per_floor":[361,376,392,392,61,93,108,108,156,167,196,196,208,225,225,327,327,347,367,367,367,377,406,9,9,35,66,116,141,141,166,166,267,267,281,300,313,325,325,358,373,401,447,461,461,495,514,545,545,545,545,545,25,58,58,58],"floor_reached":55,"language":"ENG","playtime":4640,"items_purged":["Pain","Strike_G"],"score":1179,"play_id":"de221d44-d788-45df-aeac-7af27cb8be61","local_time":"20210118011043","is_ascension_mode":true,"campfire_choices":[{"data":"Blur","floor":8,"key":"SMITH"},{"data":"Cloak And Dagger","floor":12,"key":"SMITH"},{"data":"Infinite Blades","floor":15,"key":"SMITH"},{"data":"Accuracy","floor":25,"key":"SMITH"},{"data":"Well Laid Plans","floor":30,"key":"SMITH"},{"data":"Footwork","floor":32,"key":"SMITH"},{"data":"Flechettes","floor":45,"key":"SMITH"},{"floor":49,"key":"RECALL"},{"data":"Doppelganger","floor":52,"key":"SMITH"}],"circlet_count":0,"master_deck":["Defend_G","Defend_G","Defend_G","Defend_G","Defend_G","Survivor","Neutralize","Heel Hook","Blade Dance","Sucker Punch","Blur","Blur+1","Blade Dance","Cloak And Dagger+1","Infinite Blades","Infinite Blades+1","Die Die Die","PiercingWail","Blade Dance","Corpse Explosion","Doppelganger+1","Cloak And Dagger+1","Escape Plan+1","Accuracy+1","Flechettes+1","Footwork+1","Well Laid Plans+1","Terror+1","Night Terror+1","PiercingWail+1","Accuracy+1","Escape Plan+1","Accuracy","Blade Dance+1","Venomology+1","Blur+1"],"relics":["Ring of the Snake","WarpedTongs","Shuriken","Gremlin Horn","Regal Pillow","Empty Cage","Pen Nib","HandDrill","Vajra","HornCleat","Bag of Marbles","Toxic Egg 2","Busted Crown","Tough Bandages","Nunchaku","Potion Belt","Dream Catcher","Ancient Tea Set","Mummified Hand","Orichalcum"],"acts_visited":["Exordium","TheCity","TheBeyond","TheEnding"],"potions_floor_usage":[19,37,40,42,44,55,55,55,55],"damage_taken":[{"damage":6,"enemies":"Cultist","floor":1,"turns":4},{"damage":13,"enemies":"Small Slimes","floor":2,"turns":5},{"damage":0,"enemies":"2 Louse","floor":3,"turns":3},{"damage":5,"enemies":"Lagavulin","floor":6,"turns":5},{"damage":5,"enemies":"2 Fungi Beasts","floor":7,"turns":3},{"damage":0,"enemies":"Gremlin Gang","floor":10,"turns":4},{"damage":5,"enemies":"Gremlin Nob","floor":11,"turns":3},{"damage":0,"enemies":"Exordium Wildlife","floor":13,"turns":2},{"damage":0,"enemies":"Looter","floor":14,"turns":2},{"damage":0,"enemies":"Slime Boss","floor":16,"turns":5},{"damage":0,"enemies":"3 Byrds","floor":18,"turns":3},{"damage":5,"enemies":"Spheric Guardian","floor":19,"turns":4},{"damage":0,"enemies":"3 Cultists","floor":22,"turns":2},{"damage":9,"enemies":"Book of Stabbing","floor":23,"turns":6},{"damage":3,"enemies":"Slavers","floor":27,"turns":3},{"damage":0,"enemies":"Gremlin Leader","floor":29,"turns":4},{"damage":11,"enemies":"Book of Stabbing","floor":31,"turns":3},{"damage":7,"enemies":"Collector","floor":33,"turns":5},{"damage":4,"enemies":"3 Darklings","floor":35,"turns":2},{"damage":0,"enemies":"Orb Walker","floor":36,"turns":4},{"damage":0,"enemies":"Sphere and 2 Shapes","floor":37,"turns":3},{"damage":0,"enemies":"Jaw Worm Horde","floor":38,"turns":1},{"damage":1,"enemies":"Giant Head","floor":40,"turns":7},{"damage":6,"enemies":"3 Darklings","floor":41,"turns":2},{"damage":0,"enemies":"Reptomancer","floor":42,"turns":3},{"damage":0,"enemies":"Spire Growth","floor":44,"turns":2},{"damage":0,"enemies":"Nemesis","floor":46,"turns":3},{"damage":4,"enemies":"Jaw Worm Horde","floor":47,"turns":2},{"damage":0,"enemies":"Giant Head","floor":48,"turns":4},{"damage":32,"enemies":"Awakened One","floor":50,"turns":7},{"damage":15,"enemies":"Shield and Spear","floor":54,"turns":2},{"damage":56,"enemies":"The Heart","floor":55,"turns":6}],"seed_played":"-7961865684031421557","potions_obtained":[{"floor":1,"key":"SpeedPotion"},{"floor":6,"key":"Energy Potion"},{"floor":7,"key":"Dexterity Potion"},{"floor":13,"key":"Energy Potion"},{"floor":14,"key":"LiquidMemories"},{"floor":16,"key":"FearPotion"},{"floor":23,"key":"Swift Potion"},{"floor":27,"key":"EntropicBrew"},{"floor":29,"key":"GhostInAJar"},{"floor":35,"key":"LiquidMemories"},{"floor":38,"key":"SneckoOil"},{"floor":41,"key":"EssenceOfSteel"},{"floor":42,"key":"DistilledChaos"},{"floor":46,"key":"Block Potion"}],"is_trial":false,"path_per_floor":["M","M","M","?","$","E","M","R","T","M","E","R","M","M","R","B",null,"M","M","?","?","M","E","$","R","T","E","?","E","R","E","R","B",null,"M","M","M","M","?","E","M","E","T","M","R","E","M","E","R","B",null,"R","$","E","B"],"character_chosen":"THE_SILENT","items_purchased":["Shuriken","Accuracy","HandDrill","Flechettes","Accuracy","Mummified Hand","Blade Dance+1","Venomology+1"],"campfire_rested":0,"item_purchase_floors":[5,24,24,24,53,53,53,53],"current_hp_per_floor":[64,51,51,51,51,46,41,41,41,41,36,36,36,36,36,36,70,70,65,65,65,65,56,56,56,56,53,53,53,53,42,42,35,70,66,66,66,66,66,65,59,59,59,59,59,59,55,55,55,23,70,70,70,55,0,0],"gold":58,"neow_bonus":"TWO_FIFTY_GOLD","is_daily":false,"chose_seed":true,"campfire_upgraded":8,"win_rate":0.0,"timestamp":1610953843,"path_taken":["M","?","M","?","$","E","M","R","T","M","E","R","?","M","R","BOSS","M","M","?","?","M","E","$","R","T","E","?","E","R","E","R","BOSS","M","?","M","M","?","E","M","E","T","M","R","E","M","E","R","BOSS","R","$","E","BOSS"],"items_purchased_type":["Relic","Card","Relic","Card","Card","Relic","Card","Card"],"build_version":"2020-12-22","purchased_purges":2,"victory":false,"max_hp_per_floor":[70,70,70,70,70,70,70,70,70,70,70,70,70,70,70,70,70,70,70,70,70,70,70,70,70,70,70,70,70,70,70,70,70,70,70,70,70,70,70,70,70,70,70,70,70,70,70,70,70,70,70,70,70,70,70,70],"relic_stats":{"Regal Pillow":0,"Gremlin Horn":[25,25],"counters":[32,114],"Pen Nib":[25],"Orichalcum":[6],"WarpedTongs":[102],"Tough Bandages":[12],"Nunchaku":[11],"Dream Catcher":0,"Busted Crown":24,"Shuriken":[106],"Mummified Hand":[8],"HandDrill":[14],"obtain_stats":[{"Potion Belt":43,"Regal Pillow":11,"Gremlin Horn":6,"Vajra":26,"Pen Nib":23,"Orichalcum":54,"Empty Cage":17,"Ancient Tea Set":48,"WarpedTongs":4,"Tough Bandages":40,"Nunchaku":42,"Dream Catcher":46,"HornCleat":27,"Busted Crown":34,"Shuriken":5,"Mummified Hand":53,"HandDrill":24,"Bag of Marbles":29,"Toxic Egg 2":31,"Ring of the Snake":0},{"Potion Belt":25,"Regal Pillow":7,"Gremlin Horn":4,"Vajra":14,"Pen Nib":14,"Orichalcum":31,"Empty Cage":10,"Ancient Tea Set":29,"WarpedTongs":3,"Tough Bandages":23,"Nunchaku":25,"Dream Catcher":27,"HornCleat":15,"Busted Crown":18,"Shuriken":3,"Mummified Hand":30,"HandDrill":14,"Bag of Marbles":16,"Toxic Egg 2":17,"Ring of the Snake":0},{"Potion Belt":88,"Regal Pillow":27,"Gremlin Horn":17,"Vajra":51,"Pen Nib":51,"Orichalcum":108,"Empty Cage":36,"Ancient Tea Set":99,"WarpedTongs":12,"Tough Bandages":83,"Nunchaku":88,"Dream Catcher":93,"HornCleat":54,"Busted Crown":66,"Shuriken":12,"Mummified Hand":106,"HandDrill":51,"Bag of Marbles":58,"Toxic Egg 2":61,"Ring of the Snake":0}],"Ring of the Snake":[64]},"card_choices":[{"not_picked":["Prepared","Acrobatics"],"picked":"Heel Hook","floor":1},{"not_picked":["Eviscerate","Expertise"],"picked":"Blade Dance","floor":2},{"not_picked":["Crippling Poison","Expertise"],"picked":"Sucker Punch","floor":3},{"not_picked":["Dagger Throw","Flechettes"],"picked":"Blur","floor":6},{"not_picked":["Dodge and Roll","Poisoned Stab"],"picked":"Blur","floor":7},{"not_picked":["Concentrate","Distraction"],"picked":"Blade Dance","floor":10},{"not_picked":["Backflip","Bouncing Flask"],"picked":"Cloak And Dagger","floor":11},{"not_picked":["Bouncing Flask","Concentrate"],"picked":"Infinite Blades","floor":13},{"not_picked":["Distraction","Dagger Throw"],"picked":"Infinite Blades","floor":14},{"not_picked":["Glass Knife","Tools of the Trade"],"picked":"Die Die Die","floor":16},{"not_picked":["Bouncing Flask+1","Deflect"],"picked":"PiercingWail","floor":18},{"not_picked":["Eviscerate","Backflip"],"picked":"Blade Dance","floor":19},{"not_picked":["Eviscerate+1","Sucker Punch"],"picked":"Cloak And Dagger+1","floor":22},{"not_picked":["Dagger Spray","Prepared"],"picked":"Escape Plan+1","floor":23},{"not_picked":["Deadly Poison","Slice"],"picked":"Footwork","floor":27},{"not_picked":["Dagger Spray","Choke"],"picked":"Well Laid Plans","floor":29},{"not_picked":["Unload","Venomology+1"],"picked":"Terror+1","floor":31},{"not_picked":["Wraith Form v2","Grand Finale"],"picked":"Night Terror+1","floor":33},{"not_picked":["Eviscerate"],"picked":"SKIP","floor":35},{"not_picked":["Outmaneuver+1"],"picked":"SKIP","floor":36},{"not_picked":[],"picked":"PiercingWail+1","floor":37},{"not_picked":["Concentrate+1"],"picked":"SKIP","floor":38},{"not_picked":[],"picked":"Accuracy+1","floor":40},{"not_picked":["Dagger Spray+1"],"picked":"SKIP","floor":41},{"not_picked":["Dagger Spray+1"],"picked":"SKIP","floor":41},{"not_picked":["Slice"],"picked":"SKIP","floor":42},{"not_picked":[],"picked":"Escape Plan+1","floor":44},{"not_picked":["Flying Knee+1"],"picked":"SKIP","floor":46},{"not_picked":["Dagger Throw"],"picked":"SKIP","floor":47},{"not_picked":["Well Laid Plans"],"picked":"SKIP","floor":48},{"not_picked":[],"picked":"Blur+1","floor":54}],"player_experience":284894,"relics_obtained":[{"floor":6,"key":"Gremlin Horn"},{"floor":11,"key":"Regal Pillow"},{"floor":23,"key":"Pen Nib"},{"floor":26,"key":"Vajra"},{"floor":27,"key":"HornCleat"},{"floor":29,"key":"Bag of Marbles"},{"floor":31,"key":"Toxic Egg 2"},{"floor":40,"key":"Tough Bandages"},{"floor":42,"key":"Nunchaku"},{"floor":43,"key":"Potion Belt"},{"floor":46,"key":"Dream Catcher"},{"floor":48,"key":"Ancient Tea Set"},{"floor":54,"key":"Orichalcum"}],"event_choices":[{"damage_healed":0,"gold_gain":0,"player_choice":"Rummage","damage_taken":0,"relics_obtained":["WarpedTongs"],"max_hp_gain":0,"max_hp_loss":0,"event_name":"Accursed Blacksmith","floor":4,"gold_loss":0,"cards_obtained":["Pain"]},{"damage_healed":0,"gold_gain":0,"cards_transformed":["Strike_G","Strike_G"],"player_choice":"Became Test Subject","damage_taken":0,"max_hp_gain":0,"max_hp_loss":0,"event_name":"Drug Dealer","floor":20,"gold_loss":0,"cards_obtained":["Corpse Explosion","Doppelganger"]},{"cards_removed":["Clumsy"],"damage_healed":0,"gold_gain":0,"player_choice":"Elegance","damage_taken":0,"max_hp_gain":0,"max_hp_loss":0,"event_name":"Back to Basics","floor":21,"gold_loss":0},{"damage_healed":0,"gold_gain":100,"player_choice":"Bet on Murderer","damage_taken":0,"max_hp_gain":0,"max_hp_loss":0,"event_name":"The Joust","floor":28,"gold_loss":50},{"damage_healed":0,"gold_gain":0,"player_choice":"Ignored","damage_taken":0,"max_hp_gain":0,"max_hp_loss":0,"event_name":"Tomb of Lord Red Mask","floor":39,"gold_loss":0}],"is_beta":false,"boss_relics":[{"not_picked":["SacredBark","Coffee Dripper"],"picked":"Empty Cage"},{"not_picked":["Sozu","Ring of the Serpent"],"picked":"Busted Crown"}],"items_purged_floors":[5,24],"is_endless":false,"potions_floor_spawned":[1,6,7,13,14,16,18,23,27,29,31,35,36,38,41,42,46],"killed_by":"The Heart","ascension_level":2}}