{"host":"ccw6t0i2dpm5wyxf","time":1610985318,"event":{"mods":["AchievementEnabler","BaseMod","Colored Map","Minty Spire (QoL Compilation)","Permanent Neow","SuperFastMode"],"gold_per_floor":[114,133,8,20,20,20,20,63,63,84,84,105,105,145,145,145,145],"floor_reached":16,"language":"ENG","playtime":730,"items_purged":["Strike_R"],"score":240,"play_id":"93783ffe-a5be-492c-b200-d6c6b2b705a3","local_time":"20210118095518","is_ascension_mode":true,"campfire_choices":[{"data":"Finesse","floor":6,"key":"SMITH"},{"floor":15,"key":"REST"}],"circlet_count":0,"master_deck":["AscendersBane","Strike_R","Strike_R","Strike_R","Defend_R","Defend_R","Defend_R","Defend_R","Bash","Finesse+1","Sentinel","Uppercut","Clothesline","Headbutt","Feed","Armaments","Shockwave","Parasite","Armaments"],"relics":["Burning Blood","Golden Idol","HornCleat","Sundial","Ornamental Fan"],"acts_visited":["Exordium"],"potions_floor_usage":[8,16],"damage_taken":[{"damage":6,"enemies":"2 Louse","floor":1,"turns":3},{"damage":8,"enemies":"Jaw Worm","floor":2,"turns":4},{"damage":0,"enemies":"Small Slimes","floor":4,"turns":5},{"damage":33,"enemies":"Gremlin Nob","floor":8,"turns":5},{"damage":2,"enemies":"Blue Slaver","floor":10,"turns":4},{"damage":12,"enemies":"Exordium Wildlife","floor":12,"turns":5},{"damage":29,"enemies":"Lagavulin","floor":14,"turns":9}],"seed_played":"-9202426017896894133","potions_obtained":[{"floor":1,"key":"SkillPotion"},{"floor":8,"key":"SkillPotion"}],"is_trial":false,"path_per_floor":["M","M","$","M","?","R","?","E","T","M","$","M","?","E","R","B"],"character_chosen":"IRONCLAD","items_purchased":["Clothesline"],"campfire_rested":1,"item_purchase_floors":[3],"current_hp_per_floor":[72,70,70,76,69,69,49,22,22,26,26,23,43,24,50,0,0],"gold":145,"neow_bonus":"RANDOM_COLORLESS","is_daily":false,"chose_seed":false,"campfire_upgraded":1,"win_rate":0.0,"timestamp":1610985318,"path_taken":["M","M","$","M","?","R","?","E","T","M","?","?","?","E","R","BOSS"],"items_purchased_type":["Card"],"build_version":"2020-12-22","purchased_purges":1,"victory":false,"max_hp_per_floor":[80,80,80,80,80,80,80,80,80,80,80,83,83,87,87,87,87],"card_choices":[{"not_picked":["Dark Shackles","Mind Blast"],"picked":"Finesse","floor":0},{"not_picked":["Cleave","Anger"],"picked":"Sentinel","floor":1},{"not_picked":["Combust","Headbutt"],"picked":"Uppercut","floor":2},{"not_picked":["Inflame","Heavy Blade"],"picked":"Headbutt","floor":4},{"not_picked":["Pummel","Hemokinesis"],"picked":"Feed","floor":8},{"not_picked":["Headbutt","Heavy Blade"],"picked":"Armaments","floor":10},{"not_picked":["Armaments","Anger"],"picked":"Shockwave","floor":12},{"not_picked":["Battle Trance","Fire Breathing"],"picked":"Armaments","floor":14}],"player_experience":291801,"relics_obtained":[{"floor":8,"key":"HornCleat"},{"floor":9,"key":"Sundial"},{"floor":14,"key":"Ornamental Fan"}],"event_choices":[{"cards_removed":["Strike_R"],"damage_healed":0,"gold_gain":0,"player_choice":"Card Removal","damage_taken":7,"max_hp_gain":0,"max_hp_loss":0,"event_name":"Golden Wing","floor":5,"gold_loss":0},{"damage_healed":0,"gold_gain":0,"player_choice":"Take Damage","damage_taken":20,"relics_obtained":["Golden Idol"],"max_hp_gain":0,"max_hp_loss":0,"event_name":"Golden Idol","floor":7,"gold_loss":0},{"damage_healed":20,"gold_gain":0,"player_choice":"Healed and dodged fight","damage_taken":0,"max_hp_gain":0,"max_hp_loss":0,"event_name":"Mushrooms","floor":13,"gold_loss":0,"cards_obtained":["Parasite"]}],"is_beta":false,"boss_relics":[],"items_purged_floors":[3],"is_endless":false,"potions_floor_spawned":[1,8],"killed_by":"The Guardian","ascension_level":10}}