{"host":"344lv32hnei0mdhu","time":1610940398,"event":{"mods":["Act Like it!","BaseMod","Better Match","Better Sensory Stone","Better Skull","Better Third Choice","Better Vampires","Colored Powertips","Highlight Path","Minty Spire (QoL Compilation)","Quick Restart","Random Character Button","Rare Cards Sparkle","StSLib"],"gold_per_floor":[112,112,73,91,109,140,140,165,233,251,251,231,256,266,266,368,368,382,392,408,408,428,428,428],"floor_reached":23,"language":"ENG","playtime":660,"items_purged":[],"score":320,"play_id":"14163987-a30b-4fbd-a589-ce08f4c5f193","local_time":"20210117212638","is_ascension_mode":true,"campfire_choices":[{"data":"Armaments","floor":7.0,"key":"SMITH"},{"floor":11.0,"key":"REST"},{"data":"Flame Barrier","floor":15.0,"key":"SMITH"}],"circlet_count":0,"master_deck":["AscendersBane","Strike_R","Strike_R","Strike_R","Strike_R","Strike_R","Defend_R","Defend_R","Defend_R","Defend_R","Bash","Armaments+1","Fire Breathing","Anger","Carnage","Cleave","Infernal Blade","Flame Barrier+1","Berserk","Rupture","Spot Weakness","Reaper"],"relics":["Burning Blood","NeowsBlessing","Torii","Strawberry","Gremlin Horn","Cursed Key","Nloth\u0027s Gift"],"acts_visited":["Exordium","TheCity"],"potions_floor_usage":[16,19],"damage_taken":[{"damage":0.0,"enemies":"2 Louse","floor":1.0,"turns":1.0},{"damage":0.0,"enemies":"Cultist","floor":4.0,"turns":1.0},{"damage":0.0,"enemies":"Jaw Worm","floor":5.0,"turns":1.0},{"damage":46.0,"enemies":"Gremlin Nob","floor":6.0,"turns":5.0},{"damage":35.0,"enemies":"Lagavulin","floor":8.0,"turns":7.0},{"damage":0.0,"enemies":"Gremlin Gang","floor":10.0,"turns":3.0},{"damage":2.0,"enemies":"3 Sentries","floor":13.0,"turns":4.0},{"damage":0.0,"enemies":"3 Louse","floor":14.0,"turns":1.0},{"damage":48,"enemies":"Hexaghost","floor":16,"turns":10},{"damage":2,"enemies":"Chosen","floor":18,"turns":5},{"damage":14,"enemies":"Shell Parasite","floor":19,"turns":4},{"damage":10,"enemies":"Snecko","floor":20,"turns":6},{"damage":34,"enemies":"Snake Plant","floor":22,"turns":5},{"damage":42,"enemies":"Slavers","floor":23,"turns":2}],"seed_played":"6786704993354397299","potions_obtained":[{"floor":2.0,"key":"Strength Potion"},{"floor":2.0,"key":"Regen Potion"},{"floor":2.0,"key":"Fruit Juice"},{"floor":4.0,"key":"HeartOfIron"},{"floor":12.0,"key":"BlessingOfTheForge"},{"floor":13.0,"key":"Explosive Potion"},{"floor":14.0,"key":"Strength Potion"},{"floor":16,"key":"Fire Potion"}],"is_trial":false,"path_per_floor":["M","?","$","M","M","E","R","E","T","M","R","?","E","M","R","B",null,"M","M","M","?","M","E"],"character_chosen":"IRONCLAD","items_purchased":["Fire Breathing"],"campfire_rested":1,"item_purchase_floors":[3],"current_hp_per_floor":[78,83,83,85,85,50,50,28,28,34,61,61,65,71,71,29,76,80,72,68,68,40,0,0],"gold":428,"neow_bonus":"THREE_ENEMY_KILL","is_daily":false,"chose_seed":false,"campfire_upgraded":2,"win_rate":0.0,"timestamp":1610940398,"path_taken":["M","?","$","M","?","E","R","E","T","M","R","?","E","M","R","BOSS","M","M","?","?","?","E"],"items_purchased_type":["Card"],"build_version":"2020-12-22","purchased_purges":0,"victory":false,"max_hp_per_floor":[80,85,85,85,85,85,85,92,92,92,92,92,92,92,92,92,92,92,92,92,92,92,92,92],"card_choices":[{"not_picked":["Flex","True Grit"],"picked":"Armaments","floor":1.0},{"not_picked":["Cleave","Clash"],"picked":"Anger","floor":4.0},{"not_picked":["Feel No Pain","Iron Wave"],"picked":"Carnage","floor":5.0},{"not_picked":["Flex","Body Slam"],"picked":"Cleave","floor":6.0},{"not_picked":["Blood for Blood","Clothesline"],"picked":"Infernal Blade","floor":8.0},{"not_picked":["Iron Wave","Cleave","Twin Strike"],"picked":"SKIP","floor":10.0},{"not_picked":["Fire Breathing","Pommel Strike"],"picked":"Flame Barrier","floor":13.0},{"not_picked":["Dark Embrace","Headbutt","Brutality"],"picked":"SKIP","floor":14.0},{"not_picked":["Fiend Fire","Barricade"],"picked":"Berserk","floor":16},{"not_picked":["Evolve+1","Wild Strike+1"],"picked":"Rupture","floor":18},{"not_picked":["Twin Strike","Havoc","Perfected Strike"],"picked":"SKIP","floor":19},{"not_picked":["Shockwave","Carnage"],"picked":"Spot Weakness","floor":20},{"not_picked":["Flex","True Grit+1"],"picked":"Reaper","floor":22}],"player_experience":345524,"relics_obtained":[{"floor":6.0,"key":"Torii"},{"floor":8.0,"key":"Strawberry"},{"floor":9.0,"key":"Gremlin Horn"},{"floor":13.0,"key":"Letter Opener"}],"event_choices":[{"damage_healed":0.0,"max_hp_gain":0.0,"max_hp_loss":0.0,"gold_gain":0.0,"event_name":"Lab","player_choice":"Got Potions","floor":2.0,"gold_loss":0.0,"damage_taken":0.0},{"damage_healed":0.0,"max_hp_gain":0.0,"max_hp_loss":0.0,"gold_gain":0.0,"event_name":"The Woman in Blue","player_choice":"Bought 1 Potion","floor":12.0,"gold_loss":0.0,"damage_taken":0.0},{"damage_healed":0,"gold_gain":0,"player_choice":"Traded Relic","damage_taken":0,"relics_obtained":["Nloth\u0027s Gift"],"max_hp_gain":0,"max_hp_loss":0,"event_name":"N\u0027loth","floor":21,"relics_lost":["Letter Opener"],"gold_loss":0}],"is_beta":false,"boss_relics":[{"not_picked":["SlaversCollar","SacredBark"],"picked":"Cursed Key"}],"items_purged_floors":[],"is_endless":false,"potions_floor_spawned":[4,13,14,16],"killed_by":"Slavers","ascension_level":10}}