{"host":"ekyl8r8j8fco3zlk","time":1610983569,"event":{"mods":["ATMod(∞¢Ë™Mod)","Act Like it!","Arknights The Spire","BaseMod","CapriCore","Decade(Õı–°√˜)","Friendly Minions","Gensokyo","Lobotomy","LobotomyExtend","Marisa£®ÏF”Í°°ƒß¿Ì…≥£©","Minty Spire (QoL Compilation)","READ ME - Guardian Mod","Rare Cards Sparkle","Reimu£®≤©¿ˆ¡È√Œ£©","StSLib","The Alterego","The Immortal","The Jungle","Waifu the Spire","WarShipGirlsR/’ΩΩ¢…Ÿ≈ÆR mod","°æ“≈ŒÔø®≈∆°øREMEMod"],"gold_per_floor":[118,49,67,90,121,161,173,195,207,229,241,253,265,292,304,420,432,461,473,504,516,544,569,581,129,183,253,320,320,447,447,447,668,668,707,842,842,842,842,970,1007,1007,1087,1199,1199,485,523,523,523],"floor_reached":48,"language":"ZHS","playtime":1717,"items_purged":["ats:Strike C"],"score":559,"play_id":"544a71a7-d8d0-4ef0-a08e-16448c963d97","local_time":"20210118232609","is_ascension_mode":false,"campfire_choices":[{"data":"AT_OneInchPunch","floor":7.0,"key":"SMITH"},{"data":"ats:Thorns","floor":11.0,"key":"SMITH"},{"data":"ats:Calcification","floor":13.0,"key":"SMITH"},{"floor":15.0,"key":"REST"},{"data":"ats:Dogmatic Field","floor":24.0,"key":"SMITH"},{"data":"AT_DrawKnifeCut","floor":29.0,"key":"SMITH"},{"data":"ats:Wolf Pack","floor":32.0,"key":"SMITH"},{"data":"ats:Neurotoxin","floor":42.0,"key":"SMITH"}],"circlet_count":0,"master_deck":["ats:Strike G","ats:Strike S","ats:Armor Crushing Shot","ats:Defend","ats:Defend","ats:Defend","ats:Emotion Absorption","ats:Calcification+1","AT_OneInchPunch+1","AT_DrawKnifeCut+1","ats:Neurotoxin+1","ats:Thorns+1","ats:Explosion Area Strengthen","ats:Wolf Pack+1","ats:Powerful Strike","ats:Overload","ats:Flexible Camouflage","ats:Dogmatic Field+1","ats:Curse Doll+1","ats:Support Order+1","ats:Red Shift+1","ats:True Silver Slash","ats:Thermite Blade+1","ats:Hook Shot+1","ats:Nebulous Foxfire","AT_EmpoweredMortalDraw","ats:Childhood Dance+1","ats:Consecutive Shot Auto+1","ats:Leaping Hammer+1","ats:Shell Defense+1","ats:Counter Healing Mode+1","ats:Cat Scratch+1","ats:Encircling Forest+1"],"relics":["ats:Sanity","AT_ATBox","REME_ComplimentaryCards","LetterFromLob","MawBank","ats:Originium","Lantern","Question Card","Gaze_r","LaetitiaHeart","RedLine:ReiMu","AT_ChloranthyRing","AT_MibuBalloonWealth","Strawberry","AT_BellDemon","AT_MortalBlade","InkBottle","Bottled Lightning","Molten Egg 2","Du-Vu Doll","ats:Rhine Circuitry","Meat on the Bone","Frozen Egg 2","ats:Hidden Killer","ClockworkSouvenir","Pear"],"acts_visited":["Exordium","TheCity","TheBeyond"],"potions_floor_usage":[],"damage_taken":[{"damage":0.0,"enemies":"Cultist","floor":1.0,"turns":2.0},{"damage":0.0,"enemies":"Small Slimes","floor":3.0,"turns":2.0},{"damage":7.0,"enemies":"2 Louse","floor":5.0,"turns":2.0},{"damage":29.0,"enemies":"Lagavulin","floor":6.0,"turns":6.0},{"damage":0.0,"enemies":"Red Slaver","floor":8.0,"turns":1.0},{"damage":0.0,"enemies":"Exordium Wildlife","floor":10.0,"turns":2.0},{"damage":5.0,"enemies":"3 Sentries","floor":12.0,"turns":3.0},{"damage":1.0,"enemies":"Exordium Thugs","floor":14.0,"turns":3.0},{"damage":8.0,"enemies":"Hexaghost","floor":16.0,"turns":6.0},{"damage":10.0,"enemies":"Chosen","floor":18.0,"turns":3.0},{"damage":0.0,"enemies":"Spheric Guardian","floor":20.0,"turns":3.0},{"damage":10.0,"enemies":"Snake Plant","floor":22.0,"turns":2.0},{"damage":8.0,"enemies":"3 Cultists","floor":23.0,"turns":4.0},{"damage":4.0,"enemies":"Centurion and Healer","floor":27.0,"turns":5.0},{"damage":27.0,"enemies":"Cultist and Chosen","floor":28.0,"turns":6.0},{"damage":36.0,"enemies":"Gremlin Leader","floor":30.0,"turns":5.0},{"damage":29.0,"enemies":"Collector","floor":33.0,"turns":8.0},{"damage":20.0,"enemies":"Orb Walker","floor":35.0,"turns":2.0},{"damage":31.0,"enemies":"3 Darklings","floor":36.0,"turns":3.0},{"damage":28.0,"enemies":"Reptomancer","floor":40.0,"turns":4.0},{"damage":0.0,"enemies":"Spire Growth","floor":41.0,"turns":1.0},{"damage":5.0,"enemies":"4 Shapes","floor":44.0,"turns":3.0},{"damage":55,"enemies":"Transient","floor":47,"turns":5},{"damage":35,"enemies":"Giant Head","floor":48,"turns":7}],"seed_played":"-8355943655937949835","potions_obtained":[{"floor":6.0,"key":"DuplicationPotion"},{"floor":10.0,"key":"LiquidMemories"},{"floor":14.0,"key":"Strength Potion"},{"floor":27.0,"key":"EssenceOfSteel"},{"floor":28.0,"key":"SkillPotion"},{"floor":40.0,"key":"DistilledChaos"},{"floor":41.0,"key":"ats:Emergency Sanity Potion"}],"is_trial":false,"path_per_floor":["M","$","M","T","M","E","R","M","T","M","R","E","R","M","R","B",null,"M","?","M","?","M","M","R","$","T","M","M","R","E","?","R","B",null,"M","M","?","T","?","E","M","R","T","M","?","$","M","E"],"character_chosen":"DOCTOR_CLASS","items_purchased":["ats:Thorns","AT_ChloranthyRing","AT_MibuBalloonWealth","ats:True Silver Slash","ats:Hidden Killer","ClockworkSouvenir","Pear","ats:Counter Healing Mode+1","ats:Cat Scratch+1"],"campfire_rested":1,"item_purchase_floors":[2,25,25,25,46,46,46,46,46],"current_hp_per_floor":[72,72,72,72,65,38,38,38,38,39,39,35,35,34,55,51,72,63,50,51,51,41,34,34,34,41,38,38,38,13,41,41,14,84,64,33,33,33,73,46,46,46,46,42,42,52,15,0,0],"gold":523,"neow_bonus":"ONE_RANDOM_RARE_CARD","is_daily":false,"chose_seed":false,"campfire_upgraded":7,"win_rate":0.0,"timestamp":1610983569,"path_taken":["M","$","?","?","M","E","R","M","T","M","R","E","R","M","R","BOSS","M","?","M","?","M","M","R","$","T","?","M","R","E","?","R","BOSS","M","M","?","?","?","E","M","R","T","M","?","$","?","E"],"items_purchased_type":["Card","Relic","Relic","Card","Relic","Relic","Relic","Card","Card"],"build_version":"2020-12-22","purchased_purges":1,"victory":false,"max_hp_per_floor":[72,72,72,72,72,72,72,72,72,72,72,72,72,72,72,72,72,72,77,77,77,77,77,77,77,84,84,84,84,84,84,84,84,84,84,84,84,84,73,73,73,73,73,73,73,83,83,83,83],"card_choices":[{"not_picked":["ats:Poison Spread","ats:Curse Doll"],"picked":"ats:Neurotoxin","floor":1.0},{"not_picked":["ats:Shell Defense","ats:Closed Bolt Burst Fire"],"picked":"ats:Explosion Area Strengthen","floor":3.0},{"not_picked":["ats:Cat Scratch","ats:Childhood Dance","ats:Leaping Hammer"],"picked":"SKIP","floor":5.0},{"not_picked":["ats:Sunburst","ats:Cat Scratch"],"picked":"ats:Wolf Pack","floor":6.0},{"not_picked":["ats:Assault Order","ats:Apocalypse"],"picked":"ats:Powerful Strike","floor":8.0},{"not_picked":["ats:Childhood Dance","ats:Hammer On","ats:Shadow Raid"],"picked":"ats:Overload","floor":10.0},{"not_picked":["ats:Ignite","ats:Ambush","ats:Support Order"],"picked":"ats:Flexible Camouflage","floor":14.0},{"not_picked":["ats:Durian","ats:Calcification","ats:True Silver Slash"],"picked":"ats:Dogmatic Field","floor":16.0},{"not_picked":["ats:Consecutive Shot Auto","ats:Composite Medical Shells","ats:Flexible Camouflage"],"picked":"ats:Curse Doll+1","floor":18.0},{"not_picked":["ats:Apocalypse+1","ats:Childhood Dance","ats:Powerful Strike"],"picked":"ats:Support Order+1","floor":20.0},{"not_picked":["ats:Wolf Pack","ats:Magnetic Hammer","ats:Directed Diagnosis"],"picked":"ats:Red Shift+1","floor":22.0},{"not_picked":["ats:Leaping Hammer","ats:Red Shift+1","ats:Ignite","ats:Poison Spread"],"picked":"SKIP","floor":23.0},{"not_picked":["ats:Red Shift","ats:Overload+1","ats:Flame Of Heaven"],"picked":"ats:Thermite Blade+1","floor":27.0},{"not_picked":["ats:Curse Doll+1","ats:Hammer On","ats:Closed Bolt Burst Fire"],"picked":"ats:Hook Shot+1","floor":28.0},{"not_picked":["ats:Beaten Up","ats:Ignite","ats:Consecutive Shot Auto","ats:Flame Of Heaven+1"],"picked":"SKIP","floor":30.0},{"not_picked":["ats:Soul Rend","ats:Fractured Body","ats:Volcano"],"picked":"ats:Nebulous Foxfire","floor":33.0},{"not_picked":["ats:Ignite","ats:Poison Spread+1","ats:Revitalization"],"picked":"ats:Childhood Dance+1","floor":35.0},{"not_picked":["ats:Cat Scratch","ats:Rat Pack","ats:Spore Proliferation+1"],"picked":"ats:Consecutive Shot Auto+1","floor":36.0},{"not_picked":["ats:Overload+1","ats:Hammer On+1","ats:Thorns"],"picked":"ats:Leaping Hammer+1","floor":40.0},{"not_picked":["ats:Directed Diagnosis","ats:Hammer On+1","ats:Revitalization"],"picked":"ats:Shell Defense+1","floor":41.0},{"not_picked":["ats:Steam Pump","ats:Consecutive Shot Auto+1","ats:Explosion Area Strengthen+1","ats:Hammer On+1"],"picked":"SKIP","floor":44.0},{"not_picked":["ats:Consecutive Shot Auto+1","ats:Powerful Strike+1","ats:Rapid Magazine+1"],"picked":"ats:Encircling Forest+1","floor":47}],"player_experience":677680,"relics_obtained":[{"floor":1.0,"key":"LetterFromLob"},{"floor":4.0,"key":"MawBank"},{"floor":6.0,"key":"ats:Originium"},{"floor":6.0,"key":"Lantern"},{"floor":9.0,"key":"Question Card"},{"floor":26.0,"key":"Strawberry"},{"floor":30.0,"key":"ats:Originium"},{"floor":30.0,"key":"AT_BellDemon"},{"floor":35.0,"key":"InkBottle"},{"floor":36.0,"key":"Bottled Lightning"},{"floor":38.0,"key":"Molten Egg 2"},{"floor":40.0,"key":"ats:Originium"},{"floor":40.0,"key":"Du-Vu Doll"},{"floor":41.0,"key":"ats:Rhine Circuitry"},{"floor":43.0,"key":"Meat on the Bone"},{"floor":44.0,"key":"Frozen Egg 2"}],"event_choices":[{"damage_healed":0.0,"max_hp_gain":5.0,"max_hp_loss":0.0,"gold_gain":0.0,"event_name":"Forgotten Altar","player_choice":"Shed Blood","floor":19.0,"gold_loss":0.0,"damage_taken":18.0},{"cards_removed":["ats:Strike V"],"damage_healed":0.0,"max_hp_gain":0.0,"max_hp_loss":0.0,"gold_gain":0.0,"event_name":"Purifier","player_choice":"Purged","floor":21.0,"gold_loss":0.0,"damage_taken":0.0},{"damage_healed":28.0,"max_hp_gain":0.0,"max_hp_loss":0.0,"gold_gain":0.0,"event_name":"The Library","player_choice":"Heal","floor":31.0,"gold_loss":0.0,"damage_taken":0.0},{"cards_removed":["ats:Defend"],"damage_healed":0.0,"max_hp_gain":0.0,"max_hp_loss":0.0,"gold_gain":0.0,"event_name":"Falling","player_choice":"Removed Skill","floor":37.0,"gold_loss":0.0,"damage_taken":0.0},{"damage_healed":73.0,"max_hp_gain":0.0,"max_hp_loss":11.0,"gold_gain":0.0,"event_name":"The Moai Head","player_choice":"Heal","floor":39.0,"gold_loss":0.0,"damage_taken":0.0},{"damage_healed":0.0,"max_hp_gain":0.0,"max_hp_loss":0.0,"gold_gain":0.0,"event_name":"SecretPortal","player_choice":"Ignored","floor":45.0,"gold_loss":0.0,"damage_taken":0.0}],"is_beta":false,"boss_relics":[{"not_picked":["Calling Bell","Runic Pyramid"],"picked":"RedLine:ReiMu"},{"not_picked":["ats:Tactical Delivery","Tiny House"],"picked":"AT_MortalBlade"}],"items_purged_floors":[46],"is_endless":false,"potions_floor_spawned":[6,10,12,14,20,27,28,40,41],"killed_by":"Giant Head","ascension_level":0}}