{"host":"2t0ddmgeopc3yqug","time":1610961037,"event":{"mods":["AchievementEnabler","BaseMod","Colored Map","Colored Powertips","Hermit","Marisa£¨Ùöéë¡¡Øª×âÞÞ£©","Minty Spire (QoL Compilation)","Rare Cards Sparkle","StSLib","SuperFastMode","The Servant 0.9.4","everything is the same but u backflip on backflip"],"gold_per_floor":[117,117,42,57,71,103,115,128,128,143,143,65,65,84,84,84,84],"floor_reached":16,"language":"KOR","playtime":615,"items_purged":["Defend_G"],"score":114,"play_id":"9899d49e-46ec-4e52-8f3a-8972c6cbfb49","local_time":"20210118181037","is_ascension_mode":true,"campfire_choices":[{"floor":13.0,"key":"REST"},{"floor":15.0,"key":"REST"}],"circlet_count":0,"master_deck":["Strike_G","Strike_G","Strike_G","Strike_G","Strike_G","Defend_G","Defend_G","Defend_G","Survivor","Neutralize","Tactician","Bullet Time","Acrobatics","Injury","Tactician","Grand Finale"],"relics":["Ring of the Snake","NeowsBlessing","Happy Flower","Kunai","Golden Idol"],"acts_visited":["Exordium"],"potions_floor_usage":[16],"damage_taken":[{"damage":0.0,"enemies":"2 Louse","floor":1.0,"turns":1.0},{"damage":0.0,"enemies":"Cultist","floor":4.0,"turns":1.0},{"damage":0.0,"enemies":"Small Slimes","floor":5.0,"turns":1.0},{"damage":27.0,"enemies":"3 Sentries","floor":6.0,"turns":12.0},{"damage":3.0,"enemies":"Looter","floor":7.0,"turns":3.0},{"damage":17.0,"enemies":"3 Louse","floor":8.0,"turns":3.0},{"damage":7.0,"enemies":"Large Slime","floor":10.0,"turns":6.0},{"damage":0.0,"enemies":"Looter","floor":14.0,"turns":4.0},{"damage":68,"enemies":"Slime Boss","floor":16,"turns":10}],"seed_played":"-8500026399741673395","potions_obtained":[{"floor":5.0,"key":"Poison Potion"},{"floor":6.0,"key":"SteroidPotion"},{"floor":7.0,"key":"Dexterity Potion"}],"is_trial":false,"path_per_floor":["M","?","$","M","M","E","M","M","T","M","?","$","R","M","R","B"],"character_chosen":"THE_SILENT","items_purchased":["Tactician"],"campfire_rested":2,"item_purchase_floors":[12],"current_hp_per_floor":[70,70,70,70,70,43,40,23,23,16,16,16,37,37,58,0,0],"gold":84,"neow_bonus":"THREE_ENEMY_KILL","is_daily":false,"chose_seed":false,"campfire_upgraded":0,"win_rate":0.0,"timestamp":1610961037,"path_taken":["M","?","?","M","?","E","M","M","T","M","?","$","R","M","R","BOSS"],"items_purchased_type":["Card"],"build_version":"2020-12-22","purchased_purges":1,"victory":false,"max_hp_per_floor":[70,70,70,70,70,70,70,70,70,70,70,70,70,70,70,70,70],"card_choices":[{"not_picked":["Dodge and Roll","Reflex","Bane"],"picked":"SKIP","floor":1.0},{"not_picked":["Prepared","Setup","Flying Knee"],"picked":"SKIP","floor":4.0},{"not_picked":["Poisoned Stab","Setup"],"picked":"Tactician","floor":5.0},{"not_picked":["Endless Agony","Acrobatics"],"picked":"Bullet Time","floor":6.0},{"not_picked":["Blade Dance","Backflip","Heel Hook"],"picked":"SKIP","floor":7.0},{"not_picked":["Riddle With Holes","Flying Knee"],"picked":"Acrobatics","floor":8.0},{"not_picked":["Flying Knee","Sucker Punch","Deadly Poison"],"picked":"SKIP","floor":10.0},{"not_picked":["Backflip","Bane"],"picked":"Grand Finale","floor":14.0}],"player_experience":87730,"relics_obtained":[{"floor":6.0,"key":"Happy Flower"},{"floor":9.0,"key":"Kunai"}],"event_choices":[{"cards_removed":["Defend_G"],"damage_healed":0.0,"max_hp_gain":0.0,"max_hp_loss":0.0,"gold_gain":0.0,"event_name":"Bonfire Elementals","player_choice":"Offered Basic","floor":2.0,"gold_loss":0.0,"damage_taken":0.0},{"damage_healed":0.0,"max_hp_gain":0.0,"max_hp_loss":0.0,"gold_gain":0.0,"event_name":"Golden Idol","player_choice":"Take Wound","floor":11.0,"gold_loss":0.0,"damage_taken":0.0,"relics_obtained":["Golden Idol"],"cards_obtained":["Injury"]}],"is_beta":false,"boss_relics":[],"items_purged_floors":[3],"is_endless":false,"potions_floor_spawned":[5,6,7],"killed_by":"Slime Boss","ascension_level":2}}