{"host":"q9718omregw4er46","time":1610998640,"event":{"mods":["BaseMod","Bestiary","Colored Powertips","Minty Spire (QoL Compilation)","Quick Restart","Relic Stats"],"gold_per_floor":[116,174,174,40,52,87,99,128,128,140,151,163,189,189,189,279,279,299,323,40,40,54,89,89,133,213,228,228,228],"floor_reached":28,"language":"ENG","playtime":1793,"items_purged":[],"score":610,"play_id":"15c8b880-03c2-47ac-95de-002ecf2229ca","local_time":"20210119003720","is_ascension_mode":true,"campfire_choices":[{"floor":15,"key":"REST"},{"floor":24,"key":"REST"}],"circlet_count":0,"master_deck":["AscendersBane","Strike_P","Strike_P","Strike_P","Strike_P","Defend_P","Defend_P","Defend_P","Defend_P","Eruption","Vigilance","ReachHeaven","Scrawl","Consecrate","EmptyFist","Meditate","FlurryOfBlows","TalkToTheHand","Omniscience","FlurryOfBlows","BowlingBash+1","MentalFortress"],"relics":["PureWater","NeowsBlessing","Question Card","InkBottle","TeardropLocket","Singing Bowl","CaptainsWheel","Golden Idol","VioletLotus","Molten Egg 2","Enchiridion","Lantern","Oddly Smooth Stone","Pantograph"],"acts_visited":["Exordium","TheCity"],"potions_floor_usage":[10,13,16,23,27],"damage_taken":[{"damage":0,"enemies":"Small Slimes","floor":1,"turns":2},{"damage":0,"enemies":"2 Louse","floor":5,"turns":1},{"damage":0,"enemies":"Gremlin Nob","floor":6,"turns":1},{"damage":2,"enemies":"Jaw Worm","floor":7,"turns":3},{"damage":12,"enemies":"Lagavulin","floor":8,"turns":7},{"damage":2,"enemies":"Exordium Wildlife","floor":10,"turns":4},{"damage":16,"enemies":"Exordium Thugs","floor":11,"turns":4},{"damage":0,"enemies":"Blue Slaver","floor":12,"turns":2},{"damage":2,"enemies":"3 Sentries","floor":13,"turns":4},{"damage":18,"enemies":"Hexaghost","floor":16,"turns":7},{"damage":4,"enemies":"3 Byrds","floor":18,"turns":5},{"damage":18,"enemies":"2 Thieves","floor":19,"turns":4},{"damage":0,"enemies":"Cultist and Chosen","floor":22,"turns":2},{"damage":1,"enemies":"Slavers","floor":23,"turns":4},{"damage":23,"enemies":"Book of Stabbing","floor":25,"turns":4},{"damage":14,"enemies":"Snake Plant","floor":27,"turns":4},{"damage":5,"enemies":"Centurion and Healer","floor":28,"turns":1}],"seed_played":"-1303536978234085995","potions_obtained":[{"floor":5,"key":"Fruit Juice"},{"floor":7,"key":"Strength Potion"},{"floor":10,"key":"FearPotion"},{"floor":13,"key":"Explosive Potion"},{"floor":16,"key":"Energy Potion"},{"floor":19,"key":"Ambrosia"},{"floor":25,"key":"EssenceOfSteel"}],"is_trial":false,"path_per_floor":["M","?","?","$","M","E","M","E","T","M","M","M","E","?","R","B",null,"M","M","$","?","M","E","R","E","T","M","M"],"character_chosen":"WATCHER","items_purchased":["Scrawl","Consecrate","Molten Egg 2"],"campfire_rested":2,"item_purchase_floors":[4,4,20],"current_hp_per_floor":[61,61,35,35,35,35,33,21,21,26,10,12,12,12,33,15,58,56,38,38,17,17,18,40,17,17,5,0,0],"gold":228,"neow_bonus":"THREE_ENEMY_KILL","is_daily":false,"chose_seed":false,"campfire_upgraded":0,"win_rate":0.0,"timestamp":1610998640,"path_taken":["M","?","?","?","M","E","M","E","T","M","?","M","E","?","R","BOSS","M","M","$","?","M","E","R","E","T","M","M"],"items_purchased_type":["Card","Card","Relic"],"build_version":"2020-12-22","purchased_purges":0,"victory":false,"max_hp_per_floor":[68,68,68,68,68,68,68,68,68,75,75,77,79,72,72,72,72,74,74,74,74,74,76,76,76,76,78,78,78],"relic_stats":{"Singing Bowl":12,"counters":[17,59],"Golden Idol":49,"Pantograph":0,"VioletLotus":[11],"Question Card":15,"obtain_stats":[{"Lantern":23,"NeowsBlessing":0,"Singing Bowl":9,"Golden Idol":14,"Enchiridion":21,"Oddly Smooth Stone":25,"TeardropLocket":8,"Question Card":3,"CaptainsWheel":13,"Pantograph":26,"Molten Egg 2":20,"VioletLotus":17,"PureWater":0,"InkBottle":6},{"Lantern":14,"NeowsBlessing":0,"Singing Bowl":5,"Golden Idol":9,"Enchiridion":12,"Oddly Smooth Stone":15,"TeardropLocket":5,"Question Card":1,"CaptainsWheel":9,"Pantograph":15,"Molten Egg 2":12,"VioletLotus":10,"PureWater":0,"InkBottle":3},{"Lantern":50,"NeowsBlessing":0,"Singing Bowl":14,"Golden Idol":28,"Enchiridion":44,"Oddly Smooth Stone":54,"TeardropLocket":14,"Question Card":2,"CaptainsWheel":28,"Pantograph":54,"Molten Egg 2":44,"VioletLotus":35,"PureWater":0,"InkBottle":4}],"InkBottle":[24]},"card_choices":[{"not_picked":["Consecrate","Crescendo"],"picked":"ReachHeaven","floor":1},{"not_picked":["Prostrate","WaveOfTheHand","PathToVictory"],"picked":"EmptyFist","floor":5},{"not_picked":["Halt","Crescendo","Vengeance"],"picked":"Meditate","floor":6},{"not_picked":["SashWhip","JustLucky","EmptyFist","SpiritShield"],"picked":"SKIP","floor":7},{"not_picked":["FearNoEvil","Consecrate","EmptyBody"],"picked":"FlurryOfBlows","floor":8},{"not_picked":["JustLucky","SashWhip","Crescendo","CarveReality"],"picked":"Singing Bowl","floor":10},{"not_picked":["Swivel","EmptyFist","WreathOfFlame"],"picked":"TalkToTheHand","floor":11},{"not_picked":["Weave","Evaluate","Protect","WreathOfFlame"],"picked":"Singing Bowl","floor":12},{"not_picked":["ClearTheMind","ThirdEye","Alpha","Evaluate"],"picked":"Singing Bowl","floor":13},{"not_picked":["Vault","Alpha","Wish"],"picked":"Omniscience","floor":16},{"not_picked":["Prostrate","Evaluate","Protect","ForeignInfluence"],"picked":"Singing Bowl","floor":18},{"not_picked":["Worship+1","JustLucky","Halt+1"],"picked":"FlurryOfBlows","floor":19},{"not_picked":["Protect","Worship","Collect+1"],"picked":"BowlingBash+1","floor":22},{"not_picked":["Consecrate+1","EmptyBody","Indignation","Protect+1"],"picked":"Singing Bowl","floor":23},{"not_picked":["ThirdEye","PathToVictory","BowlingBash+1"],"picked":"MentalFortress","floor":25},{"not_picked":["Nirvana+1","MasterReality","Crescendo","PathToVictory"],"picked":"Singing Bowl","floor":27}],"player_experience":1221681,"relics_obtained":[{"floor":6,"key":"InkBottle"},{"floor":8,"key":"TeardropLocket"},{"floor":9,"key":"Singing Bowl"},{"floor":13,"key":"CaptainsWheel"},{"floor":21,"key":"Enchiridion"},{"floor":23,"key":"Lantern"},{"floor":25,"key":"Oddly Smooth Stone"},{"floor":26,"key":"Pantograph"}],"event_choices":[{"damage_healed":0,"gold_gain":58,"player_choice":"Gained Gold","damage_taken":0,"max_hp_gain":0,"max_hp_loss":0,"event_name":"Golden Wing","floor":2,"gold_loss":0},{"damage_healed":0,"gold_gain":0,"player_choice":"Success","damage_taken":26,"relics_obtained":["Question Card"],"max_hp_gain":0,"max_hp_loss":0,"event_name":"Scrap Ooze","floor":3,"gold_loss":0},{"damage_healed":0,"gold_gain":0,"player_choice":"Lose Max HP","damage_taken":0,"relics_obtained":["Golden Idol"],"max_hp_gain":0,"max_hp_loss":7,"event_name":"Golden Idol","floor":14,"gold_loss":0},{"damage_healed":0,"gold_gain":0,"player_choice":"Obtained Book","damage_taken":21,"max_hp_gain":0,"max_hp_loss":0,"event_name":"Cursed Tome","floor":21,"gold_loss":0}],"is_beta":false,"boss_relics":[{"not_picked":["Busted Crown","Calling Bell"],"picked":"VioletLotus"}],"items_purged_floors":[],"is_endless":false,"potions_floor_spawned":[5,7,10,13,16,19,25],"killed_by":"Centurion and Healer","ascension_level":20}}