{"host":"ygfasg9u7olr7skw","time":1610973971,"event":{"mods":["AchievementEnabler","BaseMod","Better Note","Better Vampires","Colored Powertips","Minty Spire (QoL Compilation)","Replay The Spire","Spicy Shops","StSLib","The IronCluck"],"gold_per_floor":[110,110,38,58,133,167,167,167,214,10,10,25,57,77,77,182,182,196,216,116,116,135,135,135,147,147,22,22,35,35,45,5,5,5],"floor_reached":33,"language":"ENG","playtime":1784,"items_purged":["Strike_G","Strike_G","Strike_G"],"score":268,"play_id":"57482f31-9304-4030-8cf1-2538b673bc23","local_time":"20210118074611","is_ascension_mode":true,"campfire_choices":[{"floor":8,"key":"REST"},{"data":"Draining Mist","floor":11,"key":"SMITH"},{"floor":15,"key":"REST"},{"floor":24,"key":"RECALL"},{"floor":28,"key":"REST"},{"data":"Toxin Wave","floor":30,"key":"SMITH"}],"circlet_count":0,"master_deck":["Defend_G","Defend_G","Defend_G","Defend_G","Defend_G","Survivor","Neutralize","Bullet Time","Poisoned Stab+1","Draining Mist+1","Toxin Wave+1","Bane+1"],"relics":["Ring of the Snake","Bronze Scales","ReplayTheSpireMod:ShopPack","PreservedInsect","Pantograph"],"acts_visited":["Exordium","TheCity"],"potions_floor_usage":[6,18,25,33,33,33,33],"damage_taken":[{"damage":0,"enemies":"Jaw Worm","floor":1,"turns":5},{"damage":0,"enemies":"Small Slimes","floor":4,"turns":2},{"damage":21,"enemies":"Lagavulin","floor":6,"turns":7},{"damage":0,"enemies":"Cultist","floor":12,"turns":3},{"damage":5,"enemies":"Gremlin Nob","floor":13,"turns":4},{"damage":2,"enemies":"Exordium Thugs","floor":14,"turns":4},{"damage":3,"enemies":"Hexaghost","floor":16,"turns":9},{"damage":7,"enemies":"3 Byrds","floor":18,"turns":4},{"damage":0,"enemies":"Shell Parasite","floor":19,"turns":4},{"damage":0,"enemies":"Snake Plant","floor":22,"turns":3},{"damage":8,"enemies":"Snecko","floor":25,"turns":5},{"damage":4,"enemies":"Shelled Parasite and Fungi","floor":29,"turns":6},{"damage":0,"enemies":"Chosen and Byrds","floor":31,"turns":4},{"damage":83,"enemies":"Automaton","floor":33,"turns":12}],"seed_played":"8190605150558355022","potions_obtained":[{"floor":4,"key":"PowerPotion"},{"floor":12,"key":"DuplicationPotion"},{"floor":14,"key":"EntropicBrew"},{"floor":16,"key":"ColorlessPotion"},{"floor":18,"key":"SteroidPotion"},{"floor":25,"key":"SneckoOil"},{"floor":29,"key":"BlessingOfTheForge"}],"is_trial":false,"path_per_floor":["M","?","$","M","?","E","?","R","T","$","R","M","E","M","R","B",null,"M","M","$","?","M","?","R","M","T","$","R","M","R","M","R","B"],"character_chosen":"THE_SILENT","items_purchased":["Poisoned Stab","ReplayTheSpireMod:ShopPack"],"campfire_rested":3,"item_purchase_floors":[3,10],"current_hp_per_floor":[70,70,70,70,59,38,38,59,59,59,59,59,54,52,70,67,70,63,63,63,63,63,63,63,55,55,55,70,66,66,66,66,0,0],"gold":5,"neow_bonus":"ONE_RANDOM_RARE_CARD","is_daily":false,"chose_seed":false,"campfire_upgraded":2,"win_rate":0.0,"timestamp":1610973971,"path_taken":["M","?","$","M","?","E","?","R","T","$","R","?","E","M","R","BOSS","M","M","$","?","?","?","R","?","T","?","R","M","R","M","R","BOSS"],"items_purchased_type":["Card","Relic"],"build_version":"2020-12-22","purchased_purges":3,"victory":false,"max_hp_per_floor":[70,70,70,70,70,70,70,70,70,70,70,70,70,70,70,70,70,70,70,70,70,70,70,70,70,70,70,70,70,70,70,70,70,70],"card_choices":[{"not_picked":["Cloak And Dagger","Bane","ReplayTheSpireMod:The Works"],"picked":"SKIP","floor":1},{"not_picked":["Blade Dance","Hidden Blade","Infinite Blades"],"picked":"SKIP","floor":4},{"not_picked":["Predator","Dodge and Roll"],"picked":"Draining Mist","floor":6},{"not_picked":["ReplayTheSpireMod:The Works","Bullet Time","Leg Sweep"],"picked":"SKIP","floor":12},{"not_picked":["Deflect","Leg Sweep","Backflip"],"picked":"SKIP","floor":13},{"not_picked":["Concentrate","Blade Dance","Hidden Blade"],"picked":"SKIP","floor":14},{"not_picked":["Dagger Throw+1","Reflex+1","All Out Attack"],"picked":"SKIP","floor":18},{"not_picked":["Bane","Fluid Movement+1"],"picked":"Toxin Wave","floor":19},{"not_picked":["PiercingWail+1","Blade Dance","Reflex"],"picked":"SKIP","floor":22},{"not_picked":["Deflect","Escape Plan","Blade Dance"],"picked":"SKIP","floor":25},{"not_picked":["Poisoned Stab","Outmaneuver"],"picked":"Bane","floor":29},{"not_picked":["ReplayTheSpireMod:From All Sides","Choke","Hidden Blade"],"picked":"SKIP","floor":31}],"player_experience":339514,"relics_obtained":[{"floor":6,"key":"Bronze Scales"},{"floor":13,"key":"PreservedInsect"},{"floor":26,"key":"Pantograph"}],"event_choices":[{"cards_removed":["Strike_G"],"damage_healed":0,"gold_gain":0,"player_choice":"Forget","damage_taken":0,"max_hp_gain":0,"max_hp_loss":0,"event_name":"Living Wall","floor":2,"gold_loss":0},{"damage_healed":0,"gold_gain":75,"player_choice":"Gather Gold","damage_taken":11,"max_hp_gain":0,"max_hp_loss":0,"event_name":"World of Goop","floor":5,"gold_loss":0},{"damage_healed":0,"gold_gain":0,"player_choice":"Upgraded","damage_taken":0,"max_hp_gain":0,"max_hp_loss":0,"event_name":"Upgrade Shrine","floor":7,"gold_loss":0,"cards_upgraded":["Poisoned Stab"]},{"cards_removed":["Strike_G"],"damage_healed":0,"gold_gain":0,"player_choice":"Purged","damage_taken":0,"max_hp_gain":0,"max_hp_loss":0,"event_name":"Purifier","floor":21,"gold_loss":0},{"damage_healed":0,"gold_gain":0,"player_choice":"Got Potions","damage_taken":0,"max_hp_gain":0,"max_hp_loss":0,"event_name":"Lab","floor":23,"gold_loss":0},{"damage_healed":0,"gold_gain":0,"player_choice":"Upgrade","damage_taken":0,"max_hp_gain":0,"max_hp_loss":0,"event_name":"Designer","floor":32,"gold_loss":40,"cards_upgraded":["Bane"]}],"is_beta":false,"boss_relics":[{"not_picked":["Ring of Chaos","Runic Pyramid","Ectoplasm"]}],"items_purged_floors":[10,20,27],"is_endless":false,"potions_floor_spawned":[4,12,14,16,18,25,29],"killed_by":"Automaton","ascension_level":1}}