{"host":"bq4pt811tk9yrmjl","time":1610929333,"event":{"mods":["AchievementEnabler","BaseMod","Colored Map","Colored Powertips","Defuse TimeMaze Blight","Hermit","Minty Spire (QoL Compilation)","StSLib","SuperFastMode"],"gold_per_floor":[116,116,116,133,133,133,167,179,250,270,287,322,322,322,322,420,420,432,432,432,432,50,50,81,97,120,120,145,145,177,191,191,288,288,306,160,14,27,46,46,46,46,46,46,94,94,113,130,130,130,130,130,29,56,56,56],"floor_reached":55,"language":"ENG","playtime":1037,"items_purged":["Writhe"],"score":794,"play_id":"40eedff3-6241-42db-a05e-2151e6091018","local_time":"20210117222213","is_ascension_mode":true,"campfire_choices":[{"data":"Infinite Blades","floor":6.0,"key":"SMITH"},{"floor":13.0,"key":"RECALL"},{"data":"Blade Dance","floor":15.0,"key":"SMITH"},{"data":"Envenom","floor":23.0,"key":"SMITH"},{"data":"Survivor","floor":27.0,"key":"SMITH"},{"data":"Slice","floor":29.0,"key":"SMITH"},{"data":"Slice","floor":32,"key":"SMITH"},{"data":"A Thousand Cuts","floor":40,"key":"SMITH"},{"data":"Slice","floor":44,"key":"SMITH"},{"floor":46,"key":"REST"},{"data":"Cloak And Dagger","floor":49,"key":"SMITH"},{"floor":52,"key":"REST"}],"circlet_count":0,"master_deck":["Strike_G+1","Strike_G+1","Strike_G+1","Strike_G+1","Defend_G+1","Defend_G+1","Defend_G+1","Defend_G+1","Defend_G+1","Survivor+1","Neutralize+1","Slice+1","Infinite Blades+1","Blade Dance+1","Slice+1","Envenom+1","Slice+1","A Thousand Cuts+1","Writhe","Dodge and Roll+1","Cloak And Dagger+1","Clash+1"],"relics":["Ring of the Snake","NeowsBlessing","Lantern","Ornamental Fan","WingedGreaves","WristBlade","Dream Catcher","PreservedInsect","Oddly Smooth Stone","Incense Burner","Ancient Tea Set","Bag of Marbles","Regal Pillow","Potion Belt","PrismaticShard","Bottled Tornado","Ice Cream","Sundial"],"acts_visited":["Exordium","TheCity","TheBeyond","TheEnding"],"potions_floor_usage":[39,50,50,55,55,55],"damage_taken":[{"damage":0.0,"enemies":"2 Louse","floor":1.0,"turns":1.0},{"damage":0.0,"enemies":"Cultist","floor":4.0,"turns":1.0},{"damage":0.0,"enemies":"Gremlin Nob","floor":7.0,"turns":1.0},{"damage":1.0,"enemies":"Jaw Worm","floor":8.0,"turns":3.0},{"damage":0.0,"enemies":"Lots of Slimes","floor":10.0,"turns":4.0},{"damage":1.0,"enemies":"2 Fungi Beasts","floor":11.0,"turns":3.0},{"damage":6.0,"enemies":"Lagavulin","floor":12.0,"turns":6.0},{"damage":25.0,"enemies":"Slime Boss","floor":16.0,"turns":12.0},{"damage":0.0,"enemies":"3 Byrds","floor":18.0,"turns":5.0},{"damage":2.0,"enemies":"Slavers","floor":24.0,"turns":4.0},{"damage":0.0,"enemies":"Spheric Guardian","floor":25.0,"turns":1.0},{"damage":0.0,"enemies":"Book of Stabbing","floor":28.0,"turns":3.0},{"damage":0.0,"enemies":"Gremlin Leader","floor":30.0,"turns":3.0},{"damage":0,"enemies":"Snake Plant","floor":31,"turns":4},{"damage":32,"enemies":"Champ","floor":33,"turns":9},{"damage":19,"enemies":"3 Darklings","floor":35,"turns":4},{"damage":1,"enemies":"Orb Walker","floor":38,"turns":3},{"damage":0,"enemies":"Jaw Worm Horde","floor":39,"turns":4},{"damage":27,"enemies":"2 Orb Walkers","floor":45,"turns":4},{"damage":4,"enemies":"Spire Growth","floor":47,"turns":4},{"damage":0,"enemies":"Transient","floor":48,"turns":5},{"damage":23,"enemies":"Time Eater","floor":50,"turns":12},{"damage":29,"enemies":"Shield and Spear","floor":54,"turns":4},{"damage":88,"enemies":"The Heart","floor":55,"turns":5}],"seed_played":"-1767815010742050375","potions_obtained":[{"floor":4.0,"key":"SkillPotion"},{"floor":8.0,"key":"Fire Potion"},{"floor":11.0,"key":"SpeedPotion"},{"floor":12.0,"key":"Fire Potion"},{"floor":14.0,"key":"FairyPotion"},{"floor":14.0,"key":"Block Potion"},{"floor":24.0,"key":"Energy Potion"},{"floor":28.0,"key":"GhostInAJar"},{"floor":35,"key":"GhostInAJar"},{"floor":45,"key":"DistilledChaos"},{"floor":54,"key":"SkillPotion"}],"is_trial":false,"path_per_floor":["M","?","?","M","?","R","E","M","T","M","M","E","R","?","R","B",null,"M","?","?","?","$","R","E","M","T","R","E","R","E","M","R","B",null,"M","$","$","M","M","R","?","?","T","R","?","R","M","M","R","B",null,"R","$","E","B"],"character_chosen":"THE_SILENT","items_purchased":["PreservedInsect","Oddly Smooth Stone","Potion Belt","PrismaticShard","Explosive Potion","Dexterity Potion"],"campfire_rested":2,"item_purchase_floors":[22,22,36,37,53,53],"current_hp_per_floor":[70,70,70,70,70,70,70,69,69,69,68,62,62,62,62,37,70,70,70,70,70,70,70,68,68,68,68,68,68,68,68,68,36,70,51,51,51,50,50,50,50,68,68,68,41,70,66,66,66,43,70,70,70,41,0,0],"gold":56,"neow_bonus":"THREE_ENEMY_KILL","is_daily":false,"chose_seed":false,"campfire_upgraded":9,"win_rate":0.0,"timestamp":1610929333,"path_taken":["M","?","?","?","?","R","E","M","T","M","?","E","R","?","R","BOSS","M","?","?","?","$","R","E","M","T","R","E","R","E","M","R","BOSS","M","$","$","M","M","R","?","?","T","R","?","R","?","M","R","BOSS","R","$","E","BOSS"],"items_purchased_type":["Relic","Relic","Relic","Relic","Potion","Potion"],"build_version":"2020-12-22","purchased_purges":1,"victory":false,"max_hp_per_floor":[70,70,70,70,70,70,70,70,70,70,70,70,70,70,70,70,70,70,70,70,70,70,70,70,70,70,70,70,70,70,70,70,70,70,70,70,70,70,70,70,70,70,70,70,70,70,70,70,70,70,70,70,70,70,70,70],"card_choices":[{"not_picked":["Sucker Punch","Expertise"],"picked":"Slice","floor":1.0},{"not_picked":["Underhanded Strike","Poisoned Stab"],"picked":"Infinite Blades","floor":4.0},{"not_picked":["Venomology","Quick Slash","Sucker Punch"],"picked":"SKIP","floor":7.0},{"not_picked":["Backstab","Terror"],"picked":"Blade Dance","floor":8.0},{"not_picked":["Crippling Poison","Blur","Dagger Spray"],"picked":"SKIP","floor":10.0},{"not_picked":["Flying Knee","Dodge and Roll","Calculated Gamble"],"picked":"SKIP","floor":11.0},{"not_picked":["Flechettes","Slice","Outmaneuver"],"picked":"SKIP","floor":12.0},{"not_picked":["Flechettes","Outmaneuver"],"picked":"Slice","floor":12.0},{"not_picked":["Adrenaline","Phantasmal Killer"],"picked":"Envenom","floor":16.0},{"not_picked":["Distraction","Noxious Fumes"],"picked":"Slice","floor":18.0},{"not_picked":["Masterful Stab+1","Dodge and Roll","Dagger Throw"],"picked":"SKIP","floor":24.0},{"not_picked":["PiercingWail+1","Prepared","Calculated Gamble"],"picked":"SKIP","floor":25.0},{"not_picked":["Heel Hook","Acrobatics+1","Endless Agony"],"picked":"SKIP","floor":28.0},{"not_picked":["Setup","Doppelganger","Skewer"],"picked":"SKIP","floor":30},{"not_picked":["Heel Hook","Concentrate","Poisoned Stab"],"picked":"SKIP","floor":31},{"not_picked":["Grand Finale","Malaise"],"picked":"A Thousand Cuts","floor":33},{"not_picked":["Heel Hook","Dagger Throw+1","Prepared+1"],"picked":"SKIP","floor":35},{"not_picked":["Cleave+1","hermit:CursedWeapon","hermit:Ricochet"],"picked":"SKIP","floor":38},{"not_picked":["Steam","Poisoned Stab+1","hermit:HoleUp"],"picked":"SKIP","floor":39},{"not_picked":["BowlingBash","ThirdEye"],"picked":"Dodge and Roll+1","floor":45},{"not_picked":["Skewer","MentalFortress"],"picked":"Cloak And Dagger","floor":46},{"not_picked":["The Bomb","FearNoEvil","Tempest"],"picked":"SKIP","floor":47},{"not_picked":["Force Field","Outmaneuver","hermit:Coalescence"],"picked":"SKIP","floor":48},{"not_picked":["Headbutt+1","Warcry+1"],"picked":"Clash+1","floor":52},{"not_picked":["Defragment+1","Wallop","hermit:Showdown"],"picked":"SKIP","floor":54}],"player_experience":174998,"relics_obtained":[{"floor":3.0,"key":"Lantern"},{"floor":7.0,"key":"Ornamental Fan"},{"floor":12.0,"key":"WingedGreaves"},{"floor":24.0,"key":"Incense Burner"},{"floor":26.0,"key":"Ancient Tea Set"},{"floor":28.0,"key":"Bag of Marbles"},{"floor":30,"key":"Regal Pillow"},{"floor":43,"key":"Bottled Tornado"},{"floor":45,"key":"Ice Cream"},{"floor":54,"key":"Sundial"}],"event_choices":[{"damage_healed":0.0,"max_hp_gain":0.0,"max_hp_loss":0.0,"gold_gain":0.0,"event_name":"The Cleric","player_choice":"Leave","floor":2.0,"gold_loss":0.0,"damage_taken":0.0},{"damage_healed":0.0,"max_hp_gain":0.0,"max_hp_loss":0.0,"gold_gain":0.0,"event_name":"Wheel of Change","player_choice":"Relic","floor":3.0,"gold_loss":0.0,"damage_taken":0.0},{"damage_healed":0.0,"max_hp_gain":0.0,"max_hp_loss":0.0,"gold_gain":0.0,"event_name":"Accursed Blacksmith","player_choice":"Forge","floor":5.0,"gold_loss":0.0,"damage_taken":0.0,"cards_upgraded":["Neutralize"]},{"damage_healed":0.0,"max_hp_gain":0.0,"max_hp_loss":0.0,"gold_gain":0.0,"event_name":"Lab","player_choice":"Got Potions","floor":14.0,"gold_loss":0.0,"damage_taken":0.0},{"damage_healed":0.0,"max_hp_gain":0.0,"max_hp_loss":0.0,"gold_gain":0.0,"event_name":"The Mausoleum","player_choice":"Opened","floor":19.0,"gold_loss":0.0,"damage_taken":0.0,"relics_obtained":["Dream Catcher"],"cards_obtained":["Writhe"]},{"damage_healed":0.0,"max_hp_gain":0.0,"max_hp_loss":0.0,"gold_gain":0.0,"event_name":"Vampires","player_choice":"Ignored","floor":20.0,"gold_loss":0.0,"damage_taken":0.0},{"damage_healed":0.0,"max_hp_gain":0.0,"max_hp_loss":0.0,"gold_gain":0.0,"event_name":"Back to Basics","player_choice":"Simplicity","floor":21.0,"gold_loss":0.0,"damage_taken":0.0,"cards_upgraded":["Strike_G","Strike_G","Strike_G","Strike_G","Strike_G","Defend_G","Defend_G","Defend_G","Defend_G","Defend_G"]},{"cards_removed":["Strike_G"],"damage_healed":0,"gold_gain":0,"player_choice":"Removed Attack","damage_taken":0,"max_hp_gain":0,"max_hp_loss":0,"event_name":"Falling","floor":41,"gold_loss":0},{"damage_healed":18,"gold_gain":0,"player_choice":"Writhe","damage_taken":0,"max_hp_gain":0,"max_hp_loss":0,"event_name":"Winding Halls","floor":42,"gold_loss":0,"cards_obtained":["Writhe"]},{"damage_healed":0,"gold_gain":0,"player_choice":"Fight","damage_taken":0,"max_hp_gain":0,"max_hp_loss":0,"event_name":"Mysterious Sphere","floor":45,"gold_loss":0}],"is_beta":false,"boss_relics":[{"not_picked":["Cursed Key","Busted Crown"],"picked":"WristBlade"},{"not_picked":["Runic Dome","Pandora\u0027s Box","Snecko Eye"]}],"items_purged_floors":[22],"is_endless":false,"potions_floor_spawned":[4,8,11,12,24,28,31,33,35,45,54],"killed_by":"The Heart","ascension_level":1}}