{"host":"kvq1t47bkvtg8ho9","time":1610930441,"event":{"mods":["Aspiration","Bard","BaseMod","Beaked The Cultist","Better Sensory Stone","Better Third Choice","BetterRewards","Clockwork Mod","Colored Map","Conspire","Downfall","Energized Spire","Friendly Minions","Hermit","HexUI Lib","Highlight Path","Hubris","Infinite Spire","Minty Spire (QoL Compilation)","READ ME - Guardian Mod","Relic Stats","Somnambulant","StSLib","The Bladedancer","The Bug Knight","The Cursed","The Disciple","The Forsaken","The Jungle","The Marked","The Necromancer","The Runesmith"],"gold_per_floor":[99,117,136,49,349,359,359,359,389,399,19,39,39,71,87,188,188,188,200,214,232,232,264,264,264,276,294,329,329,329,329,348,447,447,447,466,466,480,530,530,530,559,559,569,600,610,610,578,594,692,692,692,705,717,69,80,95,169,184,184,195,37,62,62,62,78,174,174,174,186,218,231,231,346,374,374,387,417,427,427,527,177,194,297,297,297,313,324,334,344,357,390,424,38,53,53,53,53,153,172,172,172,172],"floor_reached":101,"language":"ENG","playtime":11640,"items_purged":["downfall:Icky","Guardian:Strike_Guardian","Guardian:Strike_Guardian","Guardian:Defend_Guardian","Guardian:Defend_Guardian"],"score":2145,"play_id":"9d8f9630-91af-499d-8afb-d56211b5d7c8","local_time":"20210117194041","is_ascension_mode":true,"campfire_choices":[{"data":"Guardian:CurlUp","floor":1.0,"key":"SMITH"},{"data":"Guardian:BaubleBeam","floor":18.0,"key":"SMITH"},{"floor":25.0,"key":"REST"},{"floor":30.0,"key":"REST"},{"data":"Guardian:Suspension","floor":35.0,"key":"SMITH"},{"data":"Guardian:TemporalShield","floor":40.0,"key":"SMITH"},{"data":"infinitespire:Collect","floor":47.0,"key":"SMITH"},{"data":"Guardian:SphericShield","floor":52.0,"key":"SMITH"},{"data":"Guardian:DonusPower","floor":60.0,"key":"SMITH"},{"data":"hubris:InfiniteBlow","floor":69.0,"key":"SMITH"},{"data":"hubris:InfiniteBlow+1","floor":76.0,"key":"SMITH"},{"data":"infinitespire:Menacing","floor":80.0,"key":"SMITH"},{"data":"Guardian:Preprogram","floor":86.0,"key":"SMITH"},{"data":"Guardian:CompilePackage","floor":98,"key":"SMITH"}],"circlet_count":0,"master_deck":["Guardian:Strike_Guardian","Guardian:Strike_Guardian","Guardian:Defend_Guardian","Guardian:Defend_Guardian","Guardian:CurlUp+1","Guardian:TwinSlam","Guardian:PrimingBeam","Guardian:PrimingBeam","Guardian:TemporalShield+1","Guardian:Suspension+1","Guardian:RollAttack","Guardian:PiercingHide","Guardian:PiercingHide","Guardian:SphericShield+1","Guardian:CrystalBeam","Guardian:Reroute","Impatience","Guardian:BaubleBeam+1","Guardian:ArmoredProtocol+1","infinitespire:Collect","Guardian:Planning+1","Guardian:Planning+1","Guardian:StasisStrike","infinitespire:Collect+1","Guardian:PiercingHide+1","Mayhem+1","Jack Of All Trades","Guardian:AncientConstruct+1","Guardian:AncientConstruct+1","Guardian:GemFinder+1","Guardian:Incinerate+1","Guardian:Emergency","Guardian:CrystalBeam+1","Guardian:FloatingOrbs+1","Guardian:GuardianWhirl","Guardian:Recover+1","Guardian:Planning+1","Guardian:DonusPower+1","Guardian:Preprogram+1","expansioncontent:PrepareCrush","Guardian:Suspension+1","Guardian:PiercingHide+1","hubris:Fate","Guardian:PrismaticBeam","Guardian:StasisEngine+1","Runesmith:Grindstone+1","hubris:InfiniteBlow+4","Guardian:PiercingHide+1","infinitespire:Menacing+1","Guardian:RollAttack+1","Guardian:RollAttack+1","Guardian:PrismaticBeam","Guardian:TemporalStrike+1","Guardian:SpikerProtocol+1","hubris:NaturalOne","Guardian:BaubleBeam","Guardian:CompilePackage+1","Guardian:Planning+1","Parasite","Guardian:WalkerClaw+1","Guardian:PrimingBeam+1","Guardian:PrismaticBeam+1","Guardian:BaubleBeam+1","Guardian:Planning+1"],"relics":["aspiration:PoetsPen_weak","aspiration:HummingbirdHeart","hubris:Reverence","hubris:Towel","theForsaken:HumbleEgg","energizedSpire:RedRose","hubris:RunicObelisk","infinitespire:CheckeredPen","Frozen Egg 2","infinitespire:PuzzleCube","Guardian:PocketSentry","Nilry\u0027s Codex","hubris:TerracottaHorce","infinitespire:Lychee Nut","Shuriken","theForsaken:Kindling","Nunchaku","hubris:ScarierMask","ClockworkSouvenir","Anchor","Singing Bowl","infinitespire:Joker Card","beaked:SacredDeck","hubris:Icosahedron","downfall:GremlinWheel","hubris:EmptyBottle","Philosopher\u0027s Stone","DollysMirror"],"acts_visited":["Exordium","TheCity","TheBeyond","Exordium","TheCity","TheBeyond"],"potions_floor_usage":[],"damage_taken":[{"damage":1.0,"enemies":"Cultist","floor":2.0,"turns":4.0},{"damage":0.0,"enemies":"2 Louse","floor":3.0,"turns":2.0},{"damage":0.0,"enemies":"downfall:FleeingMerchant","floor":4.0,"turns":4.0},{"damage":0.0,"enemies":"Small Slimes","floor":6.0,"turns":3.0},{"damage":18.0,"enemies":"3 Sentries","floor":9.0,"turns":11.0},{"damage":4.0,"enemies":"2 Fungi Beasts","floor":10.0,"turns":2.0},{"damage":0.0,"enemies":"downfall:FleeingMerchant","floor":11.0,"turns":4.0},{"damage":0.0,"enemies":"Exordium Wildlife","floor":12.0,"turns":3.0},{"damage":0.0,"enemies":"HollowMod:MossKnight","floor":14.0,"turns":5.0},{"damage":0.0,"enemies":"Lots of Slimes","floor":15.0,"turns":1.0},{"damage":27.0,"enemies":"WA_ARCHETYPE_RETAIN","floor":16.0,"turns":9.0},{"damage":11.0,"enemies":"Shell Parasite","floor":19.0,"turns":2.0},{"damage":6.0,"enemies":"conspire:FuzzyDice","floor":20.0,"turns":6.0},{"damage":17.0,"enemies":"Snecko","floor":21.0,"turns":5.0},{"damage":6.0,"enemies":"Book of Stabbing","floor":23.0,"turns":3.0},{"damage":3.0,"enemies":"Shelled Parasite and Fungi","floor":26.0,"turns":4.0},{"damage":7.0,"enemies":"Centurion and Healer","floor":27.0,"turns":3.0},{"damage":3.0,"enemies":"Nightmare","floor":28.0,"turns":5.0},{"damage":1.0,"enemies":"Snake Plant","floor":32.0,"turns":2.0},{"damage":2.0,"enemies":"IC_MUSHROOM_ARCHETYPE","floor":33.0,"turns":5.0},{"damage":10.0,"enemies":"3 Shapes","floor":36.0,"turns":2.0},{"damage":0.0,"enemies":"3 Darklings","floor":38.0,"turns":3.0},{"damage":13.0,"enemies":"3 Darklings","floor":39.0,"turns":4.0},{"damage":1.0,"enemies":"HollowMod:StalkingDevout","floor":42.0,"turns":3.0},{"damage":2.0,"enemies":"4 Shapes","floor":44.0,"turns":3.0},{"damage":0.0,"enemies":"Reptomancer","floor":45.0,"turns":4.0},{"damage":6.0,"enemies":"Spire Growth","floor":46.0,"turns":4.0},{"damage":6.0,"enemies":"downfall:FleeingMerchant","floor":48.0,"turns":4.0},{"damage":2.0,"enemies":"Writhing Mass","floor":49.0,"turns":3.0},{"damage":29.0,"enemies":"DF_ARCHETYPE_ORBS","floor":50.0,"turns":5.0},{"damage":3.0,"enemies":"Jaw Worm","floor":53.0,"turns":2.0},{"damage":1.0,"enemies":"Cultist","floor":54.0,"turns":2.0},{"damage":1.0,"enemies":"Small Slimes","floor":56.0,"turns":2.0},{"damage":1.0,"enemies":"2 Fungi Beasts","floor":57.0,"turns":2.0},{"damage":0.0,"enemies":"Blue Slaver","floor":59.0,"turns":1.0},{"damage":0.0,"enemies":"Exordium Wildlife","floor":61.0,"turns":1.0},{"damage":0.0,"enemies":"Lagavulin","floor":63.0,"turns":3.0},{"damage":0.0,"enemies":"3 Louse","floor":66.0,"turns":2.0},{"damage":0.0,"enemies":"Slime Boss","floor":67.0,"turns":4.0},{"damage":0.0,"enemies":"Chosen","floor":70.0,"turns":2.0},{"damage":0.0,"enemies":"conspire:SneckoGhost","floor":71.0,"turns":3.0},{"damage":0.0,"enemies":"Shell Parasite","floor":72.0,"turns":2.0},{"damage":0.0,"enemies":"Chosen and Byrds","floor":74.0,"turns":1.0},{"damage":10.0,"enemies":"Nightmare","floor":75.0,"turns":4.0},{"damage":13.0,"enemies":"Cultist and Chosen","floor":77.0,"turns":2.0},{"damage":4.0,"enemies":"Gremlin Leader","floor":78.0,"turns":2.0},{"damage":0.0,"enemies":"Centurion and Healer","floor":79.0,"turns":1.0},{"damage":0.0,"enemies":"Centurion and Healer","floor":81.0,"turns":1.0},{"damage":0.0,"enemies":"Snecko","floor":83.0,"turns":1.0},{"damage":0.0,"enemies":"Champ","floor":84.0,"turns":3.0},{"damage":10.0,"enemies":"3 Shapes","floor":87.0,"turns":2.0},{"damage":0.0,"enemies":"3 Darklings","floor":88.0,"turns":1.0},{"damage":0.0,"enemies":"Jaw Worm Horde","floor":89.0,"turns":2.0},{"damage":3.0,"enemies":"Writhing Mass","floor":90.0,"turns":3.0},{"damage":1.0,"enemies":"Spire Growth","floor":91.0,"turns":4.0},{"damage":39.0,"enemies":"Nightmare","floor":92.0,"turns":4.0},{"damage":13,"enemies":"Nemesis","floor":93,"turns":5},{"damage":3,"enemies":"3 Darklings","floor":95,"turns":2},{"damage":3,"enemies":"Writhing Mass","floor":100,"turns":2},{"damage":93,"enemies":"conspire:OrnateMirror","floor":101,"turns":1}],"seed_played":"-3576609785461949233","potions_obtained":[{"floor":2.0,"key":"Weak Potion"},{"floor":10.0,"key":"Strength Potion"},{"floor":12.0,"key":"Swift Potion"},{"floor":15.0,"key":"PowerPotion"},{"floor":20.0,"key":"Guardian:BlockOnCardUsePotion"},{"floor":26.0,"key":"Fire Potion"},{"floor":33.0,"key":"Strength Potion"},{"floor":37.0,"key":"EntropicBrew"},{"floor":37.0,"key":"Guardian:BlockOnCardUsePotion"},{"floor":42.0,"key":"sneckomod:MuddlingPotion"},{"floor":49.0,"key":"Swift Potion"},{"floor":63.0,"key":"Ancient Potion"},{"floor":70.0,"key":"Dexterity Potion"},{"floor":77.0,"key":"Fruit Juice"},{"floor":79.0,"key":"Guardian:BlockOnCardUsePotion"},{"floor":88.0,"key":"SkillPotion"},{"floor":91.0,"key":"Ancient Potion"},{"floor":95,"key":"SpeedPotion"}],"is_trial":false,"path_per_floor":["R","M","M","$","?","M","T","?","E","M","$","M","?","E","M","B",null,"R","M","M","M","AVR","E","T","R","M","M","NM","?","R","?","M","B",null,"R","M","?","M","?","R","T","E","?","M","E","M","R","$","M","B",null,"R","M","M","$","M","M","T","M","R","M","$","E","?","AVR","M","B",null,"R","M","E","M","?","M","NM","R","M","E","M","R","?","$","M","B",null,"R","M","M","M","M","M","NM","E","$","M","?","?","R","?","M","B"],"character_chosen":"GUARDIAN","items_purchased":["Guardian:PrimingBeam","Guardian:TemporalShield","Guardian:SphericShield","Guardian:Gem_Cyan","Guardian:CrystalBeam","Guardian:Reroute","Impatience","Guardian:Gem_Purple","Guardian:CrystalBeam+1","Guardian:FloatingOrbs+1","Guardian:GuardianWhirl","Guardian:Recover+1","ClockworkSouvenir","Guardian:Preprogram","Anchor","expansioncontent:PrepareCrush","DistilledChaos","Guardian:Gem_Synthetic","Guardian:PrismaticBeam","hubris:EmptyBottle","Guardian:TemporalStrike+1","Guardian:SpikerProtocol+1","Guardian:Gem_White","Guardian:Gem_Purple","DollysMirror"],"campfire_rested":2,"item_purchase_floors":[4,4,11,11,11,11,11,48,48,48,48,48,55,55,55,55,55,62,82,82,82,82,94,94,94],"current_hp_per_floor":[80,79,79,79,79,79,79,79,61,57,57,57,57,57,57,30,80,80,69,63,46,46,40,40,64,61,54,51,35,59,59,58,56,74,74,64,64,64,51,51,51,55,60,58,60,55,55,55,58,33,53,53,53,55,55,57,59,59,59,59,60,60,62,62,62,62,66,66,66,66,66,66,66,68,60,60,50,56,56,56,56,56,58,67,78,78,71,74,77,79,83,47,46,46,48,48,48,91,91,88,0,0,0],"gold":172,"neow_bonus":"BOSS_RELIC","is_daily":false,"chose_seed":false,"campfire_upgraded":12,"win_rate":0.0,"timestamp":1610930441,"path_taken":["R","M","M","$","?","M","T","?","E","M","$","M","?","E","M","BOSS","R","M","M","M","AVR","E","T","R","M","M","NM","?","R","?","M","BOSS","R","M","?","?","?","R","T","E","?","M","E","M","R","?","M","BOSS","R","M","?","$","?","M","T","M","R","?","?","E","?","AVR","M","BOSS","R","M","?","?","?","M","NM","R","M","E","M","R","?","$","M","BOSS","R","M","M","?","M","M","NM","E","?","?","?","?","R","?","M","BOSS"],"items_purchased_type":["Card","Card","Card","Card","Card","Card","Card","Card","Card","Card","Card","Card","Relic","Card","Relic","Card","Potion","Card","Card","Relic","Card","Card","Card","Card","Relic"],"build_version":"2020-12-22","purchased_purges":5,"victory":false,"max_hp_per_floor":[80,80,80,80,80,80,80,80,80,80,80,80,80,80,80,80,80,80,80,80,80,80,80,80,80,80,80,80,80,80,80,80,80,80,80,80,80,80,60,60,60,60,60,60,60,60,60,60,60,60,60,60,60,60,60,60,60,60,60,60,60,60,62,62,62,62,66,66,66,66,66,66,66,68,68,68,68,75,75,75,75,75,77,81,81,81,81,81,81,81,83,83,89,89,91,91,91,91,91,91,91,91,91],"relic_stats":{"Nunchaku":[28],"Singing Bowl":26,"counters":[60,183],"Shuriken":[77],"obtain_stats":[{"Singing Bowl":58,"Nilry\u0027s Codex":29,"aspiration:PoetsPen_weak":0,"hubris:RunicObelisk":22,"hubris:EmptyBottle":82,"hubris:TerracottaHorce":34,"ClockworkSouvenir":55,"theForsaken:HumbleEgg":14,"Nunchaku":45,"hubris:Icosahedron":73,"downfall:GremlinWheel":81,"theForsaken:Kindling":42,"DollysMirror":94,"hubris:ScarierMask":51,"beaked:SacredDeck":68,"Philosopher\u0027s Stone":85,"energizedSpire:RedRose":17,"Guardian:ModeShifter":0,"infinitespire:Joker Card":65,"aspiration:HummingbirdHeart":7,"Guardian:PocketSentry":28,"infinitespire:CheckeredPen":22,"hubris:Towel":13,"Frozen Egg 2":23,"Anchor":55,"infinitespire:Lychee Nut":39,"Shuriken":41,"infinitespire:PuzzleCube":24,"hubris:Reverence":9},{"Singing Bowl":34,"Nilry\u0027s Codex":18,"aspiration:PoetsPen_weak":0,"hubris:RunicObelisk":14,"hubris:EmptyBottle":48,"hubris:TerracottaHorce":20,"ClockworkSouvenir":32,"theForsaken:HumbleEgg":9,"Nunchaku":26,"hubris:Icosahedron":42,"downfall:GremlinWheel":48,"theForsaken:Kindling":24,"DollysMirror":57,"hubris:ScarierMask":30,"beaked:SacredDeck":39,"Philosopher\u0027s Stone":50,"energizedSpire:RedRose":11,"Guardian:ModeShifter":0,"infinitespire:Joker Card":37,"aspiration:HummingbirdHeart":4,"Guardian:PocketSentry":18,"infinitespire:CheckeredPen":14,"hubris:Towel":8,"Frozen Egg 2":15,"Anchor":32,"infinitespire:Lychee Nut":23,"Shuriken":23,"infinitespire:PuzzleCube":15,"hubris:Reverence":5},{"Singing Bowl":125,"Nilry\u0027s Codex":76,"aspiration:PoetsPen_weak":0,"hubris:RunicObelisk":61,"hubris:EmptyBottle":154,"hubris:TerracottaHorce":83,"ClockworkSouvenir":121,"theForsaken:HumbleEgg":38,"Nunchaku":102,"hubris:Icosahedron":143,"downfall:GremlinWheel":154,"theForsaken:Kindling":95,"DollysMirror":178,"hubris:ScarierMask":118,"beaked:SacredDeck":136,"Philosopher\u0027s Stone":158,"energizedSpire:RedRose":48,"Guardian:ModeShifter":0,"infinitespire:Joker Card":130,"aspiration:HummingbirdHeart":13,"Guardian:PocketSentry":76,"infinitespire:CheckeredPen":61,"hubris:Towel":33,"Frozen Egg 2":64,"Anchor":121,"infinitespire:Lychee Nut":92,"Shuriken":92,"infinitespire:PuzzleCube":64,"hubris:Reverence":24}]},"card_choices":[{"not_picked":["Guardian:TemporalShield","Guardian:DonusPower"],"picked":"Guardian:Gem_Lightblue","floor":2.0},{"not_picked":["Guardian:PrimingBeam","Guardian:PrismaticBeam"],"picked":"Guardian:Gem_Blue","floor":3.0},{"not_picked":["Guardian:ArmoredProtocol","Guardian:TemporalStrike"],"picked":"Guardian:PrimingBeam","floor":4.0},{"not_picked":["Guardian:Emergency","Guardian:SpikerProtocol"],"picked":"Guardian:Suspension","floor":6.0},{"not_picked":["Guardian:Gem_Lightblue","Guardian:Reroute"],"picked":"Guardian:RollAttack","floor":9.0},{"not_picked":["Guardian:Recover","Guardian:ChargeCore"],"picked":"Guardian:PiercingHide","floor":10.0},{"not_picked":["Guardian:MultiBeam","Guardian:ChargeCore"],"picked":"Guardian:PiercingHide","floor":11.0},{"not_picked":["Guardian:Preprogram","Guardian:ArmoredProtocol"],"picked":"Guardian:Gem_Orange","floor":12.0},{"not_picked":["Guardian:TemporalStrike+1","Guardian:PolyBeam"],"picked":"Guardian:Gem_Purple","floor":14.0},{"not_picked":["Guardian:Harden","Guardian:ChargeCore+1"],"picked":"Guardian:Gem_Green","floor":15.0},{"not_picked":["Guardian:HyperBeam_Guardian","Guardian:ConstructionForm"],"picked":"Guardian:BaubleBeam","floor":16.0},{"not_picked":["Guardian:Emergency","Guardian:Reroute+1"],"picked":"Guardian:Gem_White","floor":19.0},{"not_picked":["Guardian:CrystalBeam+1","Guardian:Gem_Purple"],"picked":"Guardian:ArmoredProtocol+1","floor":20.0},{"not_picked":["Guardian:ChargeCore+1","Guardian:TemporalStrike+1"],"picked":"Guardian:Gem_Red","floor":21.0},{"not_picked":["Guardian:TimeBomb","Guardian:Gem_Fragmented"],"picked":"Guardian:Planning+1","floor":23.0},{"not_picked":["Guardian:ChargeCore+1","Guardian:SentryBeam"],"picked":"Guardian:Planning+1","floor":26.0},{"not_picked":["Guardian:PrismaticBeam","Guardian:WalkerClaw+1"],"picked":"Guardian:StasisStrike","floor":27.0},{"not_picked":["infinitespire:Oblivion","infinitespire:UltimateForm"],"picked":"infinitespire:Collect","floor":28.0},{"not_picked":["Guardian:TemporalShield+1","Guardian:PrismaticBeam+1"],"picked":"Guardian:PiercingHide+1","floor":28.0},{"not_picked":["Purity","Thinking Ahead"],"picked":"Mayhem+1","floor":31.0},{"not_picked":["Madness","hubris:Insight"],"picked":"Jack Of All Trades","floor":31.0},{"not_picked":["Guardian:ChargeCore+1","Guardian:PolyBeam+1"],"picked":"Guardian:Gem_Cyan","floor":32.0},{"not_picked":["Guardian:CompilePackage","Guardian:StasisStrike"],"picked":"Guardian:AncientConstruct+1","floor":33.0},{"not_picked":["Guardian:BodySlam+1","Guardian:RollAttack+1"],"picked":"Guardian:Gem_Red","floor":36.0},{"not_picked":["Guardian:BodySlam+1","Guardian:RefractedBeam"],"picked":"Guardian:Gem_Cyan","floor":38.0},{"not_picked":["Guardian:Incinerate+1","Guardian:Reroute+1"],"picked":"Guardian:Gem_Yellow","floor":39.0},{"not_picked":["Guardian:Gem_Crimson","Guardian:ShieldCharger+1"],"picked":"Guardian:Gem_White","floor":42.0},{"not_picked":["Guardian:Gem_Purple","Guardian:TemporalShield+1"],"picked":"Guardian:AncientConstruct+1","floor":44.0},{"not_picked":["Guardian:MultiBeam+1","Guardian:Emergency+1"],"picked":"Guardian:GemFinder+1","floor":45.0},{"not_picked":["Guardian:Gem_Red","Guardian:Gem_Green"],"picked":"Guardian:Gem_Cyan","floor":46.0},{"not_picked":["Guardian:Gem_Green","Guardian:Gem_Lightblue"],"picked":"Guardian:Gem_Cyan","floor":46.0},{"not_picked":["Guardian:TemporalShield+1","Guardian:Gem_Green"],"picked":"Guardian:Incinerate+1","floor":46.0},{"not_picked":["Guardian:Suspension+1","Guardian:WalkerClaw+1"],"picked":"Guardian:Emergency","floor":48.0},{"not_picked":["Guardian:PiercingHide+1","Guardian:Gem_Synthetic"],"picked":"Guardian:Gem_Yellow","floor":49.0},{"not_picked":["Guardian:Gem_Green","Guardian:Gem_Cyan"],"picked":"Guardian:Gem_Lightblue","floor":50.0},{"not_picked":["Guardian:Gem_Green","Guardian:Gem_Cyan"],"picked":"Guardian:Gem_Lightblue","floor":50.0},{"not_picked":["Guardian:CompilePackage","Guardian:ConstructionForm+1"],"picked":"Guardian:Gem_Synthetic","floor":50.0},{"not_picked":["Guardian:FuturePlans+1","Guardian:TemporalStrike+1"],"picked":"Guardian:Planning+1","floor":53.0},{"not_picked":["Guardian:Gem_Green","Guardian:Gem_Red"],"picked":"Guardian:Gem_Lightblue","floor":54.0},{"not_picked":["Guardian:Gem_Lightblue","Guardian:Gem_Green"],"picked":"Guardian:Gem_Cyan","floor":54.0},{"not_picked":["Guardian:ShieldCharger+1","Guardian:CrystalBeam+1"],"picked":"Guardian:DonusPower","floor":54.0},{"not_picked":["Guardian:TimeBomb","Guardian:Recover+1"],"picked":"Guardian:Suspension+1","floor":56.0},{"not_picked":["Guardian:Gem_Red","Guardian:Gem_Cyan"],"picked":"Guardian:Gem_Lightblue","floor":57.0},{"not_picked":["Guardian:Gem_Red","Guardian:Gem_Green"],"picked":"Guardian:Gem_Cyan","floor":57.0},{"not_picked":["Guardian:PolyBeam","Guardian:Suspension+1"],"picked":"Guardian:Gem_Cyan","floor":57.0},{"not_picked":["Guardian:TimeCapacitor+1","Guardian:SentryBeam"],"picked":"Guardian:Gem_Orange","floor":59.0},{"not_picked":["Guardian:TemporalShield+1","Guardian:DonusPower"],"picked":"Guardian:PiercingHide+1","floor":61.0},{"not_picked":["Guardian:ShieldCharger+1","Guardian:RevengeProtocol+1","Guardian:TimeBomb"],"picked":"Singing Bowl","floor":63.0},{"not_picked":["Guardian:Gem_Blue","Guardian:SpikerProtocol+1"],"picked":"Guardian:PrismaticBeam","floor":66.0},{"not_picked":["Guardian:Gem_Red","Guardian:Gem_Cyan","Guardian:Gem_Green"],"picked":"Singing Bowl","floor":67.0},{"not_picked":["Guardian:Gem_Green","Guardian:Gem_Red","Guardian:Gem_Lightblue"],"picked":"Singing Bowl","floor":67.0},{"not_picked":["Guardian:RevengeProtocol+1","Guardian:StasisStrike"],"picked":"Guardian:StasisEngine+1","floor":67.0},{"not_picked":["infinitespire:SealOfDarkness+","infinitespire:NeuralNetwork"],"picked":"hubris:InfiniteBlow","floor":69.0},{"not_picked":["Guardian:GuardianWhirl","Guardian:PolyBeam"],"picked":"Guardian:PiercingHide+1","floor":70.0},{"not_picked":["Guardian:Incinerate+1","Guardian:BodySlam+1"],"picked":"Guardian:Gem_Fragmented","floor":71.0},{"not_picked":["Guardian:Preprogram","Guardian:Gem_Cyan"],"picked":"Guardian:Gem_Orange","floor":72.0},{"not_picked":["Guardian:Suspension+1","Guardian:ChargeCore+1","Guardian:PolyBeam"],"picked":"Singing Bowl","floor":74.0},{"not_picked":["infinitespire:Oblivion","infinitespire:Punishment"],"picked":"infinitespire:Menacing","floor":75.0},{"not_picked":["Guardian:FloatingOrbs+1","Guardian:GuardianWhirl"],"picked":"Guardian:RollAttack+1","floor":75.0},{"not_picked":["Guardian:BodySlam+1","Guardian:Orbwalk+1"],"picked":"Guardian:RollAttack+1","floor":77.0},{"not_picked":["Guardian:Gem_Red","Guardian:Gem_Green"],"picked":"Guardian:Gem_Lightblue","floor":78.0},{"not_picked":["Guardian:Gem_Green","Guardian:Gem_Red"],"picked":"Guardian:Gem_Cyan","floor":78.0},{"not_picked":["Guardian:ShieldCharger+1","Guardian:Gem_Cyan","Guardian:Recover+1"],"picked":"Singing Bowl","floor":78.0},{"not_picked":["Guardian:Recover+1","Guardian:Gem_Green"],"picked":"Guardian:Gem_Crimson","floor":79.0},{"not_picked":["Guardian:Gem_Cyan","Guardian:GemFire","Guardian:Recover+1"],"picked":"Singing Bowl","floor":83.0},{"not_picked":["Guardian:Gem_Lightblue","Guardian:Gem_Cyan","Guardian:Gem_Red"],"picked":"Singing Bowl","floor":84.0},{"not_picked":["Guardian:Gem_Lightblue","Guardian:Gem_Green","Guardian:Gem_Red"],"picked":"Singing Bowl","floor":84.0},{"not_picked":["Guardian:CompilePackage","Guardian:StasisStrike"],"picked":"Guardian:BaubleBeam","floor":84.0},{"not_picked":["Guardian:Gem_Green","Guardian:Gem_Cyan"],"picked":"Guardian:Gem_Lightblue","floor":87.0},{"not_picked":["Guardian:Gem_Green","Guardian:Gem_Red"],"picked":"Guardian:Gem_Lightblue","floor":87.0},{"not_picked":["Guardian:Gem_Red","Guardian:Suspension+1"],"picked":"Guardian:Gem_Fragmented","floor":87.0},{"not_picked":["Guardian:Suspension+1","Guardian:MultiBeam"],"picked":"Guardian:CompilePackage","floor":88.0},{"not_picked":["Guardian:Orbwalk+1","Guardian:PrimingBeam+1"],"picked":"Guardian:Planning+1","floor":89.0},{"not_picked":["Guardian:TimeBomb","Guardian:TemporalStrike+1"],"picked":"Guardian:WalkerClaw+1","floor":90.0},{"not_picked":["Guardian:Gem_Green","Guardian:Gem_Lightblue","Guardian:Gem_Red"],"picked":"Singing Bowl","floor":91.0},{"not_picked":["Guardian:Gem_Lightblue","Guardian:Gem_Green"],"picked":"Guardian:Gem_Cyan","floor":91.0},{"not_picked":["Guardian:ArmoredProtocol+1","Guardian:Recover+1"],"picked":"Guardian:PrimingBeam+1","floor":91.0},{"not_picked":["Guardian:Gem_Lightblue","Guardian:Gem_Green"],"picked":"Guardian:Gem_Red","floor":92.0},{"not_picked":["Guardian:Gem_Red","Guardian:Gem_Green"],"picked":"Guardian:Gem_Cyan","floor":92.0},{"not_picked":["Guardian:ChargeUp","Guardian:PrimingBeam+1"],"picked":"Guardian:PrismaticBeam+1","floor":92.0},{"not_picked":["Guardian:Gem_Cyan","Guardian:Gem_Green","Guardian:Gem_Lightblue"],"picked":"Singing Bowl","floor":93},{"not_picked":["Guardian:Gem_Red","Guardian:Gem_Lightblue","Guardian:Gem_Green"],"picked":"Singing Bowl","floor":93},{"not_picked":["Guardian:TemporalShield+1","Guardian:ArmoredProtocol+1","Guardian:Reroute+1"],"picked":"Singing Bowl","floor":93},{"not_picked":["Guardian:PrimingBeam+1","Guardian:PolyBeam+1","Guardian:RefractedBeam+1"],"picked":"Singing Bowl","floor":95},{"not_picked":["Guardian:FloatingOrbs+1","Guardian:GemFire"],"picked":"Guardian:Planning+1","floor":100}],"player_experience":771534,"relics_obtained":[{"floor":7.0,"key":"aspiration:HummingbirdHeart"},{"floor":9.0,"key":"hubris:Reverence"},{"floor":14.0,"key":"theForsaken:HumbleEgg"},{"floor":23.0,"key":"Frozen Egg 2"},{"floor":24.0,"key":"infinitespire:PuzzleCube"},{"floor":28.0,"key":"Guardian:PocketSentry"},{"floor":29.0,"key":"Nilry\u0027s Codex"},{"floor":39.0,"key":"infinitespire:Lychee Nut"},{"floor":41.0,"key":"Shuriken"},{"floor":42.0,"key":"theForsaken:Kindling"},{"floor":45.0,"key":"Nunchaku"},{"floor":58.0,"key":"Singing Bowl"},{"floor":81.0,"key":"downfall:GremlinWheel"}],"event_choices":[{"damage_healed":0.0,"max_hp_gain":0.0,"max_hp_loss":0.0,"gold_gain":2.0,"event_name":"betterStone:BetterStone","player_choice":"1","floor":31.0,"gold_loss":0.0,"damage_taken":0.0},{"damage_healed":0.0,"max_hp_gain":0.0,"max_hp_loss":0.0,"gold_gain":0.0,"event_name":"Lab","player_choice":"Got Potions","floor":37.0,"gold_loss":0.0,"damage_taken":0.0},{"cards_removed":["Guardian:Gem_Red"],"damage_healed":0,"gold_gain":0,"player_choice":"Removed Skill","damage_taken":0,"max_hp_gain":0,"max_hp_loss":0,"event_name":"Falling","floor":96,"gold_loss":0},{"damage_healed":43,"gold_gain":0,"player_choice":"Full Heal","damage_taken":0,"max_hp_gain":0,"max_hp_loss":0,"event_name":"Wheel of Change","floor":98,"gold_loss":0}],"is_beta":false,"boss_relics":[{"not_picked":["energizedSpire:NeverEndingSparkler","Astrolabe"],"picked":"energizedSpire:RedRose"},{"not_picked":["hubris:Backtick","Pandora\u0027s Box"],"picked":"hubris:TerracottaHorce"},{"not_picked":["Runic Dome","Runesmith:UraniumAnvil"],"picked":"hubris:ScarierMask"},{"not_picked":["aspiration:RunicSpoon","theForsaken:PaleLantern"],"picked":"beaked:SacredDeck"},{"not_picked":["hubris:BlackHole","Tiny House"],"picked":"Philosopher\u0027s Stone"}],"items_purged_floors":[22,48,55,65,94],"is_endless":true,"potions_floor_spawned":[2,10,12,15,20,26,33,42,45,46,49,56,57,63,70,72,74,77,79,83,88,90,91,95],"killed_by":"conspire:OrnateMirror","ascension_level":1}}