{"host":"3ykswgue17e1ycc2","time":1610981227,"event":{"mods":["BaseMod","Colored Powertips","Dark Map","Downfall","Minty Spire (QoL Compilation)","Quick Restart","Rare Cards Sparkle","StSLib"],"gold_per_floor":[99,119,119,219,219,238,238,238,238,272,272,284,284,295,309,309,309],"floor_reached":16,"language":"ENG","playtime":540,"items_purged":[],"score":100,"play_id":"5a4e560b-13ba-4d66-acc5-7f67a46a3c69","local_time":"20210118214707","is_ascension_mode":false,"campfire_choices":[{"floor":1,"key":"RECALL"},{"data":"bronze:Iterate","floor":9,"key":"SMITH"},{"data":"bronze:Flail","floor":11,"key":"SMITH"},{"data":"bronze:Goto","floor":13,"key":"SMITH"}],"circlet_count":0,"master_deck":["bronze:Strike","bronze:Strike","bronze:Strike","bronze:Strike","bronze:Defend","bronze:Defend","bronze:Defend","bronze:Defend","bronze:Replicate+1","bronze:Goto+1","bronze:Iterate+1","bronze:WhirlingStrike","bronze:CutThrough","bronze:Flail+1","bronze:Iterate","bronze:BuggyMess"],"relics":["bronze:BronzeCore","Dream Catcher","Pantograph"],"acts_visited":["Exordium"],"potions_floor_usage":[16,16],"damage_taken":[{"damage":5,"enemies":"Small Slimes","floor":2,"turns":3},{"damage":0,"enemies":"2 Louse","floor":6,"turns":2},{"damage":0,"enemies":"Cultist","floor":8,"turns":1},{"damage":29,"enemies":"3 Sentries","floor":10,"turns":7},{"damage":5,"enemies":"Large Slime","floor":12,"turns":4},{"damage":6,"enemies":"Exordium Wildlife","floor":14,"turns":2},{"damage":3,"enemies":"Red Slaver","floor":15,"turns":3},{"damage":53,"enemies":"WA_ARCHETYPE_RETAIN","floor":16,"turns":7}],"seed_played":"3208752388408906181","potions_obtained":[{"floor":6,"key":"SteroidPotion"},{"floor":12,"key":"GamblersBrew"},{"floor":14,"key":"Weak Potion"},{"floor":15,"key":"Block Potion"}],"is_trial":false,"path_per_floor":["R","M","?","?","?","M","T","M","R","E","R","M","R","M","M","B"],"character_chosen":"THE_AUTOMATON","items_purchased":[],"campfire_rested":0,"item_purchase_floors":[],"current_hp_per_floor":[70,65,65,65,65,65,65,65,65,36,36,31,31,25,22,0,0],"gold":309,"neow_bonus":"UPGRADE_CARD","is_daily":false,"chose_seed":false,"campfire_upgraded":3,"win_rate":0.0,"timestamp":1610981227,"path_taken":["R","M","?","?","?","M","T","M","R","E","R","M","R","M","M","BOSS"],"items_purchased_type":[],"build_version":"2020-12-22","purchased_purges":0,"victory":false,"max_hp_per_floor":[70,70,70,70,70,70,70,70,70,70,70,70,70,70,70,70,70],"card_choices":[{"not_picked":["bronze:DelayedSlice","bronze:Overheat"],"picked":"bronze:Iterate","floor":2},{"not_picked":["bronze:DigitalCarnage","bronze:Overheat"],"picked":"bronze:WhirlingStrike","floor":6},{"not_picked":["bronze:Deprecate","bronze:BitShift"],"picked":"bronze:CutThrough","floor":8},{"not_picked":["bronze:Repair","bronze:DelayedSlice"],"picked":"bronze:Flail","floor":10},{"not_picked":["bronze:FineTuning","bronze:Return"],"picked":"bronze:Iterate","floor":12},{"not_picked":["bronze:Separator","bronze:Assembly"],"picked":"bronze:BuggyMess","floor":14},{"not_picked":["bronze:DelayedGuard","bronze:Branch","bronze:ClassDefault"],"picked":"SKIP","floor":15}],"player_experience":417219,"relics_obtained":[{"floor":7,"key":"Dream Catcher"},{"floor":10,"key":"Pantograph"}],"event_choices":[],"is_beta":false,"boss_relics":[],"items_purged_floors":[],"is_endless":false,"potions_floor_spawned":[6,12,14,15],"killed_by":"WA_ARCHETYPE_RETAIN","ascension_level":0}}