{"host":"r4r4helli6evr3pz","time":1610993944,"event":{"mods":["A Magickal Journey","AchievementEnabler","Act Like it!","Aspiration","BaseMod","Better Note","BetterRewards","Challenge The Spire","Conspire","Curses Come First","DeckTracker","Evolution","GifTheSpireLib","Gold Saver","GungeonMod","Hermit","Hubris","Hyrulean Relics","Infinite Spire","JesterMod","Lobotomy","Mimic Mod","Minty Spire (QoL Compilation)","Quick Restart","Random Character Button","Relic Sorter","Relic Stats","Replay The Spire","Reworked Bosses","Shop Mod","Somnambulant","StSLib","Stuff the Spire","SuperFastMode","The Blackbeard","The Bug Knight","The Clintock","The Construct","The Cursed","The Druid","The Forsaken","The Hierophant","The Necromancer","The Poker Player","The Problem Sleuth","The Runesmith","vexMod"],"gold_per_floor":[112,112,30,47,47,78,96,96,96,96,124,9,44,56,56,56,56],"floor_reached":16,"language":"RUS","playtime":2683,"items_purged":[],"score":179,"play_id":"e5102a25-7e3c-4a5b-8817-fed56aa09a4f","local_time":"20210118221904","is_ascension_mode":true,"campfire_choices":[{"data":"StuffTheSpire:Resist","floor":8,"key":"SMITH"},{"data":"Replay:Many Hands","floor":10,"key":"SMITH"},{"floor":15,"key":"REST"},{"data":"ReplayReversal","floor":15,"key":"SMITH"}],"circlet_count":0,"master_deck":["Strike_R","Strike_R","Strike_R","Strike_R","Strike_R","Defend_R","Defend_R","Defend_R","Defend_R+1","Bash","StuffTheSpire:Resist+1","Entrench+1","Replay:Many Hands+1","Cleave","ReplayReversal+1"],"relics":["Burning Blood","EVO:Axolotl","NeowsBlessing","Pondfish Scales","War Paint","infinitespire:Magic Flask","StrikeDummy","DemoMod:GnawedKey","Self Forming Clay"],"acts_visited":["Exordium"],"potions_floor_usage":[11,11],"damage_taken":[{"damage":0,"enemies":"Small Slimes","floor":1,"turns":1},{"damage":0,"enemies":"Cultist","floor":4,"turns":1},{"damage":0,"enemies":"3 Sentries","floor":6,"turns":1},{"damage":12,"enemies":"Jaw Worm","floor":7,"turns":4},{"damage":46,"enemies":"HollowMod:MossKnight","floor":11,"turns":13},{"damage":21,"enemies":"Lagavulin","floor":13,"turns":8},{"damage":10,"enemies":"Exordium Wildlife","floor":14,"turns":4},{"damage":39,"enemies":"The Guardian","floor":16,"turns":14}],"seed_played":"3511344292801283490","potions_obtained":[{"floor":1,"key":"Weak Potion"},{"floor":4,"key":"FearPotion"},{"floor":13,"key":"Elixir"}],"is_trial":false,"path_per_floor":["M","?","$","M","$","E","M","R","T","R","E","$","E","M","R","B"],"character_chosen":"IRONCLAD","items_purchased":["StuffTheSpire:Resist","DemoMod:GnawedKey"],"campfire_rested":1,"item_purchase_floors":[3,12],"current_hp_per_floor":[80,80,80,80,80,80,74,74,74,74,34,34,19,15,39,0,0],"gold":56,"neow_bonus":"THREE_ENEMY_KILL","is_daily":false,"chose_seed":false,"campfire_upgraded":3,"win_rate":0.0,"timestamp":1610993944,"path_taken":["M","?","$","M","$","E","M","R","T","R","E","?","E","M","R","BOSS"],"items_purchased_type":["Card","Relic"],"build_version":"2020-12-22","purchased_purges":0,"victory":false,"max_hp_per_floor":[80,80,80,80,80,80,80,80,80,80,80,80,80,80,80,80,80],"relic_stats":{"counters":[8,46],"Self Forming Clay":[21],"War Paint":["Defend_R","Entrench"],"obtain_stats":[{"Pondfish Scales":2,"NeowsBlessing":0,"Self Forming Clay":13,"DemoMod:GlassGuonStoneRelic":1,"DemoMod:GnawedKey":12,"EVO:Axolotl":0,"infinitespire:Magic Flask":9,"War Paint":6,"StrikeDummy":11,"Burning Blood":0},{"Pondfish Scales":1,"NeowsBlessing":0,"Self Forming Clay":6,"DemoMod:GlassGuonStoneRelic":1,"DemoMod:GnawedKey":5,"EVO:Axolotl":0,"infinitespire:Magic Flask":4,"War Paint":3,"StrikeDummy":5,"Burning Blood":0},{"Pondfish Scales":1,"NeowsBlessing":0,"Self Forming Clay":28,"DemoMod:GlassGuonStoneRelic":1,"DemoMod:GnawedKey":20,"EVO:Axolotl":0,"infinitespire:Magic Flask":7,"War Paint":3,"StrikeDummy":20,"Burning Blood":0}],"Burning Blood":24},"card_choices":[{"not_picked":["Power Through","ReplayTheSpireMod:Strike From Hell","Heavy Blade"],"picked":"SKIP","floor":1},{"not_picked":["Pommel Strike","StuffTheSpire:RockThrow"],"picked":"Entrench","floor":4},{"not_picked":["Anger","ReplayTheSpireMod:Limb From Limb"],"picked":"Replay:Many Hands","floor":6},{"not_picked":["Carnage","Defy Death","Havoc"],"picked":"SKIP","floor":7},{"not_picked":["Run Through","conspire:ExplosiveBarrier"],"picked":"Cleave","floor":11},{"not_picked":["infinitespire:OneForAll","DemoMod:BlackBlade"],"picked":"ReplayReversal","floor":13},{"not_picked":["Heavy Blade","Uppercut","hubris:ReadiedAction"],"picked":"SKIP","floor":14}],"player_experience":710312,"relics_obtained":[{"floor":2,"key":"Pondfish Scales"},{"floor":6,"key":"War Paint"},{"floor":9,"key":"infinitespire:Magic Flask"},{"floor":11,"key":"StrikeDummy"},{"floor":13,"key":"Self Forming Clay"}],"event_choices":[{"damage_healed":0,"gold_gain":0,"player_choice":"Relic","damage_taken":0,"max_hp_gain":0,"max_hp_loss":0,"event_name":"Wheel of Change","floor":2,"gold_loss":0}],"is_beta":false,"boss_relics":[],"items_purged_floors":[],"is_endless":false,"potions_floor_spawned":[1,4,13],"killed_by":"The Guardian","ascension_level":5}}