{"host":"7qoz5gmva6til3yp","time":1610964324,"event":{"mods":["AchievementEnabler","BaseMod","Minty Spire (QoL Compilation)","StSLib","SuperFastMode"],"gold_per_floor":[110,110,110,110,11,41,58,87,87,106,6,6,16,33,33,128,128,148,148,168,184,47,47,77,17,88,106,133,133,162,177,177,177,177],"floor_reached":33,"language":"KOR","playtime":1062,"items_purged":["Defend_G","Strike_G"],"score":493,"play_id":"953cccb6-c4b2-4d29-acf6-314eb1ec278b","local_time":"20210118190524","is_ascension_mode":true,"campfire_choices":[{"data":"Blade Dance","floor":12.0,"key":"SMITH"},{"floor":15.0,"key":"REST"},{"data":"Envenom","floor":23.0,"key":"SMITH"},{"data":"Storm of Steel","floor":29.0,"key":"SMITH"},{"floor":32,"key":"REST"}],"circlet_count":0,"master_deck":["Strike_G+1","Strike_G+1","Defend_G+1","Defend_G","Survivor","Neutralize","Backflip","Sucker Punch","Underhanded Strike","Blade Dance+1","Adrenaline+1","Die Die Die","Cloak And Dagger+1","Footwork+1","Envenom+1","Storm of Steel+1","Prepared"],"relics":["Ring of the Snake","NeowsBlessing","Shuriken","Du-Vu Doll","Sundial","Empty Cage","Strawberry","War Paint","StrikeDummy","HornCleat","Ancient Tea Set"],"acts_visited":["Exordium","TheCity"],"potions_floor_usage":[],"damage_taken":[{"damage":0.0,"enemies":"2 Louse","floor":1.0,"turns":1.0},{"damage":0.0,"enemies":"3 Sentries","floor":6.0,"turns":1.0},{"damage":0.0,"enemies":"Jaw Worm","floor":7.0,"turns":1.0},{"damage":18.0,"enemies":"Gremlin Nob","floor":8.0,"turns":4.0},{"damage":4.0,"enemies":"Cultist","floor":10.0,"turns":3.0},{"damage":20.0,"enemies":"Exordium Thugs","floor":13.0,"turns":5.0},{"damage":3.0,"enemies":"Gremlin Gang","floor":14.0,"turns":5.0},{"damage":18.0,"enemies":"The Guardian","floor":16.0,"turns":10.0},{"damage":0.0,"enemies":"Spheric Guardian","floor":18.0,"turns":3.0},{"damage":17.0,"enemies":"2 Thieves","floor":20.0,"turns":3.0},{"damage":14.0,"enemies":"Sentry and Sphere","floor":21.0,"turns":5.0},{"damage":35.0,"enemies":"Slavers","floor":24.0,"turns":8.0},{"damage":22.0,"enemies":"Cultist and Chosen","floor":27.0,"turns":6.0},{"damage":37.0,"enemies":"Book of Stabbing","floor":28.0,"turns":5.0},{"damage":9,"enemies":"Slavers","floor":30,"turns":5},{"damage":9,"enemies":"Snecko","floor":31,"turns":4},{"damage":57,"enemies":"Collector","floor":33,"turns":6}],"seed_played":"-3252332264755464695","potions_obtained":[{"floor":6.0,"key":"CultistPotion"},{"floor":7.0,"key":"Ancient Potion"},{"floor":10.0,"key":"Block Potion"},{"floor":20.0,"key":"FearPotion"},{"floor":24.0,"key":"GhostInAJar"}],"is_trial":false,"path_per_floor":["M","?","?","?","$","E","M","E","T","M","$","R","M","M","R","B",null,"M","?","M","M","$","R","E","?","T","M","E","R","E","M","R","B"],"character_chosen":"THE_SILENT","items_purchased":["Backflip","Envenom"],"campfire_rested":2,"item_purchase_floors":[5,22],"current_hp_per_floor":[63,56,42,47,47,47,47,29,29,25,25,25,5,2,24,6,58,58,65,48,34,34,34,49,49,49,27,40,40,31,22,46,0,0],"gold":177,"neow_bonus":"THREE_ENEMY_KILL","is_daily":false,"chose_seed":false,"campfire_upgraded":3,"win_rate":0.0,"timestamp":1610964324,"path_taken":["M","?","?","?","$","E","?","E","T","?","?","R","M","M","R","BOSS","M","?","?","M","$","R","E","?","T","M","E","R","E","?","R","BOSS"],"items_purchased_type":["Card","Card"],"build_version":"2020-12-22","purchased_purges":2,"victory":false,"max_hp_per_floor":[70,70,70,75,75,75,75,75,75,75,75,75,75,75,75,75,75,75,82,82,82,82,82,82,82,82,82,82,82,82,82,82,82,82],"card_choices":[{"not_picked":["Acrobatics","Expertise","Slice"],"picked":"SKIP","floor":1.0},{"not_picked":["Prepared","Dagger Throw","Flying Knee"],"picked":"SKIP","floor":6.0},{"not_picked":["Eviscerate","Prepared"],"picked":"Sucker Punch","floor":7.0},{"not_picked":["Envenom","Poisoned Stab"],"picked":"Underhanded Strike","floor":8.0},{"not_picked":["Leg Sweep","Prepared"],"picked":"Blade Dance","floor":10.0},{"not_picked":["Outmaneuver","Crippling Poison"],"picked":"Adrenaline","floor":13.0},{"not_picked":["Slice","Cloak And Dagger","Dagger Throw"],"picked":"SKIP","floor":14.0},{"not_picked":["A Thousand Cuts","Night Terror"],"picked":"Die Die Die","floor":16.0},{"not_picked":["Setup","Cloak And Dagger","Underhanded Strike"],"picked":"SKIP","floor":18.0},{"not_picked":["Flechettes","Outmaneuver+1"],"picked":"Cloak And Dagger+1","floor":20.0},{"not_picked":["Blade Dance","Bane"],"picked":"Footwork+1","floor":21.0},{"not_picked":["Flying Knee+1","Outmaneuver"],"picked":"Storm of Steel","floor":24.0},{"not_picked":["Crippling Poison","Cloak And Dagger+1","Deadly Poison"],"picked":"SKIP","floor":27.0},{"not_picked":["Backflip","Sucker Punch","Outmaneuver"],"picked":"SKIP","floor":28.0},{"not_picked":["Dodge and Roll+1","Footwork","Cloak And Dagger"],"picked":"SKIP","floor":30},{"not_picked":["Tools of the Trade","Slice"],"picked":"Prepared","floor":31}],"player_experience":387709,"relics_obtained":[{"floor":6.0,"key":"Shuriken"},{"floor":8.0,"key":"Du-Vu Doll"},{"floor":9.0,"key":"Sundial"},{"floor":24.0,"key":"War Paint"},{"floor":26.0,"key":"StrikeDummy"},{"floor":28.0,"key":"HornCleat"},{"floor":30,"key":"Ancient Tea Set"}],"event_choices":[{"cards_removed":["Defend_G"],"damage_healed":0.0,"max_hp_gain":0.0,"max_hp_loss":0.0,"gold_gain":0.0,"event_name":"Golden Wing","player_choice":"Card Removal","floor":2.0,"gold_loss":0.0,"damage_taken":7.0},{"damage_healed":0.0,"max_hp_gain":0.0,"max_hp_loss":0.0,"gold_gain":0.0,"event_name":"Shining Light","player_choice":"Entered Light","floor":3.0,"gold_loss":0.0,"damage_taken":14.0,"cards_upgraded":["Strike_G","Strike_G"]},{"damage_healed":0.0,"max_hp_gain":5.0,"max_hp_loss":0.0,"gold_gain":0.0,"event_name":"Big Fish","player_choice":"Donut","floor":4.0,"gold_loss":0.0,"damage_taken":0.0},{"damage_healed":0.0,"max_hp_gain":0.0,"max_hp_loss":0.0,"gold_gain":0.0,"event_name":"WeMeetAgain","player_choice":"Gave Potion","floor":19.0,"gold_loss":0.0,"damage_taken":0.0,"relics_obtained":["Strawberry"]},{"cards_removed":["Defend_G"],"damage_healed":0.0,"max_hp_gain":0.0,"max_hp_loss":0.0,"gold_gain":0.0,"event_name":"Designer","player_choice":"Single Remove","floor":25.0,"gold_loss":60.0,"damage_taken":0.0}],"is_beta":false,"boss_relics":[{"not_picked":["Calling Bell","Velvet Choker"],"picked":"Empty Cage"}],"items_purged_floors":[5,11],"is_endless":false,"potions_floor_spawned":[6,7,10,20,24,28,31],"killed_by":"Collector","ascension_level":9}}