{"host":"x21cvmfdo17nyhii","time":1610963335,"event":{"mods":["AchievementEnabler","BaseMod","Colored Map","Colored Powertips","DeckTracker","Highlight Path","Minty Spire (QoL Compilation)","Quick Restart","Rare Cards Sparkle","SuperFastMode"],"gold_per_floor":[17,35,35,88,12,41,41,53,53,67,95,115,128,55,55,159,159,177,177,102,115,40,65,65,76,153,153,153,191,191,191,191,299,299,315,365,384,743,64,64,93,93,93,106,106,141,141,154,154,154,154,154,10,47,47,47],"floor_reached":55,"language":"ENG","playtime":4169,"items_purged":["Shame"],"score":1048,"play_id":"5c45a1dd-f796-4907-a42a-4cd5efd82822","local_time":"20210118014855","is_ascension_mode":true,"campfire_choices":[{"floor":7.0,"key":"REST"},{"data":"Burst","floor":15.0,"key":"SMITH"},{"floor":24.0,"key":"REST"},{"floor":28.0,"key":"REST"},{"floor":32.0,"key":"RECALL"},{"floor":40.0,"key":"DIG"},{"floor":45.0,"key":"REST"},{"floor":47.0,"key":"DIG"},{"floor":49.0,"key":"REST"},{"floor":52.0,"key":"REST"}],"circlet_count":0,"master_deck":["Strike_G+1","Strike_G+1","Strike_G+1","Strike_G+1","Strike_G+1","Defend_G+1","Defend_G+1","Defend_G+1","Defend_G+1","Survivor","Neutralize","Apotheosis+1","Acrobatics","Well Laid Plans","Cloak And Dagger","Quick Slash","Distraction","Finisher","Catalyst","Deadly Poison","Burst+1","Cloak And Dagger","Cloak And Dagger","Venomology","Noxious Fumes","Bouncing Flask","Infinite Blades","Deadly Poison","Backflip+1","Burst","Catalyst+1","Noxious Fumes","Blind+1","Parasite","PiercingWail+1"],"relics":["Ring of the Snake","Toy Ornithopter","Turnip","Matryoshka","Snake Skull","Fusion Hammer","Pantograph","MealTicket","Regal Pillow","Pear","CeramicFish","Busted Crown","Shovel","Old Coin","Toxic Egg 2","Tough Bandages","Potion Belt","Lantern","Sundial","Bronze Scales","Question Card","Frozen Eye","Orichalcum"],"acts_visited":["Exordium","TheCity","TheBeyond","TheEnding"],"potions_floor_usage":[55,55,55,55],"damage_taken":[{"damage":0.0,"enemies":"Cultist","floor":1.0,"turns":4.0},{"damage":0.0,"enemies":"Small Slimes","floor":2.0,"turns":5.0},{"damage":34.0,"enemies":"Gremlin Nob","floor":6.0,"turns":5.0},{"damage":2.0,"enemies":"Jaw Worm","floor":8.0,"turns":3.0},{"damage":3.0,"enemies":"Exordium Thugs","floor":10.0,"turns":5.0},{"damage":1.0,"enemies":"Lagavulin","floor":11.0,"turns":5.0},{"damage":0.0,"enemies":"3 Louse","floor":12.0,"turns":3.0},{"damage":0.0,"enemies":"2 Fungi Beasts","floor":13.0,"turns":3.0},{"damage":0.0,"enemies":"Slime Boss","floor":16.0,"turns":3.0},{"damage":22.0,"enemies":"Chosen","floor":18.0,"turns":8.0},{"damage":9.0,"enemies":"3 Byrds","floor":21.0,"turns":5.0},{"damage":44.0,"enemies":"Slavers","floor":23.0,"turns":6.0},{"damage":9.0,"enemies":"Centurion and Healer","floor":25.0,"turns":4.0},{"damage":13.0,"enemies":"Book of Stabbing","floor":29.0,"turns":4.0},{"damage":67.0,"enemies":"Automaton","floor":33.0,"turns":9.0},{"damage":0.0,"enemies":"Orb Walker","floor":35.0,"turns":3.0},{"damage":52.0,"enemies":"2 Orb Walkers","floor":36.0,"turns":5.0},{"damage":7.0,"enemies":"3 Shapes","floor":37.0,"turns":4.0},{"damage":10.0,"enemies":"Mind Bloom Boss Battle","floor":38.0,"turns":5.0},{"damage":14.0,"enemies":"Writhing Mass","floor":41.0,"turns":5.0},{"damage":16.0,"enemies":"Jaw Worm Horde","floor":44.0,"turns":4.0},{"damage":1.0,"enemies":"Giant Head","floor":46.0,"turns":4.0},{"damage":26.0,"enemies":"Spire Growth","floor":48.0,"turns":4.0},{"damage":48.0,"enemies":"Time Eater","floor":50.0,"turns":7.0},{"damage":40.0,"enemies":"Shield and Spear","floor":54.0,"turns":5.0},{"damage":100,"enemies":"The Heart","floor":55,"turns":5}],"seed_played":"1960281436331029696","potions_obtained":[{"floor":2.0,"key":"AttackPotion"},{"floor":8.0,"key":"FearPotion"},{"floor":10.0,"key":"ColorlessPotion"},{"floor":12.0,"key":"Poison Potion"},{"floor":18.0,"key":"Regen Potion"},{"floor":25.0,"key":"LiquidBronze"},{"floor":29.0,"key":"SkillPotion"},{"floor":33.0,"key":"SneckoOil"},{"floor":35.0,"key":"LiquidBronze"},{"floor":36.0,"key":"Block Potion"},{"floor":44.0,"key":"BlessingOfTheForge"}],"is_trial":false,"path_per_floor":["M","M","?","T","$","E","R","M","T","M","E","M","M","$","R","B",null,"M","?","$","M","?","E","R","M","T","?","R","E","?","?","R","B",null,"M","?","M","?","$","R","M","T","T","M","R","E","R","M","R","B",null,"R","$","E","B"],"character_chosen":"THE_SILENT","items_purchased":["Cloak And Dagger","Quick Slash","Cloak And Dagger","Energy Potion","Toxic Egg 2","Tough Bandages","Noxious Fumes","Blind+1","Frozen Eye"],"campfire_rested":6,"item_purchase_floors":[5,5,14,14,39,39,39,39,53],"current_hp_per_floor":[63,63,63,63,63,29,50,48,48,45,54,54,54,54,54,69,70,48,48,48,44,44,30,51,42,52,52,80,67,67,80,80,18,65,75,28,21,46,61,61,47,47,47,36,75,79,79,53,80,37,69,80,80,40,0,0],"gold":47,"neow_bonus":"RANDOM_COLORLESS_2","is_daily":false,"chose_seed":false,"campfire_upgraded":1,"win_rate":0.0,"timestamp":1610963335,"path_taken":["M","?","?","?","$","E","R","M","T","M","E","M","M","?","R","BOSS","M","?","$","M","?","E","R","M","T","?","R","E","?","?","R","BOSS","M","?","M","?","$","R","M","?","T","M","R","E","R","M","R","BOSS","R","$","E","BOSS"],"items_purchased_type":["Card","Card","Card","Potion","Relic","Relic","Card","Card","Relic"],"build_version":"2020-12-22","purchased_purges":1,"victory":false,"max_hp_per_floor":[70,70,70,70,70,70,70,70,70,70,70,70,70,70,70,70,70,70,70,70,70,70,70,70,70,80,80,80,80,80,80,80,80,80,80,80,80,80,80,80,80,80,80,80,80,80,80,80,80,80,80,80,80,80,80,80],"card_choices":[{"not_picked":["Panache","Sadistic Nature"],"picked":"Apotheosis","floor":0.0},{"not_picked":["Deflect","Bane"],"picked":"Acrobatics","floor":1.0},{"not_picked":["Backstab","Bane"],"picked":"Well Laid Plans","floor":2.0},{"not_picked":["Dodge and Roll","PiercingWail"],"picked":"Distraction","floor":6.0},{"not_picked":["Sucker Punch","Glass Knife"],"picked":"Finisher","floor":8.0},{"not_picked":["PiercingWail","Deadly Poison"],"picked":"Catalyst","floor":10.0},{"not_picked":["Dagger Spray","PiercingWail"],"picked":"Deadly Poison","floor":11.0},{"not_picked":["Distraction","Concentrate"],"picked":"Burst","floor":12.0},{"not_picked":["Footwork","Backflip"],"picked":"Cloak And Dagger","floor":13.0},{"not_picked":["Glass Knife","Die Die Die"],"picked":"Venomology","floor":16.0},{"not_picked":["Quick Slash","Backflip"],"picked":"Noxious Fumes","floor":18.0},{"not_picked":["Finisher","Sucker Punch+1"],"picked":"Bouncing Flask","floor":21.0},{"not_picked":["Wraith Form v2","Tactician"],"picked":"Infinite Blades","floor":23.0},{"not_picked":["Poisoned Stab","Setup"],"picked":"Deadly Poison","floor":25.0},{"not_picked":["Outmaneuver","Bane"],"picked":"Backflip+1","floor":29.0},{"not_picked":["Die Die Die","Unload"],"picked":"Burst","floor":33.0},{"not_picked":["Dodge and Roll+1"],"picked":"SKIP","floor":35.0},{"not_picked":["Underhanded Strike"],"picked":"SKIP","floor":37.0},{"not_picked":[],"picked":"Catalyst+1","floor":38.0},{"not_picked":["Dagger Throw+1"],"picked":"SKIP","floor":41.0},{"not_picked":["Well Laid Plans"],"picked":"SKIP","floor":44.0},{"not_picked":["Flechettes+1"],"picked":"SKIP","floor":46.0},{"not_picked":["Dagger Throw+1","Quick Slash+1"],"picked":"SKIP","floor":48.0},{"not_picked":["Noxious Fumes"],"picked":"PiercingWail+1","floor":54.0}],"player_experience":448600,"relics_obtained":[{"floor":4.0,"key":"Toy Ornithopter"},{"floor":6.0,"key":"Turnip"},{"floor":9.0,"key":"Matryoshka"},{"floor":11.0,"key":"Snake Skull"},{"floor":23.0,"key":"MealTicket"},{"floor":26.0,"key":"Regal Pillow"},{"floor":26.0,"key":"Pear"},{"floor":29.0,"key":"CeramicFish"},{"floor":36.0,"key":"Shovel"},{"floor":38.0,"key":"Old Coin"},{"floor":40.0,"key":"Potion Belt"},{"floor":42.0,"key":"Lantern"},{"floor":43.0,"key":"Sundial"},{"floor":46.0,"key":"Bronze Scales"},{"floor":47.0,"key":"Question Card"},{"floor":54.0,"key":"Orichalcum"}],"event_choices":[{"damage_healed":0.0,"max_hp_gain":0.0,"max_hp_loss":0.0,"gold_gain":0.0,"event_name":"Living Wall","player_choice":"Grow","floor":3.0,"gold_loss":0.0,"damage_taken":0.0,"cards_upgraded":["Apotheosis"]},{"damage_healed":0.0,"max_hp_gain":0.0,"max_hp_loss":0.0,"gold_gain":0.0,"event_name":"Addict","player_choice":"Stole Relic","floor":19.0,"gold_loss":0.0,"damage_taken":0.0,"relics_obtained":["Pantograph"],"cards_obtained":["Shame"]},{"cards_removed":["Defend_G"],"damage_healed":0.0,"max_hp_gain":0.0,"max_hp_loss":0.0,"gold_gain":0.0,"event_name":"Beggar","player_choice":"Gave Gold","floor":22.0,"gold_loss":75.0,"damage_taken":0.0},{"damage_healed":0.0,"max_hp_gain":0.0,"max_hp_loss":0.0,"gold_gain":0.0,"event_name":"Ghosts","player_choice":"Ignored","floor":27.0,"gold_loss":0.0,"damage_taken":0.0},{"damage_healed":0.0,"max_hp_gain":0.0,"max_hp_loss":0.0,"gold_gain":0.0,"event_name":"Back to Basics","player_choice":"Simplicity","floor":30.0,"gold_loss":0.0,"damage_taken":0.0,"cards_upgraded":["Strike_G","Strike_G","Strike_G","Strike_G","Strike_G","Defend_G","Defend_G","Defend_G","Defend_G"]},{"damage_healed":26.0,"max_hp_gain":0.0,"max_hp_loss":0.0,"gold_gain":0.0,"event_name":"The Library","player_choice":"Heal","floor":31.0,"gold_loss":0.0,"damage_taken":0.0},{"damage_healed":0.0,"max_hp_gain":0.0,"max_hp_loss":0.0,"gold_gain":0.0,"event_name":"Mysterious Sphere","player_choice":"Fight","floor":36.0,"gold_loss":0.0,"damage_taken":0.0},{"damage_healed":0.0,"max_hp_gain":0.0,"max_hp_loss":0.0,"gold_gain":0.0,"event_name":"MindBloom","player_choice":"Fight","floor":38.0,"gold_loss":0.0,"damage_taken":0.0}],"is_beta":false,"boss_relics":[{"not_picked":["Astrolabe","Empty Cage"],"picked":"Fusion Hammer"},{"not_picked":["Tiny House","HoveringKite"],"picked":"Busted Crown"}],"items_purged_floors":[20],"is_endless":false,"potions_floor_spawned":[2,8,10,12,18,25,29,33,35,36,44],"killed_by":"The Heart","ascension_level":6}}