{"host":"25fn74ijs2305xd4","time":1610993769,"event":{"mods":["AchievementEnabler","BaseMod","Colored Map","Colored Powertips","Dark Map","Minty Spire (QoL Compilation)","Relic Stats","StSLib"],"gold_per_floor":[115,115,36,53,53,86,86,116,139,154,154,174,174,185,185,281,281,292,262,262],"floor_reached":19,"language":"POL","playtime":865,"items_purged":[],"score":232,"play_id":"1c949a6e-649d-429d-8651-6afb49d1e095","local_time":"20210118191609","is_ascension_mode":true,"campfire_choices":[{"data":"Metallicize","floor":7,"key":"SMITH"},{"data":"Entrench","floor":11,"key":"SMITH"},{"data":"Shrug It Off","floor":13,"key":"SMITH"},{"data":"Iron Wave","floor":15,"key":"SMITH"}],"circlet_count":0,"master_deck":["Strike_R+1","Strike_R","Strike_R","Strike_R+1","Strike_R","Defend_R","Defend_R","Defend_R","Defend_R","Bash","Metallicize+1","Entrench+1","Clash","Body Slam","Iron Wave+1","Shrug It Off+1","Feed","Pommel Strike","Juggernaut","Iron Wave"],"relics":["Burning Blood","NeowsBlessing","GremlinMask","Whetstone","Pocketwatch","Nunchaku","Black Star"],"acts_visited":["Exordium","TheCity"],"potions_floor_usage":[],"damage_taken":[{"damage":0,"enemies":"Small Slimes","floor":1,"turns":1},{"damage":0,"enemies":"Cultist","floor":4,"turns":1},{"damage":0,"enemies":"3 Sentries","floor":6,"turns":2},{"damage":24,"enemies":"Lagavulin","floor":8,"turns":7},{"damage":0,"enemies":"2 Louse","floor":10,"turns":4},{"damage":13,"enemies":"Gremlin Gang","floor":12,"turns":8},{"damage":13,"enemies":"Large Slime","floor":14,"turns":6},{"damage":28,"enemies":"The Guardian","floor":16,"turns":17},{"damage":11,"enemies":"Spheric Guardian","floor":18,"turns":6},{"damage":7,"enemies":"2 Thieves","floor":19,"turns":2}],"seed_played":"4015383502457527789","potions_obtained":[{"floor":4,"key":"BlessingOfTheForge"},{"floor":10,"key":"Energy Potion"},{"floor":12,"key":"EssenceOfSteel"},{"floor":14,"key":"BloodPotion"}],"is_trial":false,"path_per_floor":["M","?","$","M","$","E","R","E","T","M","R","M","R","M","R","B",null,"M","M"],"character_chosen":"IRONCLAD","items_purchased":["Entrench"],"campfire_rested":0,"item_purchase_floors":[3],"current_hp_per_floor":[80,80,80,80,80,80,80,62,62,68,68,61,61,57,57,38,86,81,74,74],"gold":262,"neow_bonus":"THREE_ENEMY_KILL","is_daily":false,"chose_seed":false,"campfire_upgraded":4,"win_rate":0.0,"timestamp":1610993769,"path_taken":["M","?","$","M","$","E","R","E","T","?","R","M","R","M","R","BOSS","M","M"],"items_purchased_type":["Card"],"build_version":"2020-12-22","purchased_purges":0,"victory":false,"max_hp_per_floor":[80,80,80,80,80,80,80,80,80,80,80,80,80,83,83,86,86,86,86,86],"relic_stats":{"Nunchaku":[6],"counters":[10,53],"Black Star":0,"Whetstone":["Strike_R","Strike_R"],"obtain_stats":[{"Nunchaku":9,"NeowsBlessing":0,"GremlinMask":2,"Black Star":17,"Whetstone":6,"Burning Blood":0,"Pocketwatch":8},{"Nunchaku":4,"NeowsBlessing":0,"GremlinMask":1,"Black Star":8,"Whetstone":3,"Burning Blood":0,"Pocketwatch":4},{"Nunchaku":11,"NeowsBlessing":0,"GremlinMask":1,"Black Star":46,"Whetstone":4,"Burning Blood":0,"Pocketwatch":11}],"Burning Blood":36,"Pocketwatch":[93]},"card_choices":[{"not_picked":["Clash","Body Slam"],"picked":"Metallicize","floor":1},{"not_picked":["Armaments","Double Tap"],"picked":"Clash","floor":4},{"not_picked":["Headbutt","Infernal Blade"],"picked":"Body Slam","floor":6},{"not_picked":["Headbutt","Dropkick"],"picked":"Iron Wave","floor":8},{"not_picked":["Blood for Blood","Combust"],"picked":"Shrug It Off","floor":10},{"not_picked":["Iron Wave","Headbutt"],"picked":"Feed","floor":12},{"not_picked":["Havoc","Clash"],"picked":"Pommel Strike","floor":14},{"not_picked":["Berserk","Immolate"],"picked":"Juggernaut","floor":16},{"not_picked":["Havoc","Twin Strike"],"picked":"Iron Wave","floor":18}],"player_experience":63061,"relics_obtained":[{"floor":6,"key":"Whetstone"},{"floor":8,"key":"Pocketwatch"},{"floor":9,"key":"Nunchaku"}],"event_choices":[{"damage_healed":0,"gold_gain":0,"player_choice":"Trade","damage_taken":0,"relics_obtained":["GremlinMask"],"max_hp_gain":0,"max_hp_loss":0,"event_name":"FaceTrader","floor":2,"gold_loss":0}],"is_beta":false,"boss_relics":[{"not_picked":["Runic Cube","Runic Pyramid"],"picked":"Black Star"}],"items_purged_floors":[],"is_endless":false,"potions_floor_spawned":[4,10,12,14],"killed_by":"2 Thieves","ascension_level":3}}