{"host":"rolltorest","time":1610929929,"event":{"mods":["BaseMod","Minty Spire (QoL Compilation)","Relic Stats","Slay the Relics Exporter","StSLib"],"gold_per_floor":[112,123,137,137,137,177,327,327,327,361,142,158,158,193,193,286,286,302,302,327,327,9,40,40,40,40,58,58,58,58],"floor_reached":29,"language":"ENG","playtime":815,"items_purged":["Doubt","Strike_B"],"score":518,"play_id":"5e351f4c-5bfe-476e-adab-f283f91e9b94","local_time":"20210117163209","is_ascension_mode":true,"campfire_choices":[{"data":"Lockon","floor":8,"key":"SMITH"},{"data":"Defragment","floor":15,"key":"SMITH"},{"data":"Reinforced Body","floor":24,"key":"SMITH"},{"floor":28,"key":"REST"}],"circlet_count":0,"master_deck":["AscendersBane","Strike_B+1","Strike_B","Defend_B","Defend_B","Defend_B","Defend_B","Zap","Dualcast","Lockon+1","Cold Snap","Glacier","Ball Lightning+1","Conserve Battery","Reinforced Body+1","Self Repair","Defragment+1","Echo Form","Beam Cell","Barrage+1","Necronomicurse","Sweeping Beam","Reprogram","Genetic Algorithm"],"relics":["Runic Pyramid","StrikeDummy","Golden Idol","Blue Candle","Question Card","Whetstone","Du-Vu Doll","Cursed Key","MutagenicStrength","Necronomicon","Chemical X","Omamori","Matryoshka"],"acts_visited":["Exordium","TheCity"],"potions_floor_usage":[6,27,29],"damage_taken":[{"damage":4,"enemies":"Jaw Worm","floor":1,"turns":4},{"damage":1,"enemies":"2 Louse","floor":2,"turns":3},{"damage":4,"enemies":"Small Slimes","floor":3,"turns":4},{"damage":3,"enemies":"3 Sentries","floor":6,"turns":8},{"damage":13,"enemies":"Lagavulin","floor":10,"turns":7},{"damage":1,"enemies":"3 Louse","floor":12,"turns":4},{"damage":6,"enemies":"3 Sentries","floor":14,"turns":7},{"damage":16,"enemies":"Hexaghost","floor":16,"turns":11},{"damage":22,"enemies":"2 Thieves","floor":18,"turns":5},{"damage":0,"enemies":"Chosen","floor":20,"turns":5},{"damage":29,"enemies":"Gremlin Leader","floor":23,"turns":9},{"damage":15,"enemies":"Snake Plant","floor":27,"turns":5},{"damage":21,"enemies":"Slavers","floor":29,"turns":3}],"seed_played":"-8073422313164835332","potions_obtained":[{"floor":2,"key":"Fire Potion"},{"floor":3,"key":"GamblersBrew"}],"is_trial":false,"path_per_floor":["M","M","M","?","?","E","?","R","T","E","$","M","?","E","R","B",null,"M","?","M","?","$","E","R","?","T","M","R","E"],"character_chosen":"DEFECT","items_purchased":["PowerPotion","Reinforced Body","Chemical X","Sweeping Beam"],"campfire_rested":1,"item_purchase_floors":[11,11,22,22],"current_hp_per_floor":[60,59,55,44,44,41,41,41,41,28,28,27,32,33,33,24,58,43,43,57,36,36,21,21,21,21,20,40,19,19],"gold":58,"neow_bonus":"BOSS_RELIC","is_daily":false,"chose_seed":false,"campfire_upgraded":3,"win_rate":0.0,"timestamp":1610929929,"path_taken":["M","M","M","?","?","E","?","R","T","E","$","M","?","E","R","BOSS","M","?","M","?","$","E","R","?","T","?","R","E"],"items_purchased_type":["Potion","Card","Relic","Card"],"build_version":"2020-12-18","purchased_purges":2,"victory":false,"max_hp_per_floor":[71,71,71,71,64,64,64,64,64,64,64,64,69,69,69,69,69,69,69,69,69,69,69,69,69,69,69,69,69,69],"relic_stats":{"counters":[13,75],"Golden Idol":62,"Blue Candle":[1],"Necronomicon":[0],"Whetstone":["Strike_B","Ball Lightning"],"Chemical X":[8],"Question Card":8,"Cursed Key":1,"obtain_stats":[{"Golden Idol":5,"Blue Candle":6,"Omamori":23,"Whetstone":10,"Question Card":9,"Cursed Key":17,"Du-Vu Doll":14,"Matryoshka":26,"MutagenicStrength":19,"Necronomicon":21,"Chemical X":22,"Cracked Core":0,"StrikeDummy":4,"Runic Pyramid":0},{"Golden Idol":3,"Blue Candle":4,"Omamori":11,"Whetstone":5,"Question Card":4,"Cursed Key":8,"Du-Vu Doll":7,"Matryoshka":11,"MutagenicStrength":9,"Necronomicon":10,"Chemical X":10,"Cracked Core":0,"StrikeDummy":3,"Runic Pyramid":0},{"Golden Idol":11,"Blue Candle":19,"Omamori":67,"Whetstone":26,"Question Card":19,"Cursed Key":48,"Du-Vu Doll":37,"Matryoshka":67,"MutagenicStrength":53,"Necronomicon":58,"Chemical X":58,"Cracked Core":0,"StrikeDummy":11,"Runic Pyramid":0}]},"card_choices":[{"not_picked":["Coolheaded","Chaos"],"picked":"Lockon","floor":1},{"not_picked":["Darkness","Gash"],"picked":"Cold Snap","floor":2},{"not_picked":["Go for the Eyes","Conserve Battery"],"picked":"Glacier","floor":3},{"not_picked":["Melter","Gash"],"picked":"Ball Lightning","floor":6},{"not_picked":["Hologram","Beam Cell","Rebound"],"picked":"Conserve Battery","floor":10},{"not_picked":["Sweeping Beam","Leap","Storm"],"picked":"Self Repair","floor":12},{"not_picked":["Cold Snap","Conserve Battery","Turbo"],"picked":"Defragment","floor":14},{"not_picked":["All For One","Biased Cognition","Thunder Strike"],"picked":"Echo Form","floor":16},{"not_picked":["Redo","Ball Lightning+1","Rebound"],"picked":"Beam Cell","floor":18},{"not_picked":["Compile Driver","Ball Lightning","Static Discharge"],"picked":"Barrage+1","floor":20},{"not_picked":["Storm","Lockon","Cold Snap","White Noise"],"picked":"SKIP","floor":23},{"not_picked":["Auto Shields","Compile Driver","Rebound"],"picked":"Genetic Algorithm","floor":27}],"player_experience":1722229,"relics_obtained":[{"floor":6,"key":"Blue Candle"},{"floor":9,"key":"Question Card"},{"floor":10,"key":"Whetstone"},{"floor":14,"key":"Du-Vu Doll"},{"floor":21,"key":"Necronomicon"},{"floor":23,"key":"Omamori"},{"floor":26,"key":"Matryoshka"}],"event_choices":[{"damage_healed":0,"gold_gain":0,"player_choice":"Success","damage_taken":11,"relics_obtained":["StrikeDummy"],"max_hp_gain":0,"max_hp_loss":0,"event_name":"Scrap Ooze","floor":4,"gold_loss":0},{"damage_healed":0,"gold_gain":0,"player_choice":"Lose Max HP","damage_taken":0,"relics_obtained":["Golden Idol"],"max_hp_gain":0,"max_hp_loss":7,"event_name":"Golden Idol","floor":5,"gold_loss":0},{"damage_healed":0,"gold_gain":150,"player_choice":"AGREE","damage_taken":0,"max_hp_gain":0,"max_hp_loss":0,"event_name":"Liars Game","floor":7,"gold_loss":0,"cards_obtained":["Doubt"]},{"damage_healed":0,"gold_gain":0,"player_choice":"Donut","damage_taken":0,"max_hp_gain":5,"max_hp_loss":0,"event_name":"Big Fish","floor":13,"gold_loss":0},{"damage_healed":0,"gold_gain":0,"player_choice":"Inject Mutagens","damage_taken":0,"relics_obtained":["MutagenicStrength"],"max_hp_gain":0,"max_hp_loss":0,"event_name":"Drug Dealer","floor":19,"gold_loss":0},{"damage_healed":0,"gold_gain":0,"player_choice":"Obtained Book","damage_taken":21,"max_hp_gain":0,"max_hp_loss":0,"event_name":"Cursed Tome","floor":21,"gold_loss":0},{"damage_healed":0,"gold_gain":0,"cards_transformed":["Strike_B"],"player_choice":"Transformed","damage_taken":0,"max_hp_gain":0,"max_hp_loss":0,"event_name":"Transmorgrifier","floor":25,"gold_loss":0,"cards_obtained":["Reprogram"]}],"is_beta":true,"boss_relics":[{"not_picked":["Ectoplasm","Fusion Hammer"],"picked":"Cursed Key"}],"items_purged_floors":[11,22],"is_endless":false,"potions_floor_spawned":[2,3,16],"killed_by":"Slavers","ascension_level":20}}