{"host":"3jhxjeq8h3mqaq9s","time":1610936067,"event":{"mods":["BaseMod","Bestiary","Colored Map","Highlight Path","Minty Spire (QoL Compilation)","Rare Cards Sparkle","Relic Stats","StSLib","everything is the same but u backflip on backflip","slay the spire mod where everything is the same but ironclad has a cowboy hat"],"gold_per_floor":[115,131,143,143,162,191,191,223,269,269,293,327,352,381,393,405,405],"floor_reached":16,"language":"ENG","playtime":576,"items_purged":[],"score":153,"play_id":"871c867d-cc49-425b-bd6d-426298440d6c","local_time":"20210117211427","is_ascension_mode":true,"campfire_choices":[{"data":"Eruption","floor":7,"key":"SMITH"},{"floor":10,"key":"REST"},{"floor":15,"key":"REST"}],"circlet_count":0,"master_deck":["Strike_P","Strike_P","Strike_P","Strike_P","Defend_P","Defend_P","Defend_P","Defend_P","Eruption+1","Vigilance","Devotion","ThirdEye","Conclude","EmptyFist","SpiritShield","SashWhip"],"relics":["PureWater","Torii","Bottled Flame","MealTicket","MawBank"],"acts_visited":["Exordium"],"potions_floor_usage":[12],"damage_taken":[{"damage":0.0,"enemies":"Small Slimes","floor":1.0,"turns":3.0},{"damage":6.0,"enemies":"Jaw Worm","floor":2.0,"turns":6.0},{"damage":0.0,"enemies":"2 Louse","floor":3.0,"turns":1.0},{"damage":1.0,"enemies":"Looter","floor":5.0,"turns":4.0},{"damage":32,"enemies":"Gremlin Nob","floor":6,"turns":3},{"damage":16,"enemies":"Lagavulin","floor":8,"turns":5},{"damage":28,"enemies":"3 Sentries","floor":12,"turns":7},{"damage":0,"enemies":"Exordium Wildlife","floor":13,"turns":3},{"damage":1,"enemies":"Blue Slaver","floor":14,"turns":4},{"damage":40,"enemies":"Hexaghost","floor":16,"turns":10}],"seed_played":"-5766596299860851618","potions_obtained":[{"floor":3.0,"key":"BlessingOfTheForge"},{"floor":6,"key":"Ancient Potion"},{"floor":8,"key":"Swift Potion"}],"is_trial":false,"path_per_floor":["M","M","M","?","M","E","R","E","T","R","T","E","M","M","R","B"],"character_chosen":"WATCHER","items_purchased":[],"campfire_rested":2,"item_purchase_floors":[],"current_hp_per_floor":[72,66,66,71,70,38,38,22,22,45,45,17,17,16,39,0,0],"gold":405,"neow_bonus":"ONE_RANDOM_RARE_CARD","is_daily":false,"chose_seed":false,"campfire_upgraded":1,"win_rate":0.0,"timestamp":1610936067,"path_taken":["M","M","M","?","M","E","R","E","T","R","?","E","M","M","R","BOSS"],"items_purchased_type":[],"build_version":"2020-12-22","purchased_purges":0,"victory":false,"max_hp_per_floor":[72,72,72,77,77,77,77,77,77,77,77,77,77,77,77,77,77],"relic_stats":{"Torii":28,"counters":[10,46],"MealTicket":0,"MawBank":48,"obtain_stats":[{"Bottled Flame":8,"Torii":6,"MealTicket":9,"PureWater":0,"MawBank":12},{"Bottled Flame":6,"Torii":5,"MealTicket":6,"PureWater":0,"MawBank":7},{"Bottled Flame":22,"Torii":17,"MealTicket":22,"PureWater":0,"MawBank":29}]},"card_choices":[{"not_picked":["JustLucky","ReachHeaven"],"picked":"ThirdEye","floor":1.0},{"not_picked":["Consecrate","ThirdEye"],"picked":"Conclude","floor":2.0},{"not_picked":["DeceiveReality","Prostrate","FollowUp"],"picked":"SKIP","floor":3.0},{"not_picked":["FollowUp","Collect"],"picked":"EmptyFist","floor":5.0},{"not_picked":["Consecrate","Worship","CrushJoints"],"picked":"SKIP","floor":6},{"not_picked":["EmptyFist","Prostrate"],"picked":"SpiritShield","floor":8},{"not_picked":["Wish","EmptyFist"],"picked":"SashWhip","floor":12},{"not_picked":["CrushJoints","Prostrate","ReachHeaven"],"picked":"SKIP","floor":13},{"not_picked":["PathToVictory","ClearTheMind","Crescendo"],"picked":"SKIP","floor":14}],"player_experience":2462534,"relics_obtained":[{"floor":6,"key":"Torii"},{"floor":8,"key":"Bottled Flame"},{"floor":9,"key":"MealTicket"},{"floor":12,"key":"MawBank"}],"event_choices":[{"damage_healed":0.0,"max_hp_gain":5.0,"max_hp_loss":0.0,"gold_gain":0.0,"event_name":"Big Fish","player_choice":"Donut","floor":4.0,"gold_loss":0.0,"damage_taken":0.0}],"is_beta":false,"boss_relics":[],"items_purged_floors":[],"is_endless":false,"potions_floor_spawned":[3,6,8],"killed_by":"Hexaghost","ascension_level":5}}