{"host":"c6u7e77myxvw4d0m","time":1610955953,"event":{"mods":["AchievementEnabler","BaseMod","Bestiary","Colored Map","Colored Powertips","Minty Spire (QoL Compilation)","Rare Cards Sparkle","Relic Stats","everything is the same but u backflip on backflip"],"gold_per_floor":[117,117,0,0,17,17,44,55,55,84,159,159,173,173,173,250,250,267,280,280,114,126,157,157,173,173,189,189,203,237,257,257,334,334,351,4,4,4,15,15,15],"floor_reached":40,"language":"ENG","playtime":3245,"items_purged":["Defend_G"],"score":807,"play_id":"22cea884-c3a6-4768-8368-c51aa7deb75b","local_time":"20210118094553","is_ascension_mode":true,"campfire_choices":[{"data":"Poisoned Stab","floor":6.0,"key":"SMITH"},{"floor":12.0,"key":"REST"},{"data":"Bane","floor":15.0,"key":"SMITH"},{"floor":24,"key":"REST"},{"floor":32,"key":"REST"}],"circlet_count":0,"master_deck":["AscendersBane","Strike_G","Strike_G","Strike_G","Strike_G","Strike_G","Defend_G","Defend_G","Defend_G","Defend_G","Survivor","Neutralize","CurseOfTheBell","Dagger Spray+1","Dash","Backflip","Poisoned Stab+1","Backstab","Bane+1","Dodge and Roll","Glass Knife+1","Terror","PiercingWail","Corpse Explosion+1","Leg Sweep+1"],"relics":["Calling Bell","Snake Skull","White Beast Statue","CaptainsWheel","StrikeDummy","Letter Opener","Mercury Hourglass","Gambling Chip","Cursed Key","Medical Kit","Lizard Tail","Nilry\u0027s Codex","Pantograph","Busted Crown","Gremlin Horn"],"acts_visited":["Exordium","TheCity","TheBeyond"],"potions_floor_usage":[22,23,25,27,30,30,33,35,39,40],"damage_taken":[{"damage":7.0,"enemies":"Small Slimes","floor":1.0,"turns":5.0},{"damage":2.0,"enemies":"Jaw Worm","floor":5.0,"turns":3.0},{"damage":13.0,"enemies":"Gremlin Nob","floor":7.0,"turns":4.0},{"damage":0.0,"enemies":"2 Louse","floor":8.0,"turns":1.0},{"damage":4.0,"enemies":"Lagavulin","floor":10.0,"turns":4.0},{"damage":0.0,"enemies":"Large Slime","floor":13.0,"turns":3.0},{"damage":7.0,"enemies":"Slime Boss","floor":16.0,"turns":7.0},{"damage":0.0,"enemies":"Chosen","floor":18.0,"turns":3.0},{"damage":7.0,"enemies":"3 Byrds","floor":19.0,"turns":3.0},{"damage":24,"enemies":"Snake Plant","floor":22,"turns":2},{"damage":17,"enemies":"Book of Stabbing","floor":23,"turns":4},{"damage":13,"enemies":"Shelled Parasite and Fungi","floor":25,"turns":4},{"damage":0,"enemies":"Cultist and Chosen","floor":27,"turns":5},{"damage":3,"enemies":"Sentry and Sphere","floor":29,"turns":5},{"damage":1,"enemies":"Slavers","floor":30,"turns":6},{"damage":4,"enemies":"Shelled Parasite and Fungi","floor":31,"turns":4},{"damage":84,"enemies":"Automaton","floor":33,"turns":12},{"damage":30,"enemies":"3 Darklings","floor":35,"turns":5},{"damage":0,"enemies":"3 Shapes","floor":39,"turns":5},{"damage":34,"enemies":"Giant Head","floor":40,"turns":7}],"seed_played":"1358191570963112034","potions_obtained":[{"floor":1.0,"key":"CunningPotion"},{"floor":5.0,"key":"CunningPotion"},{"floor":7.0,"key":"Swift Potion"},{"floor":8.0,"key":"Ancient Potion"},{"floor":10.0,"key":"Energy Potion"},{"floor":13.0,"key":"Energy Potion"},{"floor":16.0,"key":"FearPotion"},{"floor":18.0,"key":"DistilledChaos"},{"floor":19.0,"key":"Ancient Potion"},{"floor":22,"key":"SteroidPotion"},{"floor":23,"key":"Block Potion"},{"floor":25,"key":"Dexterity Potion"},{"floor":27,"key":"FairyPotion"},{"floor":29,"key":"Block Potion"},{"floor":30,"key":"LiquidBronze"},{"floor":31,"key":"SteroidPotion"},{"floor":33,"key":"LiquidMemories"},{"floor":35,"key":"EssenceOfSteel"},{"floor":39,"key":"EssenceOfSteel"}],"is_trial":false,"path_per_floor":["M","?","$","?","M","R","E","M","T","E","?","R","M","?","R","B",null,"M","M","?","$","M","E","R","M","T","M","?","M","E","M","R","B",null,"M","$","?","?","M","E"],"character_chosen":"THE_SILENT","items_purchased":["Dash","Backflip","Medical Kit","Gremlin Horn"],"campfire_rested":3,"item_purchase_floors":[3,3,21,36],"current_hp_per_floor":[52,34,34,34,32,32,19,19,19,15,4,23,23,23,23,16,54,54,47,47,47,23,6,25,12,12,12,19,16,15,11,30,7,51,21,21,21,21,21,0,0],"gold":15,"neow_bonus":"BOSS_RELIC","is_daily":false,"chose_seed":false,"campfire_upgraded":2,"win_rate":0.0,"timestamp":1610955953,"path_taken":["M","?","$","?","M","R","E","M","T","E","?","R","M","?","R","BOSS","M","M","?","$","M","E","R","M","T","?","?","M","E","M","R","BOSS","M","$","?","?","?","E"],"items_purchased_type":["Card","Card","Relic","Relic"],"build_version":"2020-12-22","purchased_purges":1,"victory":false,"max_hp_per_floor":[66,66,66,66,66,66,66,66,66,66,66,66,66,66,66,66,66,66,66,66,66,66,66,66,66,66,66,66,66,66,66,66,66,66,66,66,66,66,66,66,66],"relic_stats":{"Lizard Tail":33,"Busted Crown":4,"Gremlin Horn":[2,2],"counters":[20,89],"Gambling Chip":[32],"Pantograph":25,"Snake Skull":[24],"Letter Opener":[85],"Cursed Key":0,"Medical Kit":[1],"obtain_stats":[{"Gremlin Horn":36,"Nilry\u0027s Codex":28,"Snake Skull":0,"Letter Opener":7,"Cursed Key":17,"Medical Kit":21,"White Beast Statue":0,"Mercury Hourglass":9,"Calling Bell":0,"CaptainsWheel":0,"Lizard Tail":23,"Busted Crown":34,"Gambling Chip":10,"Pantograph":30,"StrikeDummy":2,"Ring of the Snake":0},{"Gremlin Horn":18,"Nilry\u0027s Codex":13,"Snake Skull":0,"Letter Opener":3,"Cursed Key":7,"Medical Kit":9,"White Beast Statue":0,"Mercury Hourglass":4,"Calling Bell":0,"CaptainsWheel":0,"Lizard Tail":11,"Busted Crown":17,"Gambling Chip":5,"Pantograph":15,"StrikeDummy":1,"Ring of the Snake":0},{"Gremlin Horn":78,"Nilry\u0027s Codex":46,"Snake Skull":0,"Letter Opener":12,"Cursed Key":26,"Medical Kit":32,"White Beast Statue":0,"Mercury Hourglass":13,"Calling Bell":0,"CaptainsWheel":0,"Lizard Tail":38,"Busted Crown":73,"Gambling Chip":17,"Pantograph":57,"StrikeDummy":5,"Ring of the Snake":0}],"Mercury Hourglass":[300]},"card_choices":[{"not_picked":["Underhanded Strike","Dagger Throw"],"picked":"Dagger Spray","floor":1.0},{"not_picked":["Blade Dance","Eviscerate"],"picked":"Poisoned Stab","floor":5.0},{"not_picked":["Slice","Backflip","Blur"],"picked":"SKIP","floor":7.0},{"not_picked":["Outmaneuver","Slice"],"picked":"Backstab","floor":8.0},{"not_picked":["Predator","Acrobatics"],"picked":"Bane","floor":10.0},{"not_picked":["Tactician","Reflex"],"picked":"Dodge and Roll","floor":13.0},{"not_picked":["Doppelganger","Storm of Steel"],"picked":"Glass Knife","floor":16.0},{"not_picked":["Dodge and Roll","Acrobatics","Infinite Blades"],"picked":"SKIP","floor":18.0},{"not_picked":["Outmaneuver","Bane","Underhanded Strike"],"picked":"SKIP","floor":19.0},{"not_picked":["Quick Slash","Blade Dance","Distraction"],"picked":"SKIP","floor":22},{"not_picked":["Setup","Finisher+1"],"picked":"Terror","floor":23},{"not_picked":["Distraction","Outmaneuver","Deflect"],"picked":"SKIP","floor":25},{"not_picked":["Cloak And Dagger","Blade Dance"],"picked":"PiercingWail","floor":27},{"not_picked":["Finisher","Acrobatics","Setup"],"picked":"SKIP","floor":29},{"not_picked":["Endless Agony+1","Acrobatics"],"picked":"A Thousand Cuts","floor":30},{"not_picked":["Concentrate","Accuracy","Dodge and Roll"],"picked":"SKIP","floor":31},{"not_picked":["Venomology","Die Die Die"],"picked":"Corpse Explosion","floor":33},{"not_picked":["Slice"],"picked":"SKIP","floor":35},{"not_picked":[],"picked":"Leg Sweep+1","floor":39}],"player_experience":394252,"relics_obtained":[{"floor":0.0,"key":"Snake Skull"},{"floor":0.0,"key":"White Beast Statue"},{"floor":0.0,"key":"CaptainsWheel"},{"floor":7.0,"key":"Letter Opener"},{"floor":9.0,"key":"Mercury Hourglass"},{"floor":10.0,"key":"Gambling Chip"},{"floor":23,"key":"Lizard Tail"},{"floor":28,"key":"Nilry\u0027s Codex"},{"floor":30,"key":"Pantograph"}],"event_choices":[{"damage_healed":0.0,"max_hp_gain":0.0,"max_hp_loss":0.0,"gold_gain":0.0,"event_name":"Scrap Ooze","player_choice":"Success","floor":2.0,"gold_loss":0.0,"damage_taken":18.0,"relics_obtained":["StrikeDummy"]},{"damage_healed":0.0,"max_hp_gain":0.0,"max_hp_loss":0.0,"gold_gain":0.0,"event_name":"Living Wall","player_choice":"Grow","floor":4.0,"gold_loss":0.0,"damage_taken":0.0,"cards_upgraded":["Dagger Spray"]},{"damage_healed":0.0,"max_hp_gain":0.0,"max_hp_loss":0.0,"gold_gain":75.0,"event_name":"World of Goop","player_choice":"Gather Gold","floor":11.0,"gold_loss":0.0,"damage_taken":11.0},{"damage_healed":0.0,"max_hp_gain":0.0,"max_hp_loss":0.0,"gold_gain":0.0,"event_name":"Liars Game","player_choice":"Ignored","floor":14.0,"gold_loss":0.0,"damage_taken":0.0},{"damage_healed":0.0,"max_hp_gain":0.0,"max_hp_loss":0.0,"gold_gain":0.0,"event_name":"Upgrade Shrine","player_choice":"Upgraded","floor":20.0,"gold_loss":0.0,"damage_taken":0.0,"cards_upgraded":["Glass Knife"]},{"damage_healed":0,"gold_gain":0,"player_choice":"Obtained Book","damage_taken":21,"max_hp_gain":0,"max_hp_loss":0,"event_name":"Cursed Tome","floor":28,"gold_loss":0},{"cards_removed":["A Thousand Cuts"],"damage_healed":0,"gold_gain":0,"player_choice":"Removed Power","damage_taken":0,"max_hp_gain":0,"max_hp_loss":0,"event_name":"Falling","floor":37,"gold_loss":0},{"damage_healed":0,"gold_gain":0,"player_choice":"Forge","damage_taken":0,"max_hp_gain":0,"max_hp_loss":0,"event_name":"Accursed Blacksmith","floor":38,"gold_loss":0,"cards_upgraded":["Corpse Explosion"]}],"is_beta":false,"boss_relics":[{"not_picked":["Runic Dome","SlaversCollar"],"picked":"Cursed Key"},{"not_picked":["Empty Cage","Astrolabe"],"picked":"Busted Crown"}],"items_purged_floors":[36],"is_endless":false,"potions_floor_spawned":[1,5,7,8,10,13,16,18,19,22,23,25,27,29,30,31,33,35,39],"killed_by":"Giant Head","ascension_level":17}}