{"host":"9tzam4717zt8ei1o","time":1610974952,"event":{"mods":["BaseMod","Colored Map","Keyboard Shortcuts","Minty Spire (QoL Compilation)","Quick Restart","StSLib","SuperFastMode"],"gold_per_floor":[115,126,51,70,85,85,85,85,130,160,235,255,272,272,272],"floor_reached":14,"language":"KOR","playtime":213,"items_purged":["Strike_G"],"score":98,"play_id":"be29b067-97d1-4f9b-b3d3-bf89ed68ee91","local_time":"20210118220232","is_ascension_mode":true,"campfire_choices":[{"data":"Prepared","floor":6.0,"key":"SMITH"}],"circlet_count":0,"master_deck":["Strike_G","Strike_G","Strike_G","Strike_G","Defend_G","Defend_G","Defend_G+1","Defend_G","Defend_G+1","Survivor","Neutralize","Tools of the Trade","Eviscerate","Prepared+1"],"relics":["Ring of the Snake","Anchor","War Paint"],"acts_visited":["Exordium"],"potions_floor_usage":[13],"damage_taken":[{"damage":5.0,"enemies":"Jaw Worm","floor":1.0,"turns":6.0},{"damage":4.0,"enemies":"2 Louse","floor":2.0,"turns":3.0},{"damage":7.0,"enemies":"Small Slimes","floor":4.0,"turns":4.0},{"damage":8.0,"enemies":"3 Louse","floor":5.0,"turns":6.0},{"damage":1.0,"enemies":"Blue Slaver","floor":12.0,"turns":4.0},{"damage":6,"enemies":"Gremlin Gang","floor":13,"turns":5},{"damage":0,"enemies":"3 Sentries","floor":14,"turns":2}],"seed_played":"-1219781937246032871","potions_obtained":[{"floor":4.0,"key":"GamblersBrew"},{"floor":12.0,"key":"PowerPotion"},{"floor":13,"key":"SpeedPotion"}],"is_trial":false,"path_per_floor":["M","M","$","M","M","R","$","?","T","?","?","M","M","E"],"character_chosen":"THE_SILENT","items_purchased":[],"campfire_rested":0,"item_purchase_floors":[],"current_hp_per_floor":[65,61,61,54,46,46,46,28,28,28,17,16,10,10,10],"gold":272,"neow_bonus":"ONE_RANDOM_RARE_CARD","is_daily":false,"chose_seed":false,"campfire_upgraded":1,"win_rate":0.0,"timestamp":1610974952,"path_taken":["M","M","$","M","M","R","$","?","T","?","?","M","M","E"],"items_purchased_type":[],"build_version":"2020-12-22","purchased_purges":1,"victory":false,"max_hp_per_floor":[70,70,70,70,70,70,70,70,70,70,70,70,70,70,70],"card_choices":[{"not_picked":["Dagger Throw","Poisoned Stab"],"picked":"Eviscerate","floor":1.0},{"not_picked":["Deflect","All Out Attack","Distraction"],"picked":"SKIP","floor":2.0},{"not_picked":["Infinite Blades","Dodge and Roll","Underhanded Strike"],"picked":"SKIP","floor":4.0},{"not_picked":["Outmaneuver","Dodge and Roll"],"picked":"Prepared","floor":5.0},{"not_picked":["Blade Dance","Slice","Quick Slash"],"picked":"SKIP","floor":12.0},{"not_picked":["Deadly Poison","Quick Slash","Dodge and Roll"],"picked":"SKIP","floor":13}],"player_experience":77569,"relics_obtained":[{"floor":9.0,"key":"War Paint"}],"event_choices":[{"damage_healed":0.0,"max_hp_gain":0.0,"max_hp_loss":0.0,"gold_gain":0.0,"event_name":"Scrap Ooze","player_choice":"Success","floor":8.0,"gold_loss":0.0,"damage_taken":18.0,"relics_obtained":["Anchor"]},{"damage_healed":0.0,"max_hp_gain":0.0,"max_hp_loss":0.0,"gold_gain":30.0,"event_name":"Dead Adventurer","player_choice":"Searched \u00272\u0027 times","floor":10.0,"gold_loss":0.0,"damage_taken":0.0},{"damage_healed":0.0,"max_hp_gain":0.0,"max_hp_loss":0.0,"gold_gain":75.0,"event_name":"World of Goop","player_choice":"Gather Gold","floor":11.0,"gold_loss":0.0,"damage_taken":11.0}],"is_beta":false,"boss_relics":[],"items_purged_floors":[3],"is_endless":false,"potions_floor_spawned":[4,12,13],"killed_by":"3 Sentries","ascension_level":4}}