{"host":"guv5thfpx4d8ikzb","time":1610989271,"event":{"mods":["2.2 Compatiblity","AchievementEnabler","BaseMod","Block Reminder","Colored Map","Colored Powertips","Downfall","Minty Spire (QoL Compilation)","Permanent Neow","Quick Restart","Relic Stats","StSLib"],"gold_per_floor":[99,112,122,122,19,69,94,129,29,29,29,50,77,68,91,197,197,197,221,230,230,230,230,254,279,315,315,351,84,84,118,137,246,246,246,268,388,422,422,422,490,490,513,539,201,245,245,94,106,106,106,144,40,40,40,40],"floor_reached":57,"language":"ENG","playtime":5887,"items_purged":["bronze:Strike","bronze:Strike","bronze:Defend"],"score":1293,"play_id":"62f1cc9f-9481-4895-905a-4b9962ab0398","local_time":"20210118120111","is_ascension_mode":false,"campfire_choices":[{"floor":1,"key":"RECALL"},{"data":"bronze:DazingPulse","floor":6,"key":"SMITH"},{"data":"bronze:Replicate","floor":9,"key":"SMITH"},{"data":"bronze:Shield","floor":11,"key":"SMITH"},{"data":"bronze:Spike","floor":18,"key":"SMITH"},{"data":"bronze:Goto","floor":23,"key":"SMITH"},{"data":"bronze:Invalidate","floor":30,"key":"SMITH"},{"data":"bronze:Format","floor":35,"key":"SMITH"},{"data":"bronze:MaxOutput","floor":40,"key":"SMITH"},{"data":"bronze:RecursiveStrike","floor":42,"key":"SMITH"},{"data":"bronze:SpaghettiCode","floor":47,"key":"SMITH"},{"data":"bronze:Verify","floor":54,"key":"SMITH"}],"circlet_count":0,"master_deck":["bronze:Defend+1","bronze:Defend","bronze:Replicate+1","bronze:Goto+1","Swift Strike+1","bronze:DigitalCarnage+1","bronze:DazingPulse+1","bronze:Spike+1","bronze:ChosenStrike","bronze:Assembly+1","bronze:Mutator+1","bronze:Shield+1","bronze:Fortify+1","bronze:ChildClass","bronze:Assembly+1","bronze:BronzeOrb","bronze:Verify+1","bronze:Branch+1","bronze:ChildClass","bronze:MaxOutput+1","bronze:Boost+1","bronze:CleanCode+1","bronze:Invalidate+1","bronze:Flail","bronze:Branch+1","bronze:RecursiveStrike+1","bronze:Format+1","bronze:Invalidate+1","bronze:ClassDefault+1","bronze:BuggyMess+1","bronze:BuggyMess+1","bronze:ItsAFeature+1","bronze:SpaghettiCode+1","bronze:Deprecate+1","bronze:ClassDefault+1","bronze:Repulsor"],"relics":["bronze:BronzeCore","Membership Card","Incense Burner","downfall:HeartBlessingRed","CeramicFish","Prayer Wheel","downfall:HeartBlessingGreen","champ:Barbells","InkBottle","Sozu","Meat on the Bone","MutagenicStrength","Whetstone","Bottled Lightning","Bag of Marbles","downfall:HeartBlessingBlue","bronze:MakeshiftBattery","FossilizedHelix","Blood Vial","Sundial","Guardian:PocketSentry","Strange Spoon","Eternal Feather","Art of War","ClockworkSouvenir","hexamod:BolsterEngine","Turnip","Lantern"],"acts_visited":["Exordium","TheCity","TheBeyond","TheEnding"],"potions_floor_usage":[4,46,56,56],"damage_taken":[{"damage":1,"enemies":"2 Louse","floor":2,"turns":4},{"damage":11,"enemies":"Jaw Worm","floor":3,"turns":2},{"damage":10,"enemies":"Jaw Worm","floor":4,"turns":5},{"damage":0,"enemies":"downfall:FleeingMerchant","floor":5,"turns":4},{"damage":15,"enemies":"3 Sentries","floor":8,"turns":6},{"damage":0,"enemies":"Cultist","floor":12,"turns":3},{"damage":0,"enemies":"Large Slime","floor":13,"turns":2},{"damage":0,"enemies":"downfall:FleeingMerchant","floor":14,"turns":4},{"damage":0,"enemies":"3 Louse","floor":15,"turns":2},{"damage":5,"enemies":"SI_SHIV_ARCHETYPE","floor":16,"turns":8},{"damage":0,"enemies":"3 Byrds","floor":19,"turns":3},{"damage":0,"enemies":"Centurion and Healer","floor":25,"turns":5},{"damage":1,"enemies":"Slavers","floor":26,"turns":6},{"damage":0,"enemies":"Book of Stabbing","floor":28,"turns":4},{"damage":4,"enemies":"downfall:FleeingMerchant","floor":29,"turns":4},{"damage":0,"enemies":"Shelled Parasite and Fungi","floor":31,"turns":3},{"damage":0,"enemies":"Sentry and Sphere","floor":32,"turns":1},{"damage":16,"enemies":"IC_MUSHROOM_ARCHETYPE","floor":33,"turns":5},{"damage":0,"enemies":"Orb Walker","floor":36,"turns":1},{"damage":0,"enemies":"downfall:FleeingMerchant","floor":37,"turns":1},{"damage":11,"enemies":"3 Shapes","floor":38,"turns":2},{"damage":0,"enemies":"Spire Growth","floor":43,"turns":3},{"damage":0,"enemies":"Sphere and 2 Shapes","floor":44,"turns":2},{"damage":9,"enemies":"Reptomancer","floor":46,"turns":5},{"damage":0,"enemies":"Maw","floor":49,"turns":4},{"damage":6,"enemies":"WA_ARCHETYPE_DIVINITY","floor":50,"turns":8},{"damage":0,"enemies":"downfall:CharBossMerchant","floor":52,"turns":5},{"damage":1,"enemies":"downfall:NeowBoss","floor":55,"turns":11},{"damage":73,"enemies":"downfall:NeowBossFinal","floor":56,"turns":7}],"seed_played":"-1527800239317958484","potions_obtained":[{"floor":2,"key":"EssenceOfSteel"},{"floor":4,"key":"Weak Potion"},{"floor":12,"key":"SneckoOil"},{"floor":13,"key":"LiquidMemories"}],"is_trial":false,"path_per_floor":["R","M","M","?","$","R","T","E","R","?","R","M","M","$","M","B",null,"R","M","?","?","?","R","T","M","E","?","E","$","R","M","M","B",null,"R","M","$","M","?","R","T","R","M","M","$","E","R","$","M","B",null,"E","$","R","B","B",null],"character_chosen":"THE_AUTOMATON","items_purchased":["Membership Card","Incense Burner","champ:Barbells","InkBottle","Bottled Lightning","Bag of Marbles","FossilizedHelix","Blood Vial","Guardian:PocketSentry","bronze:SpaghettiCode","Strange Spoon","Eternal Feather","ClockworkSouvenir","hexamod:BolsterEngine","bronze:Repulsor","Lantern"],"campfire_rested":0,"item_purchase_floors":[5,5,14,14,29,29,37,37,45,45,45,45,48,48,53,53],"current_hp_per_floor":[70,69,58,48,48,48,48,33,33,33,33,33,33,33,33,28,70,70,70,70,70,62,62,62,62,61,61,61,57,67,67,67,51,80,80,80,80,69,69,69,69,69,71,73,73,66,80,80,80,74,80,80,80,80,79,39],"gold":40,"neow_bonus":"RANDOM_COLORLESS","is_daily":false,"chose_seed":false,"campfire_upgraded":11,"win_rate":0.0,"timestamp":1610989271,"path_taken":["R","M","M","?","$","R","T","E","R","?","R","?","M","$","M","BOSS","R","M","?","?","?","R","T","?","E","?","E","$","R","M","M","BOSS","R","M","$","M","?","R","T","R","?","M","$","E","R","?","M","BOSS","E","$","R","BOSS","BOSS"],"items_purchased_type":["Relic","Relic","Relic","Relic","Relic","Relic","Relic","Relic","Relic","Card","Relic","Relic","Relic","Relic","Card","Relic"],"build_version":"2020-12-22","purchased_purges":3,"victory":true,"max_hp_per_floor":[70,70,70,70,70,70,70,70,70,70,70,70,70,70,70,70,70,70,70,70,70,70,70,70,70,70,70,70,70,80,80,80,80,80,80,80,80,80,80,80,80,80,80,80,80,80,80,80,80,80,80,80,80,80,80,80],"relic_stats":{"counters":[29,120],"CeramicFish":225,"Eternal Feather":14,"Whetstone":["Swift Strike","bronze:DigitalCarnage"],"Sozu":9,"Blood Vial":7,"Strange Spoon":[14],"Sundial":[4],"Prayer Wheel":12,"Turnip":[6],"Art of War":[2],"obtain_stats":[{"Lantern":53,"bronze:BronzeCore":0,"CeramicFish":7,"downfall:HeartBlessingGreen":9,"Incense Burner":5,"Whetstone":28,"ClockworkSouvenir":48,"Sozu":17,"Blood Vial":37,"downfall:HeartBlessingBlue":30,"Sundial":41,"Prayer Wheel":8,"InkBottle":14,"champ:Barbells":14,"downfall:HeartBlessingRed":6,"Eternal Feather":45,"Guardian:PocketSentry":45,"Strange Spoon":45,"MutagenicStrength":27,"Turnip":52,"Bag of Marbles":29,"Art of War":46,"Membership Card":5,"Bottled Lightning":29,"hexamod:BolsterEngine":48,"bronze:MakeshiftBattery":34,"FossilizedHelix":37,"Meat on the Bone":26},{"Lantern":27,"bronze:BronzeCore":0,"CeramicFish":4,"downfall:HeartBlessingGreen":5,"Incense Burner":4,"Whetstone":14,"ClockworkSouvenir":24,"Sozu":10,"Blood Vial":20,"downfall:HeartBlessingBlue":15,"Sundial":21,"Prayer Wheel":5,"InkBottle":8,"champ:Barbells":8,"downfall:HeartBlessingRed":4,"Eternal Feather":23,"Guardian:PocketSentry":23,"Strange Spoon":23,"MutagenicStrength":13,"Turnip":27,"Bag of Marbles":15,"Art of War":24,"Membership Card":4,"Bottled Lightning":15,"hexamod:BolsterEngine":24,"bronze:MakeshiftBattery":18,"FossilizedHelix":20,"Meat on the Bone":13},{"Lantern":102,"bronze:BronzeCore":0,"CeramicFish":15,"downfall:HeartBlessingGreen":21,"Incense Burner":15,"Whetstone":58,"ClockworkSouvenir":85,"Sozu":40,"Blood Vial":73,"downfall:HeartBlessingBlue":62,"Sundial":75,"Prayer Wheel":21,"InkBottle":30,"champ:Barbells":30,"downfall:HeartBlessingRed":15,"Eternal Feather":80,"Guardian:PocketSentry":80,"Strange Spoon":80,"MutagenicStrength":54,"Turnip":102,"Bag of Marbles":62,"Art of War":85,"Membership Card":15,"Bottled Lightning":62,"hexamod:BolsterEngine":85,"bronze:MakeshiftBattery":71,"FossilizedHelix":73,"Meat on the Bone":54}],"InkBottle":[42],"Meat on the Bone":12},"card_choices":[{"not_picked":["Purity","Dark Shackles"],"picked":"Swift Strike","floor":0},{"not_picked":["bronze:DelayedSlice","bronze:Backtrace"],"picked":"bronze:DigitalCarnage","floor":2},{"not_picked":["bronze:Invalidate","bronze:CutThrough","bronze:BitShift"],"picked":"SKIP","floor":3},{"not_picked":[],"picked":"bronze:DazingPulse","floor":4},{"not_picked":[],"picked":"bronze:Spike","floor":4},{"not_picked":["bronze:ClassDefault","bronze:DelayedSlice"],"picked":"bronze:ChosenStrike","floor":5},{"not_picked":["bronze:GetLatest","bronze:ChosenStrike"],"picked":"bronze:Shield","floor":8},{"not_picked":["bronze:DelayedSlice","bronze:BitShift"],"picked":"bronze:Fortify","floor":12},{"not_picked":["bronze:BronzeArmor","bronze:GetLatest","bronze:Turbo"],"picked":"SKIP","floor":12},{"not_picked":["bronze:BuggyMess","bronze:DigitalCarnage"],"picked":"bronze:ChildClass","floor":13},{"not_picked":["bronze:Iterate","bronze:Flail","bronze:Safeguard"],"picked":"SKIP","floor":13},{"not_picked":["bronze:Optimize","bronze:NullPointer"],"picked":"bronze:Assembly","floor":14},{"not_picked":["bronze:Branch","bronze:Iterate"],"picked":"bronze:BronzeOrb","floor":15},{"not_picked":["bronze:FineTuning","bronze:Fortify","bronze:Return"],"picked":"SKIP","floor":15},{"not_picked":["bronze:HyperBeam","bronze:RecursiveStrike"],"picked":"bronze:Verify","floor":16},{"not_picked":["bronze:Overheat","bronze:OilSpill"],"picked":"bronze:Branch+1","floor":19},{"not_picked":["bronze:BuggyMess","bronze:Allocate","bronze:BitShift"],"picked":"SKIP","floor":19},{"not_picked":["bronze:Safeguard+1","bronze:Overload"],"picked":"bronze:MaxOutput","floor":25},{"not_picked":["bronze:FineTuning+1","bronze:ForLoop","bronze:FollowUp"],"picked":"SKIP","floor":25},{"not_picked":["bronze:CleanCode","bronze:BugBarrage"],"picked":"bronze:Boost+1","floor":26},{"not_picked":["bronze:Deprecate+1","bronze:DigitalCarnage+1"],"picked":"bronze:CleanCode","floor":28},{"not_picked":["bronze:BitShift+1","bronze:Philosophize"],"picked":"bronze:Invalidate","floor":29},{"not_picked":["bronze:Deprecate","bronze:GetLatest"],"picked":"bronze:Flail","floor":31},{"not_picked":["bronze:Invalidate","bronze:DigitalCarnage"],"picked":"bronze:Branch+1","floor":31},{"not_picked":["bronze:Iterate","bronze:BugBarrage"],"picked":"bronze:RecursiveStrike","floor":32},{"not_picked":["bronze:Deprecate","bronze:Frontload","bronze:Overheat+1"],"picked":"SKIP","floor":32},{"not_picked":["bronze:CleanCode","bronze:HardenedForm"],"picked":"bronze:Format","floor":33},{"not_picked":["bronze:BronzeOrb+1","bronze:BugBarrage+1"],"picked":"bronze:Invalidate+1","floor":36},{"not_picked":["bronze:Shell","bronze:ChildClass","bronze:ForceShield"],"picked":"SKIP","floor":36},{"not_picked":["bronze:Deprecate","bronze:MaxOutput","bronze:Flail"],"picked":"SKIP","floor":37},{"not_picked":["bronze:BugBarrage","bronze:ChildClass"],"picked":"bronze:ClassDefault+1","floor":38},{"not_picked":["bronze:CutThrough","bronze:ChildClass+1"],"picked":"bronze:BuggyMess+1","floor":38},{"not_picked":["bronze:Deprecate","bronze:Backtrace+1"],"picked":"bronze:BuggyMess+1","floor":43},{"not_picked":["bronze:NullPointer","bronze:Invalidate+1","bronze:OilSpill+1"],"picked":"SKIP","floor":43},{"not_picked":["bronze:BitShift+1","bronze:DelayedGuard"],"picked":"bronze:ItsAFeature+1","floor":44},{"not_picked":["bronze:Shield+1","bronze:ChosenStrike+1","bronze:Overload+1"],"picked":"SKIP","floor":44},{"not_picked":["bronze:WildBeam+1","bronze:Branch"],"picked":"bronze:Deprecate+1","floor":46},{"not_picked":["bronze:BugBarrage+1","bronze:WildBeam","bronze:OilSpill+1"],"picked":"SKIP","floor":49},{"not_picked":["bronze:BugBarrage+1","bronze:GetLatest","bronze:Frontload"],"picked":"SKIP","floor":49},{"not_picked":["bronze:BugBarrage","bronze:OilSpill+1"],"picked":"bronze:ClassDefault+1","floor":52}],"player_experience":1059543,"relics_obtained":[{"floor":7,"key":"CeramicFish"},{"floor":8,"key":"Prayer Wheel"},{"floor":26,"key":"Meat on the Bone"},{"floor":28,"key":"Whetstone"},{"floor":41,"key":"Sundial"},{"floor":46,"key":"Art of War"},{"floor":52,"key":"Turnip"}],"event_choices":[{"damage_healed":0,"gold_gain":0,"player_choice":"Inject Mutagens","damage_taken":0,"relics_obtained":["MutagenicStrength"],"max_hp_gain":0,"max_hp_loss":0,"event_name":"Drug Dealer","floor":27,"gold_loss":0},{"damage_healed":0,"gold_gain":0,"player_choice":"Ignored","damage_taken":0,"max_hp_gain":0,"max_hp_loss":0,"event_name":"NoteForYourself","floor":39,"gold_loss":0}],"is_beta":false,"boss_relics":[{"not_picked":["Fusion Hammer","Pandora\u0027s Box","SlaversCollar"]},{"not_picked":["Runic Dome","Snecko Eye"],"picked":"bronze:MakeshiftBattery"}],"items_purged_floors":[5,14,29],"is_endless":false,"potions_floor_spawned":[2,4,12,13,16,25,28,32,33,38,43,44,49,52],"ascension_level":0}}