{"host":"fnk117zi8wf5078t","time":1610957316,"event":{"mods":["AchievementEnabler","BaseMod","Colored Map","Minty Spire (QoL Compilation)","Rare Cards Sparkle","SuperFastMode","everything is the same but u backflip on backflip"],"gold_per_floor":[113,288,303,0,100,100,110,110,110,110,127,127,145,160,160,255,255,265,23,23,23,23,23,33,53,77,92,92,41,41,140,140,243,243,261,261,285,285,285],"floor_reached":38,"language":"KOR","playtime":1315,"items_purged":[],"score":507,"play_id":"92b58bdf-83c9-48df-a36e-05a93870eae6","local_time":"20210118170836","is_ascension_mode":true,"campfire_choices":[{"data":"Go for the Eyes","floor":6,"key":"SMITH"},{"data":"All For One","floor":8,"key":"SMITH"},{"floor":12,"key":"REST"},{"data":"Gash","floor":15,"key":"SMITH"},{"floor":23,"key":"REST"},{"floor":28,"key":"REST"},{"data":"Machine Learning","floor":32,"key":"SMITH"}],"circlet_count":0,"master_deck":["Strike_B","Strike_B","Strike_B","Defend_B","Defend_B","Defend_B","Defend_B","Zap","Dualcast","Ball Lightning","Go for the Eyes+1","All For One+1","Go for the Eyes","Gash+1","Machine Learning+1","Self Repair","Gash+1","White Noise+1","Skim","Beam Cell+1","Core Surge+1","Beam Cell+1","Pain"],"relics":["Cracked Core","Torii","Dead Branch","Runic Dome","Molten Egg 2","Tiny Chest","Runic Pyramid","WarpedTongs","Orichalcum"],"acts_visited":["Exordium","TheCity","TheBeyond"],"potions_floor_usage":[16,27,33],"damage_taken":[{"damage":6,"enemies":"2 Louse","floor":1,"turns":3},{"damage":7,"enemies":"Jaw Worm","floor":3,"turns":3},{"damage":1,"enemies":"Cultist","floor":7,"turns":3},{"damage":1,"enemies":"2 Fungi Beasts","floor":11,"turns":2},{"damage":1,"enemies":"Looter","floor":13,"turns":2},{"damage":14,"enemies":"3 Louse","floor":14,"turns":3},{"damage":1,"enemies":"Slime Boss","floor":16,"turns":7},{"damage":16,"enemies":"Shell Parasite","floor":18,"turns":4},{"damage":6,"enemies":"Spheric Guardian","floor":24,"turns":3},{"damage":20,"enemies":"Snecko","floor":25,"turns":5},{"damage":21,"enemies":"3 Cultists","floor":27,"turns":5},{"damage":77,"enemies":"Champ","floor":33,"turns":8},{"damage":10,"enemies":"3 Shapes","floor":35,"turns":5},{"damage":33,"enemies":"3 Darklings","floor":38,"turns":4}],"seed_played":"1953579510470508266","potions_obtained":[{"floor":3,"key":"Ancient Potion"},{"floor":11,"key":"FairyPotion"},{"floor":14,"key":"ColorlessPotion"},{"floor":16,"key":"Energy Potion"},{"floor":22,"key":"CultistPotion"},{"floor":22,"key":"SkillPotion"},{"floor":35,"key":"Energy Potion"}],"is_trial":false,"path_per_floor":["M","?","M","$","?","R","M","R","T","?","M","R","M","M","R","B",null,"M","$","?","?","?","R","M","M","T","M","R","$","?","?","R","B",null,"M","?","T","M"],"character_chosen":"DEFECT","items_purchased":["Torii","Molten Egg 2","Beam Cell+1"],"campfire_rested":3,"item_purchase_floors":[4,19,29],"current_hp_per_floor":[62,62,55,55,55,55,54,54,54,54,53,75,74,60,60,59,71,55,55,55,41,41,65,66,53,53,39,63,63,63,63,63,11,63,60,60,60,27,27],"gold":285,"neow_bonus":"REMOVE_CARD","is_daily":false,"chose_seed":false,"campfire_upgraded":4,"win_rate":0.0,"timestamp":1610957316,"path_taken":["M","?","M","$","?","R","?","R","T","?","M","R","M","M","R","BOSS","M","$","?","?","?","R","?","?","T","M","R","$","?","?","R","BOSS","M","?","?","M"],"items_purchased_type":["Relic","Relic","Card"],"build_version":"2020-12-22","purchased_purges":0,"victory":false,"max_hp_per_floor":[75,75,75,75,75,75,75,75,75,75,75,75,75,75,75,75,75,75,75,75,80,80,80,80,80,80,80,80,80,80,80,80,80,80,80,80,80,80,80],"card_choices":[{"not_picked":["Gash","Stack"],"picked":"Ball Lightning","floor":1},{"not_picked":["Beam Cell","Rebound"],"picked":"Go for the Eyes","floor":3},{"not_picked":["Barrage","Turbo"],"picked":"All For One","floor":7},{"not_picked":["Streamline","Self Repair"],"picked":"Go for the Eyes","floor":11},{"not_picked":["Rebound","Sunder"],"picked":"Gash","floor":13},{"not_picked":["Sweeping Beam","Biased Cognition","Ball Lightning"],"picked":"SKIP","floor":14},{"not_picked":["Hyperbeam","Echo Form"],"picked":"Machine Learning","floor":16},{"not_picked":["Stack+1","Redo"],"picked":"Self Repair","floor":18},{"not_picked":["Turbo","Ball Lightning+1"],"picked":"White Noise+1","floor":24},{"not_picked":["Coolheaded+1","Stack"],"picked":"Skim","floor":25},{"not_picked":["Darkness+1","Defragment+1","Hologram"],"picked":"SKIP","floor":27},{"not_picked":["Thunder Strike+1","Biased Cognition"],"picked":"Core Surge+1","floor":33},{"not_picked":["Rebound+1","Force Field+1"],"picked":"Beam Cell+1","floor":35}],"player_experience":401309,"relics_obtained":[{"floor":9,"key":"Dead Branch"},{"floor":26,"key":"Tiny Chest"},{"floor":37,"key":"Orichalcum"}],"event_choices":[{"damage_healed":0,"gold_gain":175,"player_choice":"AGREE","damage_taken":0,"max_hp_gain":0,"max_hp_loss":0,"event_name":"Liars Game","floor":2,"gold_loss":0,"cards_obtained":["Doubt"]},{"damage_healed":0,"gold_gain":100,"player_choice":"Pray","damage_taken":0,"max_hp_gain":0,"max_hp_loss":0,"event_name":"Golden Shrine","floor":5,"gold_loss":0},{"cards_removed":["Doubt"],"damage_healed":0,"gold_gain":0,"player_choice":"Forget","damage_taken":0,"max_hp_gain":0,"max_hp_loss":0,"event_name":"Living Wall","floor":10,"gold_loss":0},{"damage_healed":0,"gold_gain":0,"player_choice":"Read","damage_taken":0,"max_hp_gain":0,"max_hp_loss":0,"event_name":"The Library","floor":20,"gold_loss":0,"cards_obtained":["Gash"]},{"damage_healed":0,"gold_gain":0,"player_choice":"Shed Blood","damage_taken":19,"max_hp_gain":5,"max_hp_loss":0,"event_name":"Forgotten Altar","floor":21,"gold_loss":0},{"damage_healed":0,"gold_gain":0,"player_choice":"Got Potions","damage_taken":0,"max_hp_gain":0,"max_hp_loss":0,"event_name":"Lab","floor":22,"gold_loss":0},{"damage_healed":0,"gold_gain":0,"player_choice":"Ignored","damage_taken":0,"max_hp_gain":0,"max_hp_loss":0,"event_name":"The Mausoleum","floor":30,"gold_loss":0},{"damage_healed":0,"gold_gain":99,"player_choice":"Stole From Cult","damage_taken":0,"max_hp_gain":0,"max_hp_loss":0,"event_name":"Nest","floor":31,"gold_loss":0},{"damage_healed":0,"gold_gain":0,"player_choice":"Rummage","damage_taken":0,"relics_obtained":["WarpedTongs"],"max_hp_gain":0,"max_hp_loss":0,"event_name":"Accursed Blacksmith","floor":36,"gold_loss":0,"cards_obtained":["Pain"]}],"is_beta":false,"boss_relics":[{"not_picked":["SacredBark","FrozenCore"],"picked":"Runic Dome"},{"not_picked":["Coffee Dripper","Black Star"],"picked":"Runic Pyramid"}],"items_purged_floors":[],"is_endless":false,"potions_floor_spawned":[3,11,14,16,25,35],"killed_by":"3 Darklings","ascension_level":8}}