{"host":"t7mx8yfj1no5p62f","time":1610975791,"event":{"mods":["BaseMod","Bestiary","Colored Map","Colored Powertips","Minty Spire (QoL Compilation)","Relic Stats","StSLib","ojb\u0027s Info Mod"],"gold_per_floor":[113,130,130,148,165,165,190,190,190,190,190],"floor_reached":10,"language":"ENG","playtime":277,"items_purged":[],"score":136,"play_id":"6cf83068-721c-4cb8-8f7b-4baf990a2eef","local_time":"20210118081631","is_ascension_mode":true,"campfire_choices":[{"data":"Dagger Throw","floor":6,"key":"SMITH"},{"data":"Poisoned Stab","floor":8,"key":"SMITH"}],"circlet_count":0,"master_deck":["AscendersBane","Strike_G","Strike_G","Strike_G","Strike_G","Strike_G","Defend_G","Defend_G","Defend_G","Defend_G","Defend_G","Survivor","Neutralize","PiercingWail","Dagger Throw+1","Sucker Punch","Poisoned Stab+1"],"relics":["Busted Crown","MealTicket","Nunchaku"],"acts_visited":["Exordium"],"potions_floor_usage":[5,7],"damage_taken":[{"damage":0,"enemies":"Jaw Worm","floor":1,"turns":4},{"damage":0,"enemies":"2 Louse","floor":2,"turns":2},{"damage":0,"enemies":"Cultist","floor":4,"turns":4},{"damage":11,"enemies":"Red Slaver","floor":5,"turns":5},{"damage":26,"enemies":"Gremlin Nob","floor":7,"turns":4},{"damage":32,"enemies":"Lagavulin","floor":10,"turns":7}],"seed_played":"3761225432547795344","potions_obtained":[{"floor":2,"key":"GamblersBrew"},{"floor":4,"key":"PowerPotion"},{"floor":7,"key":"LiquidBronze"}],"is_trial":false,"path_per_floor":["M","M","?","M","M","R","E","R","T","E"],"character_chosen":"THE_SILENT","items_purchased":[],"campfire_rested":0,"item_purchase_floors":[],"current_hp_per_floor":[59,59,64,64,53,53,27,27,27,0,0],"gold":190,"neow_bonus":"BOSS_RELIC","is_daily":false,"chose_seed":false,"campfire_upgraded":2,"win_rate":0.0,"timestamp":1610975791,"path_taken":["M","M","?","M","M","R","E","R","T","E"],"items_purchased_type":[],"build_version":"2020-12-22","purchased_purges":0,"victory":false,"max_hp_per_floor":[66,66,71,71,71,71,71,71,71,71,71],"relic_stats":{"Nunchaku":[1],"Busted Crown":10,"counters":[6,26],"MealTicket":0,"obtain_stats":[{"Nunchaku":9,"Busted Crown":0,"MealTicket":7,"Ring of the Snake":0},{"Nunchaku":5,"Busted Crown":0,"MealTicket":5,"Ring of the Snake":0},{"Nunchaku":19,"Busted Crown":0,"MealTicket":19,"Ring of the Snake":0}]},"card_choices":[{"not_picked":[],"picked":"PiercingWail","floor":1},{"not_picked":[],"picked":"Dagger Throw","floor":2},{"not_picked":["Prepared"],"picked":"SKIP","floor":4},{"not_picked":[],"picked":"Sucker Punch","floor":5},{"not_picked":[],"picked":"Poisoned Stab","floor":7}],"player_experience":1784659,"relics_obtained":[{"floor":7,"key":"MealTicket"},{"floor":9,"key":"Nunchaku"}],"event_choices":[{"damage_healed":0,"gold_gain":0,"player_choice":"Donut","damage_taken":0,"max_hp_gain":5,"max_hp_loss":0,"event_name":"Big Fish","floor":3,"gold_loss":0}],"is_beta":false,"boss_relics":[],"items_purged_floors":[],"is_endless":false,"potions_floor_spawned":[2,4,7],"killed_by":"Lagavulin","ascension_level":20}}