{"host":"kw4o7b3ro2ktmmbe","time":1610965891,"event":{"mods":["BaseMod","Evolution","Minty Spire (QoL Compilation)","StSLib","The Druid"],"gold_per_floor":[115,115,115,131,131,131,149,173,173,173,173,192,192,36,36,162,162,181,199,199,217,217,217,217,217,265,265,265,265],"floor_reached":28,"language":"ENG","playtime":10356,"items_purged":[],"score":208,"play_id":"c14a0366-3c3a-48ad-8e09-2a5da09f4971","local_time":"20210118233131","is_ascension_mode":false,"campfire_choices":[{"data":"theDruid:BriarArmor","floor":6.0,"key":"SMITH"},{"data":"theDruid:Recoil","floor":11.0,"key":"SMITH"},{"data":"theDruid:WildSlash","floor":13.0,"key":"SMITH"},{"data":"theDruid:Guidance","floor":15.0,"key":"SMITH"},{"data":"theDruid:HerbalismKit","floor":23,"key":"SMITH"},{"floor":25,"key":"REST"}],"circlet_count":0,"master_deck":["theDruid:Strike_O","theDruid:Strike_O","theDruid:Strike_O","theDruid:Strike_O","theDruid:Defend_O","theDruid:Defend_O","theDruid:Defend_O","theDruid:BriarArmor+1","theDruid:WildSlash+1","theDruid:Resourcefulness+1","theDruid:Recoil+1","theDruid:Guidance+1","theDruid:HerbalismKit+1","theDruid:BlessedStrike+1","theDruid:FeralPlants"],"relics":["theDruid:CrownOfTheWilds","EVO:Axolotl","Golden Idol","Pantograph","Orichalcum","SlaversCollar","MutagenicStrength","Dream Catcher","Shovel"],"acts_visited":["Exordium","TheCity"],"potions_floor_usage":[19,21,21,24,24,24,24,28,28],"damage_taken":[{"damage":0.0,"enemies":"Small Slimes","floor":1.0,"turns":3.0},{"damage":4.0,"enemies":"2 Louse","floor":4.0,"turns":3.0},{"damage":3.0,"enemies":"Cultist","floor":7.0,"turns":4.0},{"damage":8.0,"enemies":"Looter","floor":8.0,"turns":4.0},{"damage":5.0,"enemies":"Red Slaver","floor":12.0,"turns":4.0},{"damage":22.0,"enemies":"The Guardian","floor":16.0,"turns":9.0},{"damage":31.0,"enemies":"Spheric Guardian","floor":18.0,"turns":6.0},{"damage":39,"enemies":"2 Thieves","floor":19,"turns":4},{"damage":34,"enemies":"Centurion and Healer","floor":21,"turns":9},{"damage":0,"enemies":"Shelled Parasite and Fungi","floor":24,"turns":1},{"damage":42,"enemies":"Cultist and Chosen","floor":28,"turns":7}],"seed_played":"28000251946039940","potions_obtained":[{"floor":1.0,"key":"SpeedPotion"},{"floor":12.0,"key":"BlessingOfTheForge"},{"floor":21,"key":"SkillPotion"}],"is_trial":false,"path_per_floor":["M","?","?","M","?","R","M","M","T","?","R","M","R","$","R","B",null,"M","M","?","M","?","R","M","R","T","T","M"],"character_chosen":"DRUID","items_purchased":["Orichalcum"],"campfire_rested":1,"item_purchase_floors":[14],"current_hp_per_floor":[82,62,67,63,63,63,60,52,52,52,52,47,47,47,47,50,87,56,17,46,12,12,12,12,38,38,38,0,0],"gold":265,"neow_bonus":"TEN_PERCENT_HP_BONUS","is_daily":false,"chose_seed":false,"campfire_upgraded":5,"win_rate":0.0,"timestamp":1610965891,"path_taken":["M","?","?","M","?","R","M","?","T","?","R","?","R","$","R","BOSS","M","M","?","M","?","R","M","R","T","?","M"],"items_purchased_type":["Relic"],"build_version":"2020-12-22","purchased_purges":0,"victory":false,"max_hp_per_floor":[82,82,87,87,87,87,87,87,87,87,87,87,87,87,87,87,87,87,87,87,87,87,87,87,87,87,87,87,87],"card_choices":[{"not_picked":["theDruid:Untamed","theDruid:BloodiedFur","theDruid:TwilightsCall"],"picked":"SKIP","floor":1.0},{"not_picked":["theDruid:Starfall","theDruid:Resupply","theDruid:MysticBarrier"],"picked":"SKIP","floor":4.0},{"not_picked":["theDruid:Forage","theDruid:RockSlide"],"picked":"theDruid:Resourcefulness","floor":7.0},{"not_picked":["theDruid:TakeShelter","theDruid:ThickHide"],"picked":"theDruid:Recoil","floor":8.0},{"not_picked":["theDruid:ThickHide","theDruid:Gore"],"picked":"theDruid:Guidance","floor":12.0},{"not_picked":["theDruid:IronbarkArmor","theDruid:Earthquake"],"picked":"theDruid:HerbalismKit","floor":16.0},{"not_picked":["theDruid:BloodiedFur+1","theDruid:BrambleLash"],"picked":"theDruid:BlessedStrike+1","floor":18.0},{"not_picked":["theDruid:AstralShield","theDruid:BagofTricks"],"picked":"theDruid:FeralPlants","floor":19},{"not_picked":["theDruid:TwilightsCall","theDruid:BloodiedFur","theDruid:Pathfinder"],"picked":"SKIP","floor":21}],"player_experience":1823691,"relics_obtained":[{"floor":9.0,"key":"Pantograph"},{"floor":26,"key":"Dream Catcher"},{"floor":27,"key":"Shovel"}],"event_choices":[{"damage_healed":0.0,"max_hp_gain":0.0,"max_hp_loss":0.0,"gold_gain":0.0,"event_name":"Golden Idol","player_choice":"Take Damage","floor":2.0,"gold_loss":0.0,"damage_taken":20.0,"relics_obtained":["Golden Idol"]},{"damage_healed":0.0,"max_hp_gain":5.0,"max_hp_loss":0.0,"gold_gain":0.0,"event_name":"Big Fish","player_choice":"Donut","floor":3.0,"gold_loss":0.0,"damage_taken":0.0},{"cards_removed":["theDruid:Defend_O"],"damage_healed":0.0,"max_hp_gain":0.0,"max_hp_loss":0.0,"gold_gain":0.0,"event_name":"Purifier","player_choice":"Purged","floor":5.0,"gold_loss":0.0,"damage_taken":0.0},{"damage_healed":0.0,"max_hp_gain":0.0,"max_hp_loss":0.0,"gold_gain":0.0,"event_name":"Upgrade Shrine","player_choice":"Upgraded","floor":10.0,"gold_loss":0.0,"damage_taken":0.0,"cards_upgraded":["theDruid:Resourcefulness"]},{"damage_healed":29,"gold_gain":0,"player_choice":"Heal","damage_taken":0,"max_hp_gain":0,"max_hp_loss":0,"event_name":"The Library","floor":20,"gold_loss":0},{"damage_healed":0,"gold_gain":0,"player_choice":"Inject Mutagens","damage_taken":0,"relics_obtained":["MutagenicStrength"],"max_hp_gain":0,"max_hp_loss":0,"event_name":"Drug Dealer","floor":22,"gold_loss":0}],"is_beta":false,"boss_relics":[{"not_picked":["Runic Dome","Cursed Key"],"picked":"SlaversCollar"}],"items_purged_floors":[],"is_endless":false,"potions_floor_spawned":[1,12,21,24],"killed_by":"Cultist and Chosen","ascension_level":0}}