{"host":"9j9ju8r45kuhshxi","time":1610963670,"event":{"mods":["BaseMod","Colored Map","Colored Powertips","Highlight Path","Minty Spire (QoL Compilation)","Replay The Spire","Ryuuou龙王","StSLib","[功能]功能增强和修复MOD"],"gold_per_floor":[109,109,109,119,109,141,141,172,252,287,287,322,322,322,322,419,419,434,434,434,434,359,388,303,336,336,366,366,366,399,423,435,552,564,586,611,588,588,588,588,604,604,629,629,649,649,649,639,639,639,639,639,639,666,666],"floor_reached":56,"language":"ZHS","playtime":2268,"items_purged":["Strike_R","Strike_R","Defend_R","Defend_R","Strike_R","Strike_R","Armaments","Bloodletting","Bash","HandOfGreedExtend","ReplayTheSpireMod:Uncanny Aura"],"score":2251,"play_id":"d2f04adb-a509-49c6-beb5-4701a7adc8a4","local_time":"20210118175430","is_ascension_mode":true,"campfire_choices":[{"floor":15,"key":"RECALL"},{"floor":32,"key":"DIG"},{"data":"Demon Form","floor":40,"key":"SMITH"},{"data":"Bash","floor":42,"key":"SMITH"},{"data":"Heavy Blade","floor":44,"key":"SMITH"},{"data":"Flex","floor":49,"key":"SMITH"},{"data":"Inflame","floor":52,"key":"SMITH"}],"circlet_count":0,"master_deck":["AscendersBane","Bash+1","Cleave","Clash","Metallicize","Heavy Blade+1","Burning Pact","Flex+1","Flame Barrier","Shrug It Off","Combust","Clash","Spot Weakness","Uppercut","Limit Break+1","Dual Wield","Rupture","Demon Form+1","Rampage+1","Inflame+1","Bludgeon+1","Armaments","Blood for Blood+1","Demonic Infusion+1","Double Tap","Pommel Strike","Hemogenesis+1","ReplayTheSpireMod:Muscle Training+1","ReplayTheSpireMod:Limb From Limb+1","Magnetism","Whirlwind","Defy Death","Apotheosis"],"relics":["Burning Blood","TungstenRod","DollysMirror","Ice Cream","StrikeDummy","Chameleon Ring","Turnip","Letter Opener","Lee\u0027s Waffle","Happy Flower","Anchor","Champion Belt","Replay:Ringing Soul","Brimstone","Meat on the Bone","Darkstone Periapt","Runic Cube","FossilizedHelix","Potion Belt","Orrery","Nilry\u0027s Codex","Chemical X","White Beast Statue","Oddly Smooth Stone","ReplayTheSpireMod:Ninjato","Mirror","Peace Pipe","Ancient Tea Set","Nloth\u0027s Gift","MawBank","Charon\u0027s Ashes","Philosopher\u0027s Stone","PrismaticShard","Incense Burner","Bottled Tornado","Replay:WaspNest","Membership Card","Lizard Tail","Replay:Bottled Eggs","Whetstone","HornCleat","Mercury Hourglass","Guide Book","Sling","Pocketwatch","Akabeko","Toolbox","InkBottle","Vajra","Calipers"],"acts_visited":["Exordium","TheCity","TheBeyond","TheEnding"],"potions_floor_usage":[6,8,10,33,33,33,36,45,50,55,55,55,55],"damage_taken":[{"damage":0,"enemies":"Small Slimes","floor":1,"turns":2},{"damage":2,"enemies":"2 Louse","floor":4,"turns":2},{"damage":18,"enemies":"Replay:BlueRogue","floor":6,"turns":4},{"damage":0,"enemies":"Lagavulin","floor":8,"turns":3},{"damage":13,"enemies":"Replay:BlueRogue","floor":10,"turns":4},{"damage":0,"enemies":"Gremlin Nob","floor":12,"turns":2},{"damage":0,"enemies":"Slime Boss","floor":16,"turns":4},{"damage":0,"enemies":"Spheric Guardian","floor":18,"turns":2},{"damage":8,"enemies":"Gremlin Leader","floor":23,"turns":3},{"damage":0,"enemies":"Book of Stabbing","floor":25,"turns":2},{"damage":14,"enemies":"Slavers","floor":27,"turns":2},{"damage":18,"enemies":"Book of Stabbing","floor":30,"turns":3},{"damage":0,"enemies":"Shell Parasite","floor":31,"turns":2},{"damage":8,"enemies":"Champ","floor":33,"turns":3},{"damage":9,"enemies":"Orb Walker","floor":35,"turns":3},{"damage":10,"enemies":"3 Shapes","floor":36,"turns":2},{"damage":17,"enemies":"Maw","floor":41,"turns":3},{"damage":0,"enemies":"3 Darklings","floor":45,"turns":2},{"damage":0,"enemies":"Donu and Deca","floor":50,"turns":2},{"damage":0,"enemies":"Shield and Spear","floor":54,"turns":1},{"damage":1,"enemies":"The Heart","floor":55,"turns":3}],"seed_played":"9207084076007888426","potions_obtained":[{"floor":1,"key":"Elixir"},{"floor":4,"key":"BlessingOfTheForge"},{"floor":6,"key":"Weak Potion"},{"floor":10,"key":"Doom Potion"},{"floor":33,"key":"Toxic Potion"},{"floor":33,"key":"Elixir"},{"floor":33,"key":"SkillPotion"},{"floor":35,"key":"BloodPotion"},{"floor":36,"key":"Death Potion"},{"floor":45,"key":"SteroidPotion"},{"floor":54,"key":"Languid Potion"}],"is_trial":false,"path_per_floor":["M","?","?","M","$","E","?","E","T","E","$","E","T","$","R","B",null,"M","$","?","$","?","E","?","E","T","E","?","?","E","M","R_BF","B",null,"M","M","$","T","$","R","M","R","T","R","M","$","?","$","R","B",null,"R","$","E","B",null],"character_chosen":"IRONCLAD","items_purchased":["DollysMirror","Ice Cream","StrikeDummy","Metallicize","Lee\u0027s Waffle","Happy Flower","Anchor","Flame Barrier","Shrug It Off","Combust","Elixir","Clash","SteroidPotion","Brimstone","Meat on the Bone","Darkstone Periapt","Uppercut","FossilizedHelix","Potion Belt","Orrery","Explosive Potion","Toxic Potion","Chemical X","White Beast Statue","Oddly Smooth Stone","Bludgeon","Armaments","PrismaticShard","Incense Burner","Bottled Tornado","Membership Card","Lizard Tail","Replay:Bottled Eggs","Magnetism","HornCleat","Mercury Hourglass","Whirlwind","Defy Death","Guide Book","Sling","Pocketwatch","Akabeko","Toolbox","InkBottle","Vajra","Fire Potion","CultistPotion"],"campfire_rested":0,"item_purchase_floors":[5,5,5,5,11,11,11,11,11,11,11,11,11,14,14,14,14,19,19,19,19,19,21,21,21,21,21,37,37,37,39,39,39,39,46,46,46,46,46,48,48,48,53,53,53,53,53],"current_hp_per_floor":[57,51,51,55,55,43,43,49,49,42,87,87,87,90,90,93,93,96,99,87,90,90,91,91,100,100,92,92,92,83,92,92,93,111,111,115,115,115,118,118,112,112,112,112,126,129,123,123,123,129,131,131,131,132,132],"gold":666,"neow_bonus":"ONE_RARE_RELIC","is_daily":false,"chose_seed":false,"campfire_upgraded":5,"win_rate":0.0,"timestamp":1610963670,"path_taken":["M","?","?","?","$","E","?","E","T","E","$","E","?","$","R","BOSS","M","$","?","$","?","E","?","E","T","E","?","?","E","M","R_BF","BOSS","M","?","$","?","$","R","M","R","T","R","?","?","?","?","R","BOSS","R","$","E","BOSS"],"items_purchased_type":["Relic","Relic","Relic","Card","Relic","Relic","Relic","Card","Card","Card","Potion","Card","Potion","Relic","Relic","Relic","Card","Relic","Relic","Relic","Potion","Potion","Relic","Relic","Relic","Card","Card","Relic","Relic","Relic","Relic","Relic","Relic","Card","Relic","Relic","Card","Card","Relic","Relic","Relic","Relic","Relic","Relic","Relic","Potion","Potion"],"build_version":"2020-12-22","purchased_purges":11,"victory":true,"max_hp_per_floor":[80,80,80,80,80,80,80,80,80,80,87,87,87,90,90,93,93,96,99,99,102,102,105,105,108,108,108,108,108,111,114,114,117,117,120,123,123,123,126,126,126,126,126,126,126,129,132,132,132,132,132,132,132,132,132],"card_choices":[{"not_picked":["Replay:Undeath\u0027s Touch","Run Through"],"picked":"Cleave","floor":1},{"not_picked":["Iron Wave","Anger"],"picked":"Clash","floor":4},{"not_picked":["Thunderclap","Body Slam"],"picked":"Heavy Blade","floor":6},{"not_picked":["Body Slam","Flame Barrier"],"picked":"Burning Pact","floor":8},{"not_picked":["Metallicize","Exhume"],"picked":"Flex","floor":10},{"not_picked":["Thunderclap","ReplayTheSpireMod:Strike From Hell"],"picked":"Spot Weakness","floor":12},{"not_picked":["Offering","Reaper"],"picked":"Limit Break","floor":16},{"not_picked":["Body Slam","Anger+1"],"picked":"Dual Wield","floor":18},{"not_picked":["Run Through","Sever Soul"],"picked":"Rupture","floor":19},{"not_picked":["Shrug It Off","Run Through"],"picked":"Bloodletting","floor":19},{"not_picked":["Perfected Strike","Feed"],"picked":"Demon Form","floor":19},{"not_picked":["Burning Pact","Clash"],"picked":"Rampage+1","floor":19},{"not_picked":["Replay:Undeath\u0027s Touch","Perfected Strike"],"picked":"Inflame","floor":19},{"not_picked":["Power Through","Twin Strike"],"picked":"Blood for Blood","floor":23},{"not_picked":["ReplayTheSpireMod:Strike From Hell","Anger"],"picked":"Demonic Infusion","floor":25},{"not_picked":["Entrench","Run Through","Cleave"],"picked":"SKIP","floor":27},{"not_picked":["Shockwave","Exhume"],"picked":"Double Tap","floor":30},{"not_picked":["Spot Weakness","True Grit"],"picked":"Pommel Strike","floor":31},{"not_picked":["Limit Break","Demonic Infusion"],"picked":"Hemogenesis","floor":33},{"not_picked":["Sword Boomerang+1","ReplayTheSpireMod:Limb From Limb"],"picked":"ReplayTheSpireMod:Muscle Training+1","floor":35},{"not_picked":["Anger","Headbutt"],"picked":"ReplayTheSpireMod:Limb From Limb+1","floor":36},{"not_picked":["Darkness","Halt","Secret Technique"],"picked":"SKIP","floor":41},{"not_picked":["FlyingSleeves","Blade Dance+1","JustLucky"],"picked":"SKIP","floor":45},{"not_picked":["Dramatic Entrance","HandOfGreedLower"],"picked":"ReplayTheSpireMod:Uncanny Aura","floor":47},{"not_picked":["Replay:Sssssssssstrike","Madness"],"picked":"HandOfGreedExtend","floor":47},{"not_picked":["Poisoned Strike","Midas Touch"],"picked":"Apotheosis","floor":47},{"not_picked":["Fluid Movement","FlyingSleeves+1","Replay:Anticipation"],"picked":"SKIP","floor":54}],"player_experience":154671,"relics_obtained":[{"floor":6,"key":"Chameleon Ring"},{"floor":8,"key":"Turnip"},{"floor":10,"key":"Letter Opener"},{"floor":12,"key":"Champion Belt"},{"floor":13,"key":"Replay:Ringing Soul"},{"floor":20,"key":"Nilry\u0027s Codex"},{"floor":23,"key":"ReplayTheSpireMod:Ninjato"},{"floor":25,"key":"Mirror"},{"floor":26,"key":"Peace Pipe"},{"floor":27,"key":"Ancient Tea Set"},{"floor":30,"key":"MawBank"},{"floor":32,"key":"Charon\u0027s Ashes"},{"floor":38,"key":"Replay:WaspNest"},{"floor":43,"key":"Whetstone"},{"floor":54,"key":"Calipers"}],"event_choices":[{"cards_removed":["Defend_R"],"damage_healed":0,"gold_gain":0,"player_choice":"Card Removal","damage_taken":7,"max_hp_gain":0,"max_hp_loss":0,"event_name":"Golden Wing","floor":2,"gold_loss":0},{"cards_removed":["Strike_R"],"damage_healed":0,"gold_gain":0,"player_choice":"Purged","damage_taken":0,"max_hp_gain":0,"max_hp_loss":0,"event_name":"Purifier","floor":3,"gold_loss":0},{"damage_healed":0,"gold_gain":0,"player_choice":"Ignored","damage_taken":0,"max_hp_gain":0,"max_hp_loss":0,"event_name":"Liars Game","floor":7,"gold_loss":0},{"damage_healed":0,"gold_gain":0,"player_choice":"Obtained Book","damage_taken":16,"max_hp_gain":0,"max_hp_loss":0,"event_name":"Cursed Tome","floor":20,"gold_loss":0},{"cards_removed":["Defend_R"],"damage_healed":0,"gold_gain":0,"player_choice":"Gave Gold","damage_taken":0,"max_hp_gain":0,"max_hp_loss":0,"event_name":"Beggar","floor":22,"gold_loss":75},{"damage_healed":0,"gold_gain":0,"player_choice":"Obtained Relic","damage_taken":0,"relics_obtained":["Gremlin Horn"],"max_hp_gain":0,"max_hp_loss":0,"event_name":"Addict","floor":24,"gold_loss":85},{"damage_healed":0,"gold_gain":0,"player_choice":"Ignored","damage_taken":0,"max_hp_gain":0,"max_hp_loss":0,"event_name":"Vampires","floor":28,"gold_loss":0},{"damage_healed":0,"gold_gain":0,"player_choice":"Traded Relic","damage_taken":0,"relics_obtained":["Nloth\u0027s Gift"],"max_hp_gain":0,"max_hp_loss":0,"event_name":"N\u0027loth","floor":29,"relics_lost":["Gremlin Horn"],"gold_loss":0},{"damage_healed":0,"gold_gain":0,"player_choice":"Memory 3","damage_taken":10,"max_hp_gain":0,"max_hp_loss":0,"event_name":"SensoryStone","floor":47,"gold_loss":0}],"is_beta":false,"boss_relics":[{"not_picked":["Snecko Eye","Abe\u0027s Treasure"],"picked":"Runic Cube"},{"not_picked":["Painkiller Herb","ChewingGum"],"picked":"Philosopher\u0027s Stone"}],"items_purged_floors":[5,5,37,37,37,37,37,37,37,48,48],"is_endless":false,"potions_floor_spawned":[1,4,4,6,10,12,12,16,23,23,23,23,25,25,25,25,27,27,27,27,30,30,30,30,31,31,33,33,33,35,35,35,36,36,41,41,41,45,45,45,54,54,54,54],"ascension_level":12}}