{"host":"0c61l48zxvai1g68","time":1610953593,"event":{"mods":["100% Spire Juice","2.2 Compatiblity","Act Like it!","Arknights The Spire","BaseMod","Challenge The Spire","Hallownest","HololiveMod","KinomotoSakuraMod(木之本樱)","KomeijiMod","Luminous","Minty Spire (QoL Compilation)","MostiFishMod","Poem Panic","Prisma Mod","Quick Restart","Replay The Spire","RumiaBox-露米娅的神秘盒子","StSLib","The Alterego","The Animator","TheSwordswoman","UnlockEverythingMod","Waifu the Spire","WarShipGirlsR/战舰少女R mod","Yakumo Yukari mod","【功能Mod】混沌之环修复补丁","【遗物卡牌】REMEMod"],"gold_per_floor":[118,130,194,194,42,77,97,97,124,141,160,173,185,202,202,298,298,315,334,191,191,191,191,207,223,223,250,103,117,144,156,156,256,256,273,28,40,40,59,59,61,61,131,149,149,179,179,195,195,170,170,170,13,46,-4],"floor_reached":56,"language":"ZHS","playtime":2182,"items_purged":[],"score":1303,"play_id":"c6b40c9c-ccb4-43ce-9198-58077442a1e0","local_time":"20210118150633","is_ascension_mode":false,"campfire_choices":[{"floor":8,"key":"RECALL"},{"floor":15,"key":"REST"},{"floor":23,"key":"REST"},{"floor":32,"key":"REST"},{"floor":40,"key":"REST"},{"floor":42,"key":"REST"},{"floor":47,"key":"REST"},{"floor":49,"key":"REST"},{"floor":52,"key":"REST"}],"circlet_count":0,"master_deck":["ats:Armor Crushing Shot","ats:Emotion Absorption","ats:Thorns","ats:Calcification","ats:Sword Rain","ats:Volcano","ats:Ambush","ats:Rat Pack+1","ats:True Silver Slash","ats:Explosion Area Strengthen","MostiFishMod:SephirahHod","KouPou+1","ats:Explosion Area Strengthen","ats:Hammer On","ats:Steam Pump","ats:Ignite","ats:Disruption Kick","ats:Thorns","ats:Burning Ground","ats:Revitalization+1","ats:Magnetic Hammer","ats:Calcification","ats:Apocalypse+1","ats:Childhood Dance","ats:Disruption Kick","ats:Counter Healing Mode","ats:Hammer On","ats:Assault Order","ats:Sword Rain","ats:Explosion Area Strengthen","ats:Healing Drone+1","ats:Nebulous Foxfire","ats:Flexible Camouflage+1","ats:Shadow Assault","MostiFishMod:Kaleido","ats:Flame Of Heaven+1","MostiFishMod:StoryBook","ats:Apocalypse+1","ats:Curse Doll+1","ats:Shell Defense+1","ats:Closed Bolt Burst Fire","ats:Sunburst+1","ats:Healing Drone+1"],"relics":["ats:Sanity","DaveBox","REME_ComplimentaryCards","PoemPanic:PoemPanicRelic","MostiFishMod:Hod","SynthV:TestCard","ats:Arts","ats:Originium","Smiling Mask","Replay:Mystery Machine","Fusion Hammer","ReplayFunnel","SentryEyes","War Paint","REME_CardOfGreed","Matryoshka","RhineSuit","Replay:Bottled Snecko","Bag of Marbles","CaptainsWheel","ChiLing","Chi","Ling","ReplayTheSpireMod:Lightbulb"],"acts_visited":["Exordium","TheCity","TheBeyond","TheEnding"],"potions_floor_usage":[33,41,50,55,55],"damage_taken":[{"damage":6,"enemies":"Jaw Worm","floor":1,"turns":2},{"damage":0,"enemies":"2 Louse","floor":2,"turns":1},{"damage":4,"enemies":"3 Sentries","floor":6,"turns":4},{"damage":0,"enemies":"Cultist","floor":7,"turns":2},{"damage":10,"enemies":"Looter","floor":10,"turns":2},{"damage":0,"enemies":"3 Louse","floor":11,"turns":2},{"damage":9,"enemies":"2 Fungi Beasts","floor":12,"turns":2},{"damage":0,"enemies":"Red Slaver","floor":13,"turns":2},{"damage":0,"enemies":"Gremlin Gang","floor":14,"turns":1},{"damage":47,"enemies":"The Guardian","floor":16,"turns":7},{"damage":0,"enemies":"3 Byrds","floor":18,"turns":2},{"damage":1,"enemies":"Chosen","floor":19,"turns":4},{"damage":3,"enemies":"Centurion and Healer","floor":24,"turns":4},{"damage":7,"enemies":"Shelled Parasite and Fungi","floor":25,"turns":5},{"damage":0,"enemies":"REME_1_Revenger","floor":27,"turns":4},{"damage":0,"enemies":"Sentry and Sphere","floor":29,"turns":2},{"damage":10,"enemies":"Replay:Snechameleon","floor":30,"turns":4},{"damage":31,"enemies":"Snake Plant","floor":31,"turns":3},{"damage":44,"enemies":"Champ","floor":33,"turns":8},{"damage":15,"enemies":"3 Darklings","floor":35,"turns":2},{"damage":0,"enemies":"Orb Walker","floor":37,"turns":2},{"damage":0,"enemies":"4 Shapes","floor":39,"turns":1},{"damage":14,"enemies":"Reptomancer","floor":41,"turns":4},{"damage":0,"enemies":"Transient","floor":44,"turns":5},{"damage":0,"enemies":"Nemesis","floor":46,"turns":4},{"damage":28,"enemies":"Writhing Mass","floor":48,"turns":4},{"damage":23,"enemies":"Awakened One","floor":50,"turns":6},{"damage":12,"enemies":"Shield and Spear","floor":54,"turns":3},{"damage":49,"enemies":"The Heart","floor":55,"turns":5}],"seed_played":"-5432343086733638683","potions_obtained":[{"floor":1,"key":"AttackPotion"},{"floor":6,"key":"ats:Emergency Sanity Potion"},{"floor":11,"key":"SteroidPotion"},{"floor":30,"key":"Milkshake"},{"floor":41,"key":"REME_GoldPotion"},{"floor":48,"key":"Explosive Potion"}],"is_trial":false,"path_per_floor":["M","M","?","?","$","E","M","R","T","M","M","M","M","M","R","B",null,"M","M","$","?","?","R","M","M","T","E","$","M","E","M","R","B",null,"M","$","M","?","M","R","E","R","T","M","?","E","R","M","R","B",null,"R","$","E","B",null],"character_chosen":"DOCTOR_CLASS","items_purchased":["ats:Arts","ReplayFunnel","REME_CardOfGreed","ats:Shadow Assault","MostiFishMod:Kaleido","ChiLing"],"campfire_rested":8,"item_purchase_floors":[5,20,28,36,36,53],"current_hp_per_floor":[66,66,66,72,72,69,70,70,70,60,60,52,52,52,72,34,72,72,72,72,72,72,72,70,72,72,72,72,72,68,45,66,52,72,62,62,65,65,65,72,58,72,72,72,72,72,72,59,72,72,72,72,72,66,52],"gold":-4,"neow_bonus":"","is_daily":false,"chose_seed":false,"campfire_upgraded":0,"win_rate":0.0,"timestamp":1610953593,"path_taken":["M","M","?","?","?","E","M","R","T","M","M","?","M","M","R","BOSS","M","M","$","?","?","R","M","?","T","E","$","M","E","M","R","BOSS","M","$","?","?","M","R","E","R","T","M","?","E","R","M","R","BOSS","R","$","E","BOSS"],"items_purchased_type":["Relic","Relic","Relic","Card","Card","Relic"],"build_version":"2020-12-22","purchased_purges":0,"victory":true,"max_hp_per_floor":[72,72,72,72,72,72,72,72,72,72,72,72,72,72,72,72,72,72,72,72,72,72,72,72,72,72,72,72,72,72,72,72,72,72,72,72,72,72,72,72,72,72,72,72,72,72,72,72,72,72,72,72,72,72,72],"card_choices":[{"not_picked":["ats:Curse Doll","ats:Beaten Up"],"picked":"ats:Explosion Area Strengthen","floor":1},{"not_picked":["ats:Soul Absorption","ats:Support Order","ats:LN2 Cannon","ats:Composite Medical Shells"],"picked":"ats:Hammer On","floor":2},{"not_picked":["ats:Chain Hook","ats:Directed Diagnosis","ats:Spore Proliferation","ats:Curse Doll"],"picked":"ats:Steam Pump","floor":6},{"not_picked":["ats:Consecutive Shot Auto","ats:Powerful Strike","ats:Flexible Camouflage","ats:Beaten Up"],"picked":"ats:Ignite","floor":7},{"not_picked":["ats:Cat Scratch","ats:Assault Order","ats:Thermite Blade","ats:Poison Spread"],"picked":"ats:Disruption Kick","floor":10},{"not_picked":["ats:Leaping Hammer","ats:Overload","ats:Assault Order","ats:Neurotoxin"],"picked":"ats:Thorns","floor":11},{"not_picked":["ats:Cat Scratch","ats:Neurotoxin","ats:Closed Bolt Burst Fire","ats:Durian"],"picked":"ats:Burning Ground","floor":12},{"not_picked":["ats:Powerful Strike","ats:Hook Shot","ats:Explosion Area Strengthen","ats:Overload"],"picked":"ats:Revitalization","floor":13},{"not_picked":["ats:Hook Shot","ats:Apocalypse","ats:Assault Order","ats:Song Of Battle"],"picked":"ats:Magnetic Hammer","floor":14},{"not_picked":["ats:Disruption Kick","ats:Wolf Pack","ats:True Silver Slash","ats:Rat Pack"],"picked":"ats:Calcification","floor":16},{"not_picked":["ats:Beaten Up","ats:Poison Spread+1","ats:Ignite+1","ats:Revitalization"],"picked":"ats:Apocalypse+1","floor":18},{"not_picked":["ats:Support Order","ats:Shell Defense","ats:Leaping Hammer","ats:Poison Spread"],"picked":"ats:Childhood Dance","floor":19},{"not_picked":[],"picked":"ats:Disruption Kick","floor":21},{"not_picked":["ats:Flexible Camouflage","ats:Sunburst","ats:Mental Burst","ats:Poison Spread"],"picked":"ats:Counter Healing Mode","floor":24},{"not_picked":["ats:Consecutive Shot Auto+1","ats:Childhood Dance","ats:Powerful Strike","ats:Explosion Area Strengthen+1"],"picked":"ats:Hammer On","floor":25},{"not_picked":["ats:Explosion Area Strengthen","ats:Fractured Body","ats:Apocalypse+1","ats:Soul Absorption+1"],"picked":"ats:Assault Order","floor":27},{"not_picked":["ats:Magnetic Hammer","ats:Ignite","ats:Curse Doll","ats:Cat Scratch+1"],"picked":"ats:Sword Rain","floor":29},{"not_picked":["ats:Thermite Blade","ats:Powerful Strike+1","ats:Revitalization","ats:Leaping Hammer+1"],"picked":"ats:Explosion Area Strengthen","floor":30},{"not_picked":["ats:Childhood Dance","ats:Curse Doll+1","ats:Thermite Blade","ats:Poison Spread"],"picked":"ats:Healing Drone+1","floor":31},{"not_picked":["ats:True Silver Slash","ats:Volcano","ats:Wolf Pack","ats:Roar Of Ursus"],"picked":"ats:Nebulous Foxfire","floor":33},{"not_picked":["ats:Closed Bolt Burst Fire+1","ats:Chain Hook","ats:Cat Scratch","ats:Ignite"],"picked":"ats:Flexible Camouflage+1","floor":35},{"not_picked":["ats:Part Time Job","ats:Composite Medical Shells+1","ats:Cat Scratch+1","ats:Explosion Area Strengthen"],"picked":"ats:Flame Of Heaven+1","floor":37},{"not_picked":["GradualImprovement","MostiFishMod:SupremeArchaeology","Apotheosis","Metamorphosis"],"picked":"MostiFishMod:StoryBook","floor":38},{"not_picked":["ats:Hammer On+1","ats:Revitalization","ats:Consecutive Shot Auto+1","ats:Sunburst+1"],"picked":"ats:Apocalypse+1","floor":39},{"not_picked":["ats:Powerful Strike","ats:Guardian Obelisk","ats:Hammer On","ats:Directed Diagnosis"],"picked":"ats:Curse Doll+1","floor":41},{"not_picked":["ats:Charging Defense","ats:Revitalization","ats:Beaten Up","ats:Directed Diagnosis+1"],"picked":"ats:Shell Defense+1","floor":44},{"not_picked":["ats:Echo Reverb","ats:Chain Hook+1","ats:Charging Defense+1","ats:Support Order"],"picked":"ats:Closed Bolt Burst Fire","floor":46},{"not_picked":["ats:Powerful Strike+1","ats:Curse Doll","ats:Shell Defense+1","ats:Apocalypse"],"picked":"ats:Sunburst+1","floor":48},{"not_picked":["ats:Sunburst+1","ats:LN2 Cannon+1","ats:Shadow Raid","ats:Cat Scratch+1"],"picked":"ats:Healing Drone+1","floor":54}],"player_experience":147179,"relics_obtained":[{"floor":1,"key":"SynthV:TestCard"},{"floor":6,"key":"ats:Originium"},{"floor":6,"key":"Smiling Mask"},{"floor":9,"key":"Replay:Mystery Machine"},{"floor":26,"key":"SentryEyes"},{"floor":27,"key":"ats:Originium"},{"floor":27,"key":"War Paint"},{"floor":30,"key":"ats:Originium"},{"floor":30,"key":"Matryoshka"},{"floor":41,"key":"Replay:Bottled Snecko"},{"floor":43,"key":"Bag of Marbles"},{"floor":46,"key":"CaptainsWheel"},{"floor":54,"key":"ReplayTheSpireMod:Lightbulb"}],"event_choices":[{"damage_healed":0,"gold_gain":64,"player_choice":"Gained Gold","damage_taken":0,"max_hp_gain":0,"max_hp_loss":0,"event_name":"Golden Wing","floor":3,"gold_loss":0},{"damage_healed":0,"gold_gain":0,"player_choice":"Bought 0 Potions","damage_taken":0,"max_hp_gain":0,"max_hp_loss":0,"event_name":"The Woman in Blue","floor":22,"gold_loss":0},{"damage_healed":0,"gold_gain":0,"player_choice":"Memory 1","damage_taken":0,"max_hp_gain":0,"max_hp_loss":0,"event_name":"SensoryStone","floor":38,"gold_loss":0}],"is_beta":false,"boss_relics":[{"not_picked":["OneHitWonderSystem","HaiYi:Twilight"],"picked":"Fusion Hammer"},{"not_picked":["TakeMeEscape","PoemPanic:PoemPanicRelic"],"picked":"RhineSuit"}],"items_purged_floors":[],"is_endless":false,"potions_floor_spawned":[1,6,11,12,18,27,29,30,37,39,41,48,54],"ascension_level":0}}