{"host":"2vm9o2fc5crca06n","time":1610987963,"event":{"mods":["BaseMod","Bestiary","Googly Eyes","Minty Spire (QoL Compilation)","SuperFastMode"],"gold_per_floor":[116,136,236,250,267,267,296,315,315,315,315,341,341,107,107,212,212,226,245,63,74,88,117,117,76,76,76,76,76,88,88,88,184,184,197,212,51,62,81,107,107,126,173,173,191,191,8,24,24,24,24],"floor_reached":50,"language":"ENG","playtime":2337,"items_purged":[],"score":679,"play_id":"2458dde0-a8f4-4a4e-827d-6e58fec0fff2","local_time":"20210118163923","daily_mods":["SealedDeck"],"is_ascension_mode":false,"campfire_choices":[{"data":"MentalFortress","floor":6,"key":"SMITH"},{"data":"FlurryOfBlows","floor":10,"key":"SMITH"},{"data":"EmptyBody","floor":15,"key":"SMITH"},{"floor":24,"key":"REST"},{"data":"Alpha","floor":28,"key":"SMITH"},{"data":"Perseverance","floor":32,"key":"SMITH"},{"data":"Devotion","floor":41,"key":"SMITH"},{"floor":46,"key":"REST"},{"data":"PathToVictory","floor":49,"key":"SMITH"}],"circlet_count":0,"master_deck":["EmptyBody+1","PathToVictory+1","EmptyBody+1","InnerPeace","PathToVictory","Tantrum","FlurryOfBlows","FlurryOfBlows","FlurryOfBlows","FlurryOfBlows+1","PathToVictory","MentalFortress+1","Alpha+1","Perseverance+1","FlurryOfBlows","FlurryOfBlows+1","EmptyFist+1","Devotion+1","PathToVictory+1","LessonLearned","Madness","Madness","Indignation+1"],"relics":["PureWater","The Courier","Bottled Flame","Meat on the Bone","FossilizedHelix","Runic Pyramid","Membership Card","Oddly Smooth Stone","White Beast Statue","CaptainsWheel","Du-Vu Doll","MutagenicStrength","SacredBark","InkBottle","ClockworkSouvenir","Mummified Hand","Damaru","Nunchaku","Happy Flower","Boot"],"acts_visited":["Exordium","TheCity","TheBeyond"],"potions_floor_usage":[16,18,19,22,23,25,33,33,35,38,40,40,42,48,50,50,50],"damage_taken":[{"damage":0,"enemies":"2 Louse","floor":1,"turns":1},{"damage":0,"enemies":"Cultist","floor":2,"turns":2},{"damage":3,"enemies":"Small Slimes","floor":4,"turns":2},{"damage":8,"enemies":"Gremlin Gang","floor":5,"turns":2},{"damage":0,"enemies":"Lagavulin","floor":7,"turns":4},{"damage":1,"enemies":"Exordium Wildlife","floor":8,"turns":2},{"damage":0,"enemies":"Gremlin Nob","floor":12,"turns":2},{"damage":15,"enemies":"The Guardian","floor":16,"turns":4},{"damage":14,"enemies":"2 Thieves","floor":18,"turns":3},{"damage":12,"enemies":"Shell Parasite","floor":19,"turns":2},{"damage":0,"enemies":"Centurion and Healer","floor":21,"turns":3},{"damage":0,"enemies":"Cultist and Chosen","floor":22,"turns":4},{"damage":20,"enemies":"Slavers","floor":23,"turns":3},{"damage":0,"enemies":"3 Cultists","floor":30,"turns":3},{"damage":3,"enemies":"Collector","floor":33,"turns":5},{"damage":0,"enemies":"Orb Walker","floor":35,"turns":2},{"damage":26,"enemies":"3 Darklings","floor":36,"turns":4},{"damage":28,"enemies":"Writhing Mass","floor":38,"turns":2},{"damage":17,"enemies":"Jaw Worm Horde","floor":39,"turns":3},{"damage":0,"enemies":"Giant Head","floor":40,"turns":4},{"damage":0,"enemies":"Transient","floor":42,"turns":5},{"damage":2,"enemies":"3 Darklings","floor":45,"turns":4},{"damage":0,"enemies":"Sphere and 2 Shapes","floor":48,"turns":3},{"damage":114,"enemies":"Awakened One","floor":50,"turns":5}],"seed_played":"-2944975292722600818","potions_obtained":[{"floor":4,"key":"LiquidMemories"},{"floor":8,"key":"CultistPotion"},{"floor":12,"key":"LiquidBronze"},{"floor":16,"key":"PowerPotion"},{"floor":19,"key":"GamblersBrew"},{"floor":21,"key":"FearPotion"},{"floor":23,"key":"DuplicationPotion"},{"floor":30,"key":"AttackPotion"},{"floor":33,"key":"Swift Potion"},{"floor":35,"key":"Energy Potion"},{"floor":36,"key":"SpeedPotion"},{"floor":38,"key":"Fire Potion"},{"floor":39,"key":"Swift Potion"},{"floor":40,"key":"LiquidMemories"},{"floor":42,"key":"ColorlessPotion"},{"floor":45,"key":"Energy Potion"},{"floor":48,"key":"Energy Potion"}],"is_trial":true,"path_per_floor":["M","M","?","M","M","R","E","M","T","R","?","E","?","$","R","B",null,"M","M","$","M","M","E","R","$","T","?","R","?","M","?","R","B",null,"M","M","$","M","M","E","R","M","T","?","M","R","$","M","R","B"],"character_chosen":"WATCHER","items_purchased":["FossilizedHelix","Membership Card","Oddly Smooth Stone","Fruit Juice","InkBottle","ClockworkSouvenir","Nunchaku","Happy Flower","Boot"],"campfire_rested":2,"item_purchase_floors":[14,20,20,25,37,37,47,47,47],"current_hp_per_floor":[72,72,72,69,61,61,61,60,60,60,53,53,53,53,53,38,72,58,46,46,46,46,38,59,64,64,64,64,64,64,64,64,61,77,77,51,51,35,30,42,42,42,42,32,42,65,65,65,65,0,0],"gold":24,"neow_bonus":"","is_daily":false,"chose_seed":false,"campfire_upgraded":7,"win_rate":0.0,"timestamp":1610987963,"path_taken":["M","M","?","M","?","R","E","M","T","R","?","E","?","$","R","BOSS","M","M","$","?","M","E","R","$","T","?","R","?","M","?","R","BOSS","M","M","$","M","M","E","R","M","T","?","M","R","$","M","R","BOSS"],"items_purchased_type":["Relic","Relic","Relic","Potion","Relic","Relic","Relic","Relic","Relic"],"build_version":"2020-12-22","purchased_purges":0,"victory":false,"max_hp_per_floor":[72,72,72,72,72,72,72,72,72,72,72,72,72,72,72,72,72,72,72,72,72,72,72,72,77,77,77,77,77,77,77,77,77,77,77,77,77,77,77,77,77,77,77,77,77,77,77,77,77,77,77],"card_choices":[{"not_picked":["ThirdEye","Swivel","WheelKick"],"picked":"SKIP","floor":1},{"not_picked":["Meditate","Protect"],"picked":"PathToVictory","floor":2},{"not_picked":["ThirdEye","Halt"],"picked":"MentalFortress","floor":4},{"not_picked":["FlyingSleeves","DeusExMachina","WheelKick"],"picked":"SKIP","floor":5},{"not_picked":["FlyingSleeves","DeusExMachina","WheelKick"],"picked":"SKIP","floor":5},{"not_picked":["Adaptation","Nirvana","SashWhip"],"picked":"SKIP","floor":7},{"not_picked":["WheelKick","LikeWater"],"picked":"Crescendo","floor":8},{"not_picked":["Wallop","BattleHymn","SashWhip"],"picked":"SKIP","floor":12},{"not_picked":["Establishment","SpiritShield"],"picked":"Alpha","floor":16},{"not_picked":["SandsOfTime","SashWhip"],"picked":"Perseverance","floor":18},{"not_picked":["Study","SandsOfTime"],"picked":"FlurryOfBlows","floor":19},{"not_picked":["Wallop","SignatureMove","JustLucky"],"picked":"SKIP","floor":21},{"not_picked":["EmptyBody","JustLucky"],"picked":"FlurryOfBlows+1","floor":22},{"not_picked":["Crescendo","Wish"],"picked":"EmptyFist+1","floor":23},{"not_picked":["Wireheading","CarveReality","ThirdEye"],"picked":"SKIP","floor":30},{"not_picked":["Ragnarok","DevaForm"],"picked":"Devotion","floor":33},{"not_picked":["WreathOfFlame+1","Consecrate"],"picked":"PathToVictory+1","floor":35},{"not_picked":["Consecrate+1","Evaluate","ClearTheMind"],"picked":"SKIP","floor":36},{"not_picked":["Consecrate+1","Evaluate+1","Conclude+1"],"picked":"SKIP","floor":38},{"not_picked":["ThirdEye","LikeWater+1"],"picked":"LessonLearned","floor":39},{"not_picked":["Crescendo+1","FollowUp+1","ThirdEye"],"picked":"SKIP","floor":40},{"not_picked":["Protect+1","Consecrate","Halt"],"picked":"SKIP","floor":42},{"not_picked":["JustLucky+1","Crescendo"],"picked":"Indignation","floor":45},{"not_picked":["Halt+1","CrushJoints+1","InnerPeace"],"picked":"SKIP","floor":48}],"player_experience":347992,"relics_obtained":[{"floor":7,"key":"The Courier"},{"floor":9,"key":"Bottled Flame"},{"floor":12,"key":"Meat on the Bone"},{"floor":23,"key":"White Beast Statue"},{"floor":26,"key":"CaptainsWheel"},{"floor":40,"key":"Mummified Hand"},{"floor":43,"key":"Damaru"}],"event_choices":[{"damage_healed":0,"gold_gain":100,"player_choice":"Pray","damage_taken":0,"max_hp_gain":0,"max_hp_loss":0,"event_name":"Golden Shrine","floor":3,"gold_loss":0},{"cards_removed":["Crescendo"],"damage_healed":0,"gold_gain":0,"player_choice":"Card Removal","damage_taken":7,"max_hp_gain":0,"max_hp_loss":0,"event_name":"Golden Wing","floor":11,"gold_loss":0},{"damage_healed":0,"gold_gain":0,"player_choice":"Bought 0 Potions","damage_taken":0,"max_hp_gain":0,"max_hp_loss":0,"event_name":"The Woman in Blue","floor":13,"gold_loss":0},{"damage_healed":0,"gold_gain":0,"player_choice":"Opened","damage_taken":0,"relics_obtained":["Du-Vu Doll"],"max_hp_gain":0,"max_hp_loss":0,"event_name":"The Mausoleum","floor":27,"gold_loss":0,"cards_obtained":["Writhe"]},{"cards_removed":["Writhe"],"damage_healed":0,"gold_gain":0,"player_choice":"Elegance","damage_taken":0,"max_hp_gain":0,"max_hp_loss":0,"event_name":"Back to Basics","floor":29,"gold_loss":0},{"damage_healed":0,"gold_gain":0,"player_choice":"Inject Mutagens","damage_taken":0,"relics_obtained":["MutagenicStrength"],"max_hp_gain":0,"max_hp_loss":0,"event_name":"Drug Dealer","floor":31,"gold_loss":0},{"damage_healed":0,"gold_gain":0,"player_choice":"Embrace Madness","damage_taken":10,"max_hp_gain":0,"max_hp_loss":0,"event_name":"Winding Halls","floor":44,"gold_loss":0,"cards_obtained":["Madness","Madness"]}],"is_beta":false,"boss_relics":[{"not_picked":["Philosopher\u0027s Stone","Velvet Choker"],"picked":"Runic Pyramid"},{"not_picked":["Tiny House","VioletLotus"],"picked":"SacredBark"}],"items_purged_floors":[],"is_endless":false,"potions_floor_spawned":[4,8,12,16,19,21,23,30,33,35,36,38,39,40,42,45,48],"killed_by":"Awakened One","ascension_level":0}}