{"host":"17xjy7b7ubl548g2","time":1610949695,"event":{"mods":["2.2 Compatiblity","Act Like it!","Aspiration","Astrologer","Bard","BaseMod","Bestiary","Challenge The Spire","ChefMod","Colored Map","Colored Powertips","Conspire","Elementarium","Energized Spire","Gensokyo","GifTheSpireLib","Halation","Hallownest","Hubris","Infinite Spire","Jedi Mod","Jorbs\u0027s Wanderer Trilogy","Marisa（霧雨　魔理沙）","Marked Mod","Menagerie","Minty Spire (QoL Compilation)","Pale of the Ancients","Permanent Neow","Puzzle Mod","Replay The Spire","Robot Space Explorer","Spicy Shops","StSLib","Stuff the Spire","The Blue Laboratory","The Bug Knight","The Construct","The Disciple","The Factory","The Hayseed","The Hierophant","The Marked","The Runesmith","The Sage","TheFirefly"],"gold_per_floor":[112,141,71,71,99,99,99,99,154,186,218,257,257,287,287,390,390,418,435,457,509,509,534,117,117,117,117,117,144,144,170,170,275,275,302,321,70,70,70,70,97,97,97,137,57,57,78,78,78,78],"floor_reached":51,"language":"ENG","playtime":5213,"items_purged":["stsjorbsmod:Strike_Wanderer","stsjorbsmod:Strike_Wanderer","stsjorbsmod:Defend_Wanderer"],"score":738,"play_id":"d66941f4-9f32-4aa1-ae4d-db0d4f6e93cc","local_time":"20210118010135","is_ascension_mode":false,"campfire_choices":[{"data":"Menagerie:SteelWall","floor":6.0,"key":"SMITH"},{"data":"stsjorbsmod:ChatteringStrike","floor":8.0,"key":"SMITH"},{"data":"stsjorbsmod:MagicMissiles","floor":13.0,"key":"SMITH"},{"data":"stsjorbsmod:WeightOfMemory","floor":15.0,"key":"SMITH"},{"data":"stsjorbsmod:RayOfFrost","floor":25.0,"key":"SMITH"},{"data":"stsjorbsmod:Prestidigitation","floor":28.0,"key":"SMITH"},{"data":"stsjorbsmod:MirrorImage","floor":30.0,"key":"SMITH"},{"data":"stsjorbsmod:TrueStrike","floor":32.0,"key":"SMITH"},{"data":"stsjorbsmod:GatherPower","floor":40,"key":"SMITH"},{"data":"infinitespire:Execution","floor":42,"key":"SMITH"},{"data":"stsjorbsmod:EyeOfTheStorm","floor":46,"key":"SMITH"},{"data":"stsjorbsmod:FlameWard","floor":49,"key":"SMITH"}],"circlet_count":0,"master_deck":["stsjorbsmod:ForbiddenGrimoire+1","stsjorbsmod:Defend_Wanderer+1","stsjorbsmod:Defend_Wanderer","stsjorbsmod:Defend_Wanderer","stsjorbsmod:FreshAdventure","stsjorbsmod:EyeOfTheStorm+1","stsjorbsmod:Counterspell","stsjorbsmod:Materialize","Menagerie:LoxodonWarhammer","Menagerie:SteelWall+1","stsjorbsmod:ChatteringStrike+1","stsjorbsmod:WeightOfMemory+1","stsjorbsmod:MagicMissiles+1","stsjorbsmod:DoubleCheck","stsjorbsmod:Mindworm","stsjorbsmod:MirrorImage+1","stsjorbsmod:ScorchingRay+1","stsjorbsmod:Prestidigitation+1","stsjorbsmod:TinyHut+1","stsjorbsmod:SmithingStrike","infinitespire:Punishment+1","stsjorbsmod:Rest","stsjorbsmod:RayOfFrost+1","stsjorbsmod:TrueStrike+1","stsjorbsmod:Counterspell","stsjorbsmod:GatherPower+1","stsjorbsmod:TollTheDead","stsjorbsmod:Counterspell","infinitespire:Execution+1","stsjorbsmod:Firebolt","stsjorbsmod:Channel+1","stsjorbsmod:Patron","Parasite","stsjorbsmod:BurningFlask+1","stsjorbsmod:FlameWard+1"],"relics":["stsjorbsmod:GrimoireRelic","Menagerie:HuntersKnife","Ancient Tea Set","StuffTheSpire:GrapeVine","aspiration:TomeofQuesting","infinitespire:Cupcake","halation:Toothbrush","Kunai","Letter Opener","HollowMod:LifeEnderRelic","Elementarium:ElementariumTrophy","Coffee Dripper","White Beast Statue","Eternal Feather","conspire:BottledYoYo"],"acts_visited":["Exordium","Menagerie:Menagerie","TheBeyond"],"potions_floor_usage":[47,50],"damage_taken":[{"damage":0.0,"enemies":"Menagerie:2_RABBITS","floor":1.0,"turns":4.0},{"damage":1.0,"enemies":"Menagerie:WhisperingWraith","floor":2.0,"turns":6.0},{"damage":0.0,"enemies":"Menagerie:MonstrousExperiment","floor":5.0,"turns":4.0},{"damage":1.0,"enemies":"Menagerie:BEAST_MAGE_AND_PROWLING_AMALGAM","floor":10.0,"turns":5.0},{"damage":18.0,"enemies":"Menagerie:VoidReaper","floor":11.0,"turns":7.0},{"damage":6.0,"enemies":"Hallownest:eliteVengeflyKing","floor":12.0,"turns":5.0},{"damage":0.0,"enemies":"Menagerie:DREAD_MOTH_AND_GRAFTED_WORMS","floor":14.0,"turns":4.0},{"damage":5.0,"enemies":"Menagerie:Chimera","floor":16.0,"turns":7.0},{"damage":0.0,"enemies":"Elementarium:2_ELEMENTALS","floor":18.0,"turns":3.0},{"damage":0.0,"enemies":"Elementarium:VoidCorruption","floor":19.0,"turns":3.0},{"damage":6.0,"enemies":"Elementarium:VoidBeast","floor":20.0,"turns":4.0},{"damage":0.0,"enemies":"Elementarium:3_ELEMENTALS","floor":21.0,"turns":5.0},{"damage":8.0,"enemies":"Elementarium:FIRE_NOBILITY","floor":23.0,"turns":8.0},{"damage":0.0,"enemies":"Nightmare","floor":29.0,"turns":5.0},{"damage":0.0,"enemies":"Elementarium:STONE_GOLEMS","floor":31.0,"turns":2.0},{"damage":29.0,"enemies":"Elementarium:PHOENIXES","floor":33.0,"turns":10.0},{"damage":7.0,"enemies":"3 Shapes","floor":35.0,"turns":4.0},{"damage":2.0,"enemies":"Orb Walker","floor":36.0,"turns":3.0},{"damage":54,"enemies":"Nightmare","floor":41,"turns":7},{"damage":2,"enemies":"4 Shapes","floor":44,"turns":5},{"damage":4,"enemies":"Writhing Mass","floor":47,"turns":3},{"damage":17,"enemies":"infinitespire:MassOfShapes","floor":50,"turns":6}],"seed_played":"-6955949048794548301","potions_obtained":[{"floor":10.0,"key":"blueLaboratory:AbyssPotion"},{"floor":12.0,"key":"LifebloodPotion"},{"floor":14.0,"key":"blueLaboratory:ImpenetrablePotion"},{"floor":19.0,"key":"construct:ShiftPotion"},{"floor":29.0,"key":"SteroidPotion"},{"floor":41,"key":"blueLaboratory:BottleOfVodka"},{"floor":44,"key":"Energy Potion"},{"floor":47,"key":"jedi:mysterypotion"}],"is_trial":false,"path_per_floor":["M","M","?","?","M","R","?","R","T","M","E","?","R","M","R","B",null,"M","M","M","M","AVR","E","$","R","T","?","R","NM","R","M","R","B",null,"M","M","$","?","AVR","R","NM","R","T","M","$","R","M","?","R","B",null],"character_chosen":"WANDERER","items_purchased":["Kunai","stsjorbsmod:RayOfFrost","stsjorbsmod:TrueStrike","White Beast Statue","stsjorbsmod:Patron"],"campfire_rested":0,"item_purchase_floors":[24,24,24,37,45],"current_hp_per_floor":[70,72,72,67,67,67,67,67,67,67,57,55,55,60,60,61,69,69,69,65,69,69,67,70,70,70,70,70,71,71,72,72,43,72,67,70,70,73,76,76,24,42,42,42,42,60,60,60,78,64],"gold":78,"neow_bonus":"REMOVE_CARD","is_daily":false,"chose_seed":false,"campfire_upgraded":12,"win_rate":0.0,"timestamp":1610949695,"path_taken":["M","M","?","?","M","R","?","R","T","?","E","?","R","M","R","BOSS","M","M","?","?","AVR","E","$","R","T","?","R","NM","R","M","R","BOSS","M","M","$","?","AVR","R","NM","R","T","M","$","R","?","?","R","BOSS"],"items_purchased_type":["Relic","Card","Card","Relic","Card"],"build_version":"2020-12-22","purchased_purges":3,"victory":true,"max_hp_per_floor":[70,72,72,67,67,67,67,67,67,67,69,69,69,69,69,69,69,69,69,69,69,69,69,72,72,72,72,72,72,72,72,72,72,72,72,72,72,75,78,78,78,78,78,78,78,78,78,78,78,78],"card_choices":[{"not_picked":["stsjorbsmod:WeightOfMemory","stsjorbsmod:Will"],"picked":"stsjorbsmod:Counterspell","floor":1.0},{"not_picked":["stsjorbsmod:Patron","stsjorbsmod:WanderingMind"],"picked":"stsjorbsmod:Materialize","floor":2.0},{"not_picked":["Menagerie:Dismember","Menagerie:Languish"],"picked":"Menagerie:LoxodonWarhammer","floor":3.0},{"not_picked":["Menagerie:MirarisWake","Menagerie:Tinker"],"picked":"Menagerie:SteelWall","floor":3.0},{"not_picked":["stsjorbsmod:Stalwart","stsjorbsmod:MirrorImage"],"picked":"stsjorbsmod:ChatteringStrike","floor":5.0},{"not_picked":["stsjorbsmod:Stalwart","stsjorbsmod:LocateObject"],"picked":"stsjorbsmod:WeightOfMemory","floor":10.0},{"not_picked":["stsjorbsmod:AnimateObjects","stsjorbsmod:UnseenServant"],"picked":"stsjorbsmod:MagicMissiles","floor":11.0},{"not_picked":["stsjorbsmod:Index","stsjorbsmod:AnimateObjects"],"picked":"stsjorbsmod:DoubleCheck","floor":12.0},{"not_picked":["stsjorbsmod:Counterspell","stsjorbsmod:ParryingBlow"],"picked":"stsjorbsmod:Mindworm","floor":14.0},{"not_picked":["stsjorbsmod:Trauma","stsjorbsmod:Entangle"],"picked":"stsjorbsmod:MirrorImage","floor":16.0},{"not_picked":["stsjorbsmod:HedgeWizard","stsjorbsmod:Index"],"picked":"stsjorbsmod:ScorchingRay+1","floor":18.0},{"not_picked":["stsjorbsmod:MistyStep","stsjorbsmod:BookOfTongues"],"picked":"stsjorbsmod:Prestidigitation","floor":19.0},{"not_picked":["stsjorbsmod:WeightOfMemory","stsjorbsmod:Hibernate+1"],"picked":"stsjorbsmod:TinyHut+1","floor":20.0},{"not_picked":["stsjorbsmod:UnseenServant","stsjorbsmod:WeightOfMemory"],"picked":"stsjorbsmod:SmithingStrike","floor":21.0},{"not_picked":["stsjorbsmod:Fear","stsjorbsmod:FaerieFire"],"picked":"stsjorbsmod:Rest","floor":23.0},{"not_picked":["stsjorbsmod:Prestidigitation+1","stsjorbsmod:ParryingBlow+1"],"picked":"stsjorbsmod:Counterspell","floor":29.0},{"not_picked":["stsjorbsmod:TinyHut+1","stsjorbsmod:Prestidigitation","stsjorbsmod:WeightOfMemory"],"picked":"SKIP","floor":31.0},{"not_picked":["stsjorbsmod:ThirstingSword","stsjorbsmod:ArcaneForm"],"picked":"stsjorbsmod:GatherPower","floor":33.0},{"not_picked":["stsjorbsmod:RayOfFrost","stsjorbsmod:MagicMissiles+1"],"picked":"stsjorbsmod:TollTheDead","floor":35.0},{"not_picked":["stsjorbsmod:BlackTentacles","stsjorbsmod:Prepare"],"picked":"stsjorbsmod:Counterspell","floor":36.0},{"not_picked":["hubris:Fate","infinitespire:DeathsTouch"],"picked":"infinitespire:Execution","floor":41},{"not_picked":["stsjorbsmod:Fear","stsjorbsmod:Hurt"],"picked":"stsjorbsmod:Firebolt","floor":41},{"not_picked":["stsjorbsmod:DisguiseSelf+1","stsjorbsmod:Message"],"picked":"stsjorbsmod:Channel+1","floor":44},{"not_picked":["stsjorbsmod:DoubleCheck","stsjorbsmod:Index+1"],"picked":"stsjorbsmod:BurningFlask+1","floor":47}],"player_experience":1833023,"relics_obtained":[{"floor":9.0,"key":"Ancient Tea Set"},{"floor":11.0,"key":"StuffTheSpire:GrapeVine"},{"floor":12.0,"key":"aspiration:TomeofQuesting"},{"floor":23.0,"key":"halation:Toothbrush"},{"floor":26.0,"key":"Letter Opener"},{"floor":29.0,"key":"HollowMod:LifeEnderRelic"},{"floor":41,"key":"Eternal Feather"},{"floor":43,"key":"conspire:BottledYoYo"}],"event_choices":[{"damage_healed":0.0,"max_hp_gain":0.0,"max_hp_loss":0.0,"gold_gain":0.0,"event_name":"Menagerie:MagicPeddler","player_choice":"Spells","floor":3.0,"gold_loss":70.0,"damage_taken":0.0},{"damage_healed":0.0,"max_hp_gain":0.0,"max_hp_loss":5.0,"gold_gain":0.0,"event_name":"Menagerie:BigGameHunter","player_choice":"Take","floor":4.0,"gold_loss":0.0,"damage_taken":0.0,"relics_obtained":["Menagerie:HuntersKnife"]},{"damage_healed":0.0,"max_hp_gain":0.0,"max_hp_loss":0.0,"gold_gain":0.0,"event_name":"Menagerie:StasisChamber","player_choice":"Release","floor":12.0,"gold_loss":0.0,"damage_taken":0.0},{"cards_removed":["stsjorbsmod:Strike_Wanderer"],"damage_healed":0,"gold_gain":0,"player_choice":"Purged","damage_taken":0,"max_hp_gain":0,"max_hp_loss":0,"event_name":"Purifier","floor":38,"gold_loss":0},{"damage_healed":0,"gold_gain":0,"player_choice":"1 cards matched","damage_taken":0,"max_hp_gain":0,"max_hp_loss":0,"event_name":"Match and Keep!","floor":48,"gold_loss":0,"cards_obtained":["stsjorbsmod:FlameWard"]}],"is_beta":false,"boss_relics":[{"not_picked":["hubris:ScarierMask","aspiration:RunicSpoon"],"picked":"infinitespire:Cupcake"},{"not_picked":["halation:LoveArrow","Abe\u0027s Treasure"],"picked":"Coffee Dripper"}],"items_purged_floors":[22,24,39],"is_endless":false,"potions_floor_spawned":[10,12,14,19,29,41,44,47],"ascension_level":0}}