{"host":"5ty8fyb0ngp9gspj","time":1610979715,"event":{"mods":["2.2 Compatiblity","AchievementEnabler","Act Like it!","BaseMod","Colored Map","Downfall","Hubris","Minty Spire (QoL Compilation)","Rare Cards Sparkle","Relic Stats","StSLib","The Jungle","slay the spire mod where everything is the same but ironclad has a cowboy hat"],"gold_per_floor":[0,11,29,29,29,29,29,99,99,127,137,156,173,202,215,312,312,112,122,140,45,45,45],"floor_reached":22,"language":"ENG","playtime":836,"items_purged":[],"score":221,"play_id":"b14f4e07-567a-46d1-8fd0-05e1d6ccd7f3","local_time":"20210119012155","is_ascension_mode":false,"campfire_choices":[{"data":"bronze:Goto","floor":1,"key":"SMITH"},{"data":"bronze:MaxOutput","floor":6,"key":"SMITH"},{"data":"bronze:Replicate","floor":9,"key":"SMITH"},{"data":"bronze:Repulsor","floor":18,"key":"SMITH"}],"circlet_count":0,"master_deck":["bronze:Strike","bronze:Strike","bronze:Strike","bronze:Strike","bronze:Defend","bronze:Defend","bronze:Defend","bronze:Defend","bronze:Replicate+1","bronze:Goto+1","bronze:MaxOutput+1","bronze:OilSpill","bronze:OilSpill","bronze:Philosophize","bronze:ItsAFeature","bronze:Branch","bronze:Repulsor+1","bronze:AlphaBuild","bronze:WildBeam+1","bronze:DarkDash+1","bronze:Iterate","bronze:BurnOut"],"relics":["bronze:BronzeCore","hubris:Spice","Bottled Flame","Anchor","Centennial Puzzle","Runic Pyramid","downfall:HeartBlessingGreen","downfall:HeartBlessingBlue"],"acts_visited":["Exordium","TheCity"],"potions_floor_usage":[16],"damage_taken":[{"damage":0,"enemies":"Small Slimes","floor":2,"turns":3},{"damage":0,"enemies":"2 Louse","floor":3,"turns":3},{"damage":18,"enemies":"Gremlin Nob","floor":10,"turns":3},{"damage":0,"enemies":"Jaw Worm","floor":11,"turns":1},{"damage":0,"enemies":"Blue Slaver","floor":12,"turns":2},{"damage":2,"enemies":"2 Fungi Beasts","floor":13,"turns":2},{"damage":23,"enemies":"3 Sentries","floor":14,"turns":5},{"damage":2,"enemies":"Lots of Slimes","floor":15,"turns":3},{"damage":30,"enemies":"DF_ARCHETYPE_STREAMLINE","floor":16,"turns":6},{"damage":0,"enemies":"Chosen","floor":19,"turns":4},{"damage":69,"enemies":"Cultist and Chosen","floor":20,"turns":7},{"damage":1,"enemies":"downfall:FleeingMerchant","floor":21,"turns":4}],"seed_played":"6103712923072615828","potions_obtained":[{"floor":2,"key":"FearPotion"},{"floor":10,"key":"bronze:FreeFunctionsPotion"},{"floor":15,"key":"FearPotion"},{"floor":16,"key":"EssenceOfSteel"}],"is_trial":false,"path_per_floor":["R","M","M","?","?","R","T","T","R","E","M","M","M","E","M","B",null,"R","M","M","$","?"],"character_chosen":"THE_AUTOMATON","items_purchased":["bronze:BurnOut"],"campfire_rested":0,"item_purchase_floors":[21],"current_hp_per_floor":[78,78,78,78,83,83,83,83,83,65,65,65,63,40,38,8,83,93,93,24,23,0,0],"gold":45,"neow_bonus":"ONE_RARE_RELIC","is_daily":false,"chose_seed":false,"campfire_upgraded":4,"win_rate":0.0,"timestamp":1610979715,"path_taken":["R","M","M","?","?","R","T","?","R","E","?","M","M","E","M","BOSS","R","M","M","$","?"],"items_purchased_type":["Card"],"build_version":"2020-12-22","purchased_purges":0,"victory":false,"max_hp_per_floor":[78,78,78,78,83,83,83,83,83,83,83,83,83,83,83,83,83,93,93,93,93,93,93],"relic_stats":{"Centennial Puzzle":[12],"counters":[12,43],"obtain_stats":[{"Bottled Flame":8,"Anchor":10,"Centennial Puzzle":14,"bronze:BronzeCore":0,"hubris:Spice":0,"downfall:HeartBlessingBlue":18,"downfall:HeartBlessingGreen":18,"Runic Pyramid":17},{"Bottled Flame":2,"Anchor":3,"Centennial Puzzle":7,"bronze:BronzeCore":0,"hubris:Spice":0,"downfall:HeartBlessingBlue":9,"downfall:HeartBlessingGreen":9,"Runic Pyramid":9},{"Bottled Flame":6,"Anchor":9,"Centennial Puzzle":19,"bronze:BronzeCore":0,"hubris:Spice":0,"downfall:HeartBlessingBlue":28,"downfall:HeartBlessingGreen":28,"Runic Pyramid":28}]},"card_choices":[{"not_picked":["bronze:BronzeOrb","bronze:Backtrace"],"picked":"bronze:MaxOutput","floor":2},{"not_picked":["bronze:Invalidate","bronze:Turbo"],"picked":"bronze:OilSpill","floor":3},{"not_picked":["bronze:CutThrough","bronze:BronzeOrb"],"picked":"bronze:OilSpill","floor":10},{"not_picked":["bronze:BitShift","bronze:Invalidate","bronze:Iterate"],"picked":"SKIP","floor":11},{"not_picked":["bronze:DelayedGuard","bronze:DarkDash"],"picked":"bronze:Philosophize","floor":12},{"not_picked":["bronze:Flail","bronze:Allocate"],"picked":"bronze:ItsAFeature","floor":13},{"not_picked":["bronze:FollowUp","bronze:Overload"],"picked":"bronze:Branch","floor":14},{"not_picked":["bronze:Shield","bronze:CutThrough"],"picked":"bronze:Repulsor","floor":15},{"not_picked":["bronze:HyperBeam","bronze:BurnOut"],"picked":"bronze:AlphaBuild","floor":16},{"not_picked":["bronze:Flail","bronze:WhirlingStrike"],"picked":"bronze:WildBeam+1","floor":19},{"not_picked":["bronze:CutThrough+1","bronze:Invalidate"],"picked":"bronze:DarkDash+1","floor":20},{"not_picked":["bronze:Philosophize","bronze:Invalidate"],"picked":"bronze:Iterate","floor":21}],"player_experience":397318,"relics_obtained":[{"floor":8,"key":"Bottled Flame"},{"floor":10,"key":"Anchor"},{"floor":14,"key":"Centennial Puzzle"}],"event_choices":[{"damage_healed":0,"gold_gain":0,"player_choice":"Donut","damage_taken":0,"max_hp_gain":5,"max_hp_loss":0,"event_name":"Big Fish","floor":5,"gold_loss":0}],"is_beta":false,"boss_relics":[{"not_picked":["hubris:Spice","Velvet Choker"],"picked":"Runic Pyramid"}],"items_purged_floors":[],"is_endless":false,"potions_floor_spawned":[2,10,15,16,19],"ascension_level":0}}