{"host":"axuns55dzq466eei","time":1610971476,"event":{"mods":["BaseMod","Colored Map","Keyboard Shortcuts","Minty Spire (QoL Compilation)","StSLib","SuperFastMode"],"gold_per_floor":[113,113,126,51,51,77,96,96,144,155,171,199,199,213,213,289,289,299,299,299],"floor_reached":19,"language":"KOR","playtime":318,"items_purged":["Strike_B"],"score":508,"play_id":"0d1523a8-1878-4fb3-9720-56cdddbaf39a","local_time":"20210118210436","is_ascension_mode":true,"campfire_choices":[{"data":"Chaos","floor":8,"key":"SMITH"},{"data":"Defragment","floor":13,"key":"SMITH"},{"floor":15,"key":"REST"}],"circlet_count":0,"master_deck":["AscendersBane","Defend_B","Defend_B","Defend_B","Zap","Dualcast","Ball Lightning+1","Chaos+1","Barrage","Redo","Defragment+1","Skim","Seek","Seek","Streamline+1","Self Repair+1","Reprogram+1","Force Field"],"relics":["Cracked Core","NeowsBlessing","DataDisk","Smiling Mask","Tiny Chest","Astrolabe"],"acts_visited":["Exordium","TheCity"],"potions_floor_usage":[14],"damage_taken":[{"damage":0,"enemies":"2 Louse","floor":1,"turns":1},{"damage":0,"enemies":"Cultist","floor":3,"turns":1},{"damage":0,"enemies":"Gremlin Nob","floor":6,"turns":1},{"damage":0,"enemies":"Small Slimes","floor":7,"turns":2},{"damage":14,"enemies":"Exordium Wildlife","floor":10,"turns":3},{"damage":0,"enemies":"2 Fungi Beasts","floor":11,"turns":2},{"damage":18,"enemies":"3 Sentries","floor":12,"turns":8},{"damage":17,"enemies":"Exordium Thugs","floor":14,"turns":3},{"damage":0,"enemies":"Slime Boss","floor":16,"turns":5},{"damage":39,"enemies":"2 Thieves","floor":18,"turns":3},{"damage":24,"enemies":"3 Byrds","floor":19,"turns":2}],"seed_played":"8466742033820052609","potions_obtained":[{"floor":3,"key":"Ancient Potion"},{"floor":6,"key":"Energy Potion"},{"floor":16,"key":"FearPotion"}],"is_trial":false,"path_per_floor":["M","?","M","$","?","E","M","R","T","M","M","E","R","M","R","B",null,"M","M"],"character_chosen":"DEFECT","items_purchased":[],"campfire_rested":1,"item_purchase_floors":[],"current_hp_per_floor":[64,64,64,64,64,64,64,64,64,50,50,32,32,15,36,36,62,23,0,0],"gold":299,"neow_bonus":"THREE_ENEMY_KILL","is_daily":false,"chose_seed":false,"campfire_upgraded":2,"win_rate":0.0,"timestamp":1610971476,"path_taken":["M","?","M","?","?","E","M","R","T","M","M","E","R","M","R","BOSS","M","M"],"items_purchased_type":[],"build_version":"2020-12-22","purchased_purges":1,"victory":false,"max_hp_per_floor":[71,71,71,71,71,71,71,71,71,71,71,71,71,71,71,71,71,71,71,71],"card_choices":[{"not_picked":["Turbo","Barrage"],"picked":"Ball Lightning","floor":1},{"not_picked":["Streamline","Hologram"],"picked":"Chaos","floor":3},{"not_picked":["FTL","Hologram"],"picked":"Barrage","floor":6},{"not_picked":["Ball Lightning","Double Energy"],"picked":"Redo","floor":7},{"not_picked":["Storm","Barrage"],"picked":"Defragment","floor":10},{"not_picked":["Force Field","Loop"],"picked":"Skim","floor":11},{"not_picked":["Steam","Cold Snap","Rebound"],"picked":"SKIP","floor":12},{"not_picked":["Ball Lightning","Reprogram"],"picked":"Seek","floor":14},{"not_picked":["Amplify","Thunder Strike"],"picked":"Seek","floor":16},{"not_picked":["Go for the Eyes","Hello World+1"],"picked":"Force Field","floor":18}],"player_experience":1082609,"relics_obtained":[{"floor":6,"key":"DataDisk"},{"floor":9,"key":"Smiling Mask"},{"floor":12,"key":"Tiny Chest"}],"event_choices":[{"damage_healed":0,"gold_gain":0,"player_choice":"Forge","damage_taken":0,"max_hp_gain":0,"max_hp_loss":0,"event_name":"Accursed Blacksmith","floor":2,"gold_loss":0,"cards_upgraded":["Ball Lightning"]},{"cards_removed":["Strike_B"],"damage_healed":0,"gold_gain":0,"player_choice":"Forget","damage_taken":0,"max_hp_gain":0,"max_hp_loss":0,"event_name":"Living Wall","floor":5,"gold_loss":0}],"is_beta":false,"boss_relics":[{"not_picked":["Tiny House","Pandora\u0027s Box"],"picked":"Astrolabe"}],"items_purged_floors":[4],"is_endless":false,"potions_floor_spawned":[3,6,11,16],"killed_by":"3 Byrds","ascension_level":20}}