{"host":"dmp5wkeaoxsk0qwa","time":1610962036,"event":{"mods":["AchievementEnabler","BaseMod","BetterRewards","Colored Map","Colored Powertips","Minty Spire (QoL Compilation)","Permanent Neow","Quick Restart","Shop Mod","StSLib"],"gold_per_floor":[114,114,9,84,84,84,127,127,127,158,171,191,204,223,223,349,349,362,362,382,112,112,112],"floor_reached":22,"language":"ENG","playtime":1013,"items_purged":["Pain"],"score":219,"play_id":"4354b7fc-f268-4451-8f05-01c53d2fba13","local_time":"20210118102716","is_ascension_mode":false,"campfire_choices":[{"floor":8,"key":"REST"},{"floor":15,"key":"REST"}],"circlet_count":0,"master_deck":["Strike_R","Strike_R","Strike_R","Strike_R","Strike_R","Defend_R","Defend_R","Defend_R","Defend_R","Bash","Flex","Injury","Forethought","Headbutt","Feed","Spot Weakness","Flex","Armaments","Searing Blow","Exhume","Limit Break","Clash+1","Wild Strike","Metallicize"],"relics":["Philosopher\u0027s Stone","Golden Idol","Vajra","Ice Cream","StoneCalendar","Ornamental Fan","Fusion Hammer","WarpedTongs","Blood Vial"],"acts_visited":["Exordium","TheCity"],"potions_floor_usage":[16,16,16,20,20],"damage_taken":[{"damage":7,"enemies":"2 Louse","floor":1,"turns":3},{"damage":32,"enemies":"Gremlin Nob","floor":7,"turns":4},{"damage":22,"enemies":"Lagavulin","floor":10,"turns":7},{"damage":3,"enemies":"Jaw Worm","floor":11,"turns":3},{"damage":0,"enemies":"Small Slimes","floor":12,"turns":2},{"damage":5,"enemies":"2 Fungi Beasts","floor":13,"turns":3},{"damage":7,"enemies":"Exordium Wildlife","floor":14,"turns":4},{"damage":28,"enemies":"The Guardian","floor":16,"turns":5},{"damage":22,"enemies":"Shell Parasite","floor":18,"turns":4},{"damage":43,"enemies":"3 Byrds","floor":20,"turns":5},{"damage":25,"enemies":"Masked Bandits","floor":22,"turns":4}],"seed_played":"-5993678738855018258","potions_obtained":[{"floor":10,"key":"Ancient Potion"},{"floor":11,"key":"FearPotion"},{"floor":13,"key":"BlessingOfTheForge"},{"floor":16,"key":"AttackPotion"},{"floor":18,"key":"Block Potion"}],"is_trial":false,"path_per_floor":["M","?","$","?","?","?","E","R","T","E","M","M","M","M","R","B",null,"M","?","M","$","?"],"character_chosen":"IRONCLAD","items_purchased":["Forethought","Headbutt","Metallicize","Blood Vial"],"campfire_rested":2,"item_purchase_floors":[3,3,21,21],"current_hp_per_floor":[73,73,73,62,62,55,23,47,47,28,25,25,23,19,45,17,89,67,67,24,24,7,7],"gold":112,"neow_bonus":"BOSS_RELIC","is_daily":false,"chose_seed":false,"campfire_upgraded":0,"win_rate":0.0,"timestamp":1610962036,"path_taken":["M","?","$","?","?","?","E","R","T","E","?","?","M","M","R","BOSS","M","?","?","$","?"],"items_purchased_type":["Card","Card","Card","Relic"],"build_version":"2020-12-22","purchased_purges":1,"victory":false,"max_hp_per_floor":[80,80,80,80,80,80,80,80,80,83,83,83,86,89,89,89,89,89,89,89,89,95,95],"card_choices":[{"not_picked":["Clash","Thunderclap"],"picked":"Flex","floor":1},{"not_picked":["Dark Embrace","Rampage"],"picked":"Feed","floor":7},{"not_picked":["Rupture","Perfected Strike"],"picked":"Spot Weakness","floor":10},{"not_picked":["Armaments","True Grit"],"picked":"Flex","floor":11},{"not_picked":["Wild Strike","Shrug It Off"],"picked":"Armaments","floor":12},{"not_picked":["Cleave","Dropkick"],"picked":"Searing Blow","floor":13},{"not_picked":["Iron Wave","Sever Soul"],"picked":"Exhume","floor":14},{"not_picked":["Fiend Fire","Offering"],"picked":"Limit Break","floor":16},{"not_picked":["Thunderclap","Reckless Charge+1"],"picked":"Clash+1","floor":18},{"not_picked":["Combust","True Grit"],"picked":"Wild Strike","floor":20}],"player_experience":57323,"relics_obtained":[{"floor":7,"key":"Ice Cream"},{"floor":9,"key":"StoneCalendar"},{"floor":10,"key":"Ornamental Fan"}],"event_choices":[{"damage_healed":0,"gold_gain":0,"player_choice":"Take Wound","damage_taken":0,"relics_obtained":["Golden Idol"],"max_hp_gain":0,"max_hp_loss":0,"event_name":"Golden Idol","floor":2,"gold_loss":0,"cards_obtained":["Injury"]},{"damage_healed":0,"gold_gain":75,"player_choice":"Gather Gold","damage_taken":11,"max_hp_gain":0,"max_hp_loss":0,"event_name":"World of Goop","floor":4,"gold_loss":0},{"damage_healed":0,"gold_gain":0,"player_choice":"Box","damage_taken":0,"relics_obtained":["Vajra"],"max_hp_gain":0,"max_hp_loss":0,"event_name":"Big Fish","floor":5,"gold_loss":0,"cards_obtained":["Regret"]},{"cards_removed":["Regret"],"damage_healed":0,"gold_gain":0,"player_choice":"Card Removal","damage_taken":7,"max_hp_gain":0,"max_hp_loss":0,"event_name":"Golden Wing","floor":6,"gold_loss":0},{"damage_healed":0,"gold_gain":0,"player_choice":"Rummage","damage_taken":0,"relics_obtained":["WarpedTongs"],"max_hp_gain":0,"max_hp_loss":0,"event_name":"Accursed Blacksmith","floor":19,"gold_loss":0,"cards_obtained":["Pain"]},{"damage_healed":0,"gold_gain":0,"player_choice":"Fought Bandits","damage_taken":0,"max_hp_gain":0,"max_hp_loss":0,"event_name":"Masked Bandits","floor":22,"gold_loss":0}],"is_beta":false,"boss_relics":[{"not_picked":["SlaversCollar","Sozu"],"picked":"Fusion Hammer"}],"items_purged_floors":[21],"is_endless":false,"potions_floor_spawned":[10,11,13,16,18],"killed_by":"Masked Bandits","ascension_level":0}}