{"host":"kg61lsvem4dxoat8","time":1610956000,"event":{"mods":["BaseMod","Colored Powertips","Minty Spire (QoL Compilation)","Quick Restart","Rare Cards Sparkle","Relic Stats","slay the spire mod where everything is the same but ironclad has a cowboy hat"],"gold_per_floor":[110,110,121,132,148,176,176,210,210,224,224,244,244,255,255,357,357,377,115,127,138,155,155,182,182,182,82,82,95,95,95],"floor_reached":30,"language":"ENG","playtime":719,"items_purged":["Strike_R","Decay"],"score":356,"play_id":"42526a4b-2a69-436b-91a9-f7d535bcff47","local_time":"20210118154640","is_ascension_mode":true,"campfire_choices":[{"data":"Carnage","floor":7,"key":"SMITH"},{"data":"Flame Barrier","floor":11,"key":"SMITH"},{"data":"Impervious","floor":13,"key":"SMITH"},{"data":"Rage","floor":15,"key":"SMITH"},{"floor":23,"key":"REST"},{"data":"Apotheosis","floor":28,"key":"SMITH"}],"circlet_count":0,"master_deck":["Strike_R+1","Strike_R+1","Strike_R+1","Strike_R+1","Defend_R+1","Defend_R+1","Defend_R+1","Defend_R+1","Bash+1","Flame Barrier+1","Rage+1","Carnage+1","Impervious+1","Demon Form","Apotheosis+1","Offering"],"relics":["Burning Blood","NeowsBlessing","Pen Nib","PreservedInsect","Vajra","Cursed Key","Toxic Egg 2","Bottled Lightning"],"acts_visited":["Exordium","TheCity"],"potions_floor_usage":[5,16,16,16,24,24,29,30],"damage_taken":[{"damage":0,"enemies":"2 Louse","floor":1,"turns":1},{"damage":0,"enemies":"Cultist","floor":3,"turns":1},{"damage":0,"enemies":"Jaw Worm","floor":4,"turns":1},{"damage":11,"enemies":"Large Slime","floor":5,"turns":6},{"damage":40,"enemies":"Gremlin Nob","floor":6,"turns":5},{"damage":28,"enemies":"Lagavulin","floor":8,"turns":5},{"damage":5,"enemies":"Exordium Wildlife","floor":10,"turns":2},{"damage":9,"enemies":"2 Fungi Beasts","floor":12,"turns":3},{"damage":0,"enemies":"Large Slime","floor":14,"turns":5},{"damage":18,"enemies":"Slime Boss","floor":16,"turns":7},{"damage":16,"enemies":"Spheric Guardian","floor":18,"turns":5},{"damage":27,"enemies":"3 Byrds","floor":20,"turns":7},{"damage":13,"enemies":"Snecko","floor":21,"turns":7},{"damage":0,"enemies":"Snake Plant","floor":22,"turns":2},{"damage":40,"enemies":"Gremlin Leader","floor":24,"turns":6},{"damage":6,"enemies":"Centurion and Healer","floor":29,"turns":4},{"damage":23,"enemies":"Slavers","floor":30,"turns":5}],"seed_played":"-3087409940455771749","potions_obtained":[{"floor":1,"key":"SpeedPotion"},{"floor":3,"key":"Energy Potion"},{"floor":6,"key":"GamblersBrew"},{"floor":8,"key":"PowerPotion"},{"floor":16,"key":"Strength Potion"},{"floor":18,"key":"LiquidMemories"},{"floor":24,"key":"Weak Potion"},{"floor":29,"key":"Dexterity Potion"}],"is_trial":false,"path_per_floor":["M","?","M","M","M","E","R","E","T","M","R","M","R","M","R","B",null,"M","$","M","M","M","R","E","?","T","$","R","M","E"],"character_chosen":"IRONCLAD","items_purchased":["Apotheosis"],"campfire_rested":1,"item_purchase_floors":[19],"current_hp_per_floor":[78,78,80,80,75,41,41,19,19,20,20,17,17,23,23,11,63,53,53,32,25,31,55,21,21,21,21,21,21,0,0],"gold":95,"neow_bonus":"THREE_ENEMY_KILL","is_daily":false,"chose_seed":false,"campfire_upgraded":5,"win_rate":0.0,"timestamp":1610956000,"path_taken":["M","?","M","M","M","E","R","E","T","M","R","?","R","M","R","BOSS","M","$","M","M","M","R","E","?","T","$","R","M","E"],"items_purchased_type":["Card"],"build_version":"2020-12-22","purchased_purges":2,"victory":false,"max_hp_per_floor":[80,80,80,80,80,80,80,80,80,80,80,80,80,80,80,80,80,80,80,80,80,80,80,80,80,80,80,80,80,80,80],"relic_stats":{"counters":[17,72],"Pen Nib":[7],"PreservedInsect":86,"Cursed Key":1,"obtain_stats":[{"NeowsBlessing":0,"Vajra":9,"Pen Nib":6,"PreservedInsect":8,"Bottled Lightning":26,"Toxic Egg 2":24,"Cursed Key":17,"Burning Blood":0},{"NeowsBlessing":0,"Vajra":6,"Pen Nib":5,"PreservedInsect":6,"Bottled Lightning":15,"Toxic Egg 2":15,"Cursed Key":10,"Burning Blood":0},{"NeowsBlessing":0,"Vajra":19,"Pen Nib":14,"PreservedInsect":19,"Bottled Lightning":63,"Toxic Egg 2":63,"Cursed Key":36,"Burning Blood":0}],"Burning Blood":86},"card_choices":[{"not_picked":["Rupture","Warcry"],"picked":"Flame Barrier","floor":1},{"not_picked":["Twin Strike","Wild Strike","Iron Wave"],"picked":"SKIP","floor":3},{"not_picked":["Heavy Blade","Flex"],"picked":"Rage","floor":4},{"not_picked":["Pummel","Sword Boomerang","Havoc"],"picked":"SKIP","floor":5},{"not_picked":["Warcry","Clothesline"],"picked":"Carnage","floor":6},{"not_picked":["Reckless Charge","Perfected Strike","Disarm"],"picked":"SKIP","floor":8},{"not_picked":["Twin Strike","Iron Wave","Dropkick"],"picked":"SKIP","floor":10},{"not_picked":["Headbutt","Spot Weakness"],"picked":"Impervious","floor":12},{"not_picked":["Body Slam","Cleave","Thunderclap"],"picked":"SKIP","floor":14},{"not_picked":["Corruption","Exhume"],"picked":"Demon Form","floor":16},{"not_picked":["Perfected Strike","Rage","Warcry"],"picked":"SKIP","floor":18},{"not_picked":["Armaments","Bloodletting","Cleave"],"picked":"SKIP","floor":20},{"not_picked":["Evolve","Thunderclap+1"],"picked":"Offering","floor":21},{"not_picked":["Perfected Strike","Reckless Charge","Headbutt"],"picked":"SKIP","floor":22},{"not_picked":["Perfected Strike+1","Carnage","Clothesline"],"picked":"SKIP","floor":24},{"not_picked":["Armaments+1","Clothesline","Wild Strike"],"picked":"SKIP","floor":29}],"player_experience":1384961,"relics_obtained":[{"floor":6,"key":"Pen Nib"},{"floor":8,"key":"PreservedInsect"},{"floor":9,"key":"Vajra"},{"floor":24,"key":"Toxic Egg 2"},{"floor":26,"key":"Bottled Lightning"}],"event_choices":[{"damage_healed":0,"gold_gain":0,"player_choice":"Upgraded","damage_taken":0,"max_hp_gain":0,"max_hp_loss":0,"event_name":"Upgrade Shrine","floor":2,"gold_loss":0,"cards_upgraded":["Bash"]},{"damage_healed":0,"gold_gain":0,"player_choice":"Simplicity","damage_taken":0,"max_hp_gain":0,"max_hp_loss":0,"event_name":"Back to Basics","floor":25,"gold_loss":0,"cards_upgraded":["Strike_R","Strike_R","Strike_R","Strike_R","Defend_R","Defend_R","Defend_R","Defend_R"]}],"is_beta":false,"boss_relics":[{"not_picked":["Runic Cube","Empty Cage"],"picked":"Cursed Key"}],"items_purged_floors":[19,27],"is_endless":false,"potions_floor_spawned":[1,3,6,8,16,18,24,29],"killed_by":"Slavers","ascension_level":7}}