{"host":"cv77zuuuekizn3ic","time":1610952690,"event":{"mods":["AchievementEnabler","BaseMod","Downfall","Marisa£®ÏF”Í°°ƒß¿Ì…≥£©","Minty Spire (QoL Compilation)","StSLib"],"gold_per_floor":[99,109,109,109,109,109,109,119,119,130,148,148,163,193,210,210,210],"floor_reached":16,"language":"ZHS","playtime":677,"items_purged":[],"score":102,"play_id":"bf86b58e-e618-4a62-a547-74831795bb1d","local_time":"20210118145130","is_ascension_mode":false,"campfire_choices":[{"data":"bronze:Goto","floor":1,"key":"SMITH"},{"data":"1","floor":6,"key":"LIFT"},{"data":"2","floor":9,"key":"LIFT"}],"circlet_count":0,"master_deck":["bronze:Strike","bronze:Strike","bronze:Strike","bronze:Defend","bronze:Defend","bronze:Defend","bronze:Defend","bronze:Replicate","bronze:Goto+1","bronze:Return","bronze:GetLatest","bronze:Branch","bronze:Overload","bronze:ForLoop","bronze:Iterate"],"relics":["bronze:BronzeCore","Bronze Scales","Girya","downfall:ShatteredFragment","Du-Vu Doll"],"acts_visited":["Exordium"],"potions_floor_usage":[13,16],"damage_taken":[{"damage":0,"enemies":"Small Slimes","floor":2,"turns":3},{"damage":0,"enemies":"Cultist","floor":8,"turns":2},{"damage":0,"enemies":"2 Louse","floor":10,"turns":2},{"damage":8,"enemies":"Red Slaver","floor":11,"turns":2},{"damage":0,"enemies":"Large Slime","floor":13,"turns":3},{"damage":5,"enemies":"Lagavulin","floor":14,"turns":4},{"damage":0,"enemies":"Blue Slaver","floor":15,"turns":2},{"damage":46,"enemies":"DF_ARCHETYPE_STREAMLINE","floor":16,"turns":6}],"seed_played":"1952610381411299208","potions_obtained":[{"floor":8,"key":"Fire Potion"},{"floor":10,"key":"GamblersBrew"},{"floor":13,"key":"BlessingOfTheForge"},{"floor":14,"key":"bronze:BurnAndBuffPotion"}],"is_trial":false,"path_per_floor":["R","M","?","?","?","R","T","M","R","M","M","?","M","E","M","B"],"character_chosen":"THE_AUTOMATON","items_purchased":[],"campfire_rested":0,"item_purchase_floors":[],"current_hp_per_floor":[70,70,67,46,46,46,46,46,46,46,38,38,38,33,33,0,0],"gold":210,"neow_bonus":"RANDOM_COMMON_RELIC","is_daily":false,"chose_seed":false,"campfire_upgraded":1,"win_rate":0.0,"timestamp":1610952690,"path_taken":["R","M","?","?","?","R","T","M","R","M","?","?","M","E","M","BOSS"],"items_purchased_type":[],"build_version":"2020-12-22","purchased_purges":0,"victory":false,"max_hp_per_floor":[70,70,70,70,70,70,70,70,70,70,70,70,70,70,70,70,70],"card_choices":[{"not_picked":["bronze:Shield","bronze:Branch"],"picked":"bronze:Return","floor":2},{"not_picked":["bronze:Constructor","bronze:Repulsor"],"picked":"bronze:GetLatest","floor":8},{"not_picked":["bronze:WildBeam","bronze:Deprecate","bronze:DelayedGuard"],"picked":"SKIP","floor":10},{"not_picked":["bronze:Separator","bronze:Invalidate"],"picked":"bronze:Branch","floor":11},{"not_picked":["bronze:DelayedGuard","bronze:OilSpill"],"picked":"bronze:Overload","floor":13},{"not_picked":["bronze:ShipIt","bronze:Overheat"],"picked":"bronze:ForLoop","floor":14},{"not_picked":["bronze:BuggyMess","bronze:Repulsor"],"picked":"bronze:Iterate","floor":15}],"player_experience":980099,"relics_obtained":[{"floor":14,"key":"Du-Vu Doll"}],"event_choices":[{"damage_healed":0,"gold_gain":0,"player_choice":"Success","damage_taken":3,"relics_obtained":["Girya"],"max_hp_gain":0,"max_hp_loss":0,"event_name":"Scrap Ooze","floor":3,"gold_loss":0}],"is_beta":false,"boss_relics":[],"items_purged_floors":[],"is_endless":false,"potions_floor_spawned":[8,10,13,14],"killed_by":"DF_ARCHETYPE_STREAMLINE","ascension_level":0}}