{"host":"w23c85yopnejbyem","time":1610974105,"event":{"mods":["100% Spire Juice","2.2 Compatiblity","AchievementEnabler","Act Like it!","Arknights The Spire","BaseMod","Beaked The Cultist","BetterRewards","CapriCore","ChefMod","Colored Map","Colored Powertips","Conspire","Downfall-Rebalance","Duelist Mod","Elementarium","Gensokyo","GifTheSpireLib","Halation","Hallownest","Hermit","Highlight Path","JesterMod","KinomotoSakuraMod(????)","Luminous","Menagerie","Mimic Mod","Minty Spire (QoL Compilation)","Permanent Neow","Quarter Circle Forward PUNCH!","Quick Restart","Replay The Spire","Robot Space Explorer","Shade Mod","Shedinja","Shop Mod","Spicy Shops","Spikes Relics","StS++","StSLib","Stuff the Spire","The Animator","The Blue Laboratory","The Bug Knight","The Dragon Tamer","The Fake Hero","The Immortal","The Marked","The Mystic","The Senshi","The Trickster","TheSwordswoman","TheVacant","TheVelvet","Useless Jewels Mod","Yakumo Yukari mod","??????REMEMod"],"gold_per_floor":[115,115,8,8,18,46,264,264,302,315,19,45,58,58,58,156,156,167,167,177,177,504,504,520,520,520],"floor_reached":25,"language":"ENG","playtime":1413,"items_purged":["theSenshi:SailorKick"],"score":238,"play_id":"306535a5-b496-40b3-bd12-463d9c5b51c3","local_time":"20210118124825","is_ascension_mode":false,"campfire_choices":[{"floor":8,"key":"REST"},{"floor":15,"key":"DIG"},{"floor":23,"key":"REST"}],"circlet_count":0,"master_deck":["theSenshi:SailorKick","theSenshi:SailorKick","theSenshi:SailorKick","theSenshi:SailorBlock","theSenshi:SailorBlock","theSenshi:SailorBlock","theSenshi:SailorBlock","theSenshi:MoonPrismPowerMakeUp","theSenshi:SailorVenusAssists","theSenshi:SailorUranusAssists","theSenshi:MoonGorgeousMeditation","theSenshi:MoonPunch","theSenshi:NeptunesGrace","theSenshi:MercurysCunning","theSenshi:IWillPunishYou","theSenshi:TuxedoSmokingBomber","theSenshi:MoonTiaraMagic","theSenshi:JupitersPower","theSenshi:MoonCrystalPowerMakeUp","theSenshi:MoonTwilightFlash","theSenshi:EncouragingSpeech+1"],"relics":["theSenshi:TransformationBroochRelic","REME_ComplimentaryCards","Gensokyo:OccultBall","Gensokyo:Justice","StuffTheSpire:ForceGauntlet","Peace Pipe","theSenshi:RoseRelic","conspire:TreasureMap","REME_LimitBreaker","qcfpunch:Red_Headband"],"acts_visited":["Gensokyo:Gensokyo","Gensokyo:Gensokyoer"],"potions_floor_usage":[16,22],"damage_taken":[{"damage":0,"enemies":"Gensokyo:2_Kodama","floor":1,"turns":4},{"damage":2,"enemies":"Gensokyo:Gryphon","floor":5,"turns":4},{"damage":36,"enemies":"Gensokyo:Mamizou","floor":6,"turns":12},{"damage":0,"enemies":"Gensokyo:3_Fairies","floor":7,"turns":4},{"damage":2,"enemies":"Gensokyo:LivingMonolith","floor":9,"turns":6},{"damage":0,"enemies":"Gensokyo:LivingMonolith","floor":10,"turns":2},{"damage":0,"enemies":"Gensokyo:Cirno","floor":12,"turns":4},{"damage":7,"enemies":"Gensokyo:2_Rabbits","floor":13,"turns":2},{"damage":12,"enemies":"Gensokyo:Yukari","floor":16,"turns":6},{"damage":0,"enemies":"Gensokyo:CosmicMonolith","floor":18,"turns":4},{"damage":12,"enemies":"Gensokyo:3_Dogs","floor":20,"turns":4},{"damage":53,"enemies":"Gensokyo:Swordslinger","floor":22,"turns":4},{"damage":13,"enemies":"Gensokyo:Monolith_and_Dog","floor":24,"turns":5},{"damage":24,"enemies":"Gensokyo:3_Gloops","floor":25,"turns":3}],"seed_played":"-6705922513325219317","potions_obtained":[{"floor":6,"key":"blueLaboratory:RememoryPotion"},{"floor":7,"key":"DistilledChaos"},{"floor":12,"key":"Swift Potion"}],"is_trial":false,"path_per_floor":["M","?","COS","?","M","E","M","R","MIM","M","$","E","M","$","R_BF","B",null,"M","?","M","?","M","R","M","M"],"character_chosen":"THE_SENSHI","items_purchased":["conspire:TreasureMap","theSenshi:IWillPunishYou"],"campfire_rested":2,"item_purchase_floors":[11,11],"current_hp_per_floor":[75,75,75,75,73,37,37,59,57,57,57,57,50,50,50,38,75,75,75,63,63,10,32,19,0,0],"gold":520,"neow_bonus":"RANDOM_COLORLESS","is_daily":false,"chose_seed":false,"campfire_upgraded":0,"win_rate":0.0,"timestamp":1610974105,"path_taken":["M","?","COS","?","?","E","M","R","MIM","M","$","E","M","?","R_BF","BOSS","M","?","M","?","M","R","M","?"],"items_purchased_type":["Relic","Card"],"build_version":"2020-12-22","purchased_purges":1,"victory":false,"max_hp_per_floor":[75,75,75,75,75,75,75,75,75,75,75,75,75,75,75,75,75,75,75,75,75,75,75,75,75,75],"card_choices":[{"not_picked":["expansioncontent:Flail","expansioncontent:ManipulateTime"],"picked":"Discovery","floor":0},{"not_picked":["theSenshi:MoonPower","theSenshi:MoonPrincessHalation"],"picked":"theSenshi:SailorVenusAssists","floor":1},{"not_picked":["theSenshi:SailorVenusAssists","theSenshi:Sidestep"],"picked":"theSenshi:SailorUranusAssists","floor":5},{"not_picked":["theSenshi:SteeledNerves","theSenshi:SailorMarsAssists"],"picked":"theSenshi:MoonGorgeousMeditation","floor":6},{"not_picked":["theSenshi:SailorVenusAssists","theSenshi:SchoolBag"],"picked":"theSenshi:MoonPunch","floor":7},{"not_picked":["theSenshi:MoonHealingEscalation","theSenshi:LunasBite"],"picked":"theSenshi:NeptunesGrace","floor":9},{"not_picked":["theSenshi:Sidestep","theSenshi:SailorMercuryAssists"],"picked":"theSenshi:MercurysCunning","floor":10},{"not_picked":["theSenshi:SailorNeptuneAssists","theSenshi:Sidestep"],"picked":"theSenshi:TuxedoSmokingBomber","floor":12},{"not_picked":["theSenshi:VenusGlamour","theSenshi:SailorVenusAssists"],"picked":"theSenshi:MoonTiaraMagic","floor":13},{"not_picked":["theSenshi:ChibiMoonsLove","theSenshi:SailorPlutoAssists"],"picked":"theSenshi:JupitersPower","floor":16},{"not_picked":["theSenshi:SailorV","theSenshi:LunasBite"],"picked":"theSenshi:MoonCrystalPowerMakeUp","floor":18},{"not_picked":["theSenshi:Sidestep+1","theSenshi:KlutzyLuck","theSenshi:SupersonicWaves"],"picked":"SKIP","floor":20},{"not_picked":["theSenshi:SailorChibiMoonAssists","theSenshi:MoonTiaraMagic"],"picked":"theSenshi:EncouragingSpeech+1","floor":22},{"not_picked":["theSenshi:Overload","theSenshi:SailorMarsAssists","theSenshi:TuxedoSmokingBomber"],"picked":"SKIP","floor":24}],"player_experience":494195,"relics_obtained":[{"floor":6,"key":"StuffTheSpire:ForceGauntlet"},{"floor":9,"key":"theSenshi:RoseRelic"},{"floor":12,"key":"REME_LimitBreaker"},{"floor":15,"key":"qcfpunch:Red_Headband"},{"floor":16,"key":"Gensokyo:OccultBall"},{"floor":18,"key":"Gensokyo:OccultBall"},{"floor":20,"key":"Gensokyo:OccultBall"}],"event_choices":[],"is_beta":false,"boss_relics":[{"not_picked":["halation:CatFaceCupcake","StSpp:FireArrow","halation:Risk"]}],"items_purged_floors":[11],"is_endless":false,"potions_floor_spawned":[6,7,12],"killed_by":"Gensokyo:3_Gloops","ascension_level":0}}