{"host":"r9uivonio18rfam2","time":1610980068,"event":{"mods":["2.2 Compatiblity","AchievementEnabler","Act Like it!","Aspiration","BaseMod","Beaked The Cultist","Better Altar","Better Match","Better Note","Better Sensory Stone","Better Skull","Better Third Choice","BetterRewards","Challenge The Spire","Colored Map","Colored Powertips","Conspire","Elementarium","Energized Spire","Hermit","Infinite Spire","Jedi Mod","Minty Spire (QoL Compilation)","Permanent Neow","Potionbrewer","Quick Restart","Replay The Spire","Shop Mod","Spicy Shops","Spikes Relics","StSLib","The Blue Laboratory","The Jungle","Wandering Minibosses","vexMod"],"gold_per_floor":[111,71,38,73,93,93,124,143,143,176,176,202,212,239,239,334,334,344,344,444,314,334,368,383,383,431,442,474,493,518,518,518,620,620,634,224,224,235,285,316,351,351,375,407,407,438,456,473,473,473,473,473,25,55,55,55],"floor_reached":55,"language":"ENG","playtime":4909,"items_purged":["Defend_R","Strike_R","Cleave"],"score":1144,"play_id":"a7b3713c-05ad-452c-abae-4181955fc83d","local_time":"20210118092748","is_ascension_mode":true,"campfire_choices":[{"data":"Armaments","floor":6.0,"key":"SMITH"},{"floor":11.0,"key":"REST"},{"data":"Abandon","floor":25.0,"key":"SMITH"},{"floor":42.0,"key":"RECALL"},{"data":"Burning Pact","floor":52,"key":"SMITH"}],"circlet_count":0,"master_deck":["AscendersBane","Defend_R","Defend_R+1","Bash","Armaments+1","ReplayReversal+1","conspire:Charge","jedi:MakeshiftSword+1","BarbarianYell+1","Exhume","jedi:strikingstrike","Reaper+1","Second Wind","Flex+1","Abandon+1","Corruption+1","Shockwave+1","Seeing Red","jedi:unlimitedpower","conspire:HitWhereItHurts+1","Flame Barrier+1","Burning Pact+1","ReplayTheSpireMod:Limb From Limb","Headbutt+1","Anger+1","Iron Wave+1","Inflame","Exhume","Invigoration","Purity","conspire:HitWhereItHurts+1"],"relics":["Burning Blood","betterThird:SlimedRelic","Mummified Hand","Pen Nib","Onion Ring","infinitespire:CheckeredPen","energizedSpire:OgreHead","ReplayTheSpireMod:TigerMarble","Bag of Preparation","infinitespire:Satchel","potionbrewer:SlideRule","SpikesRelics:DaevaFist","vexMod:ImprovementManual","Bottled Tornado","ReplayFunnel","SnailShell","vexMod:MemoryStick","aspiration:HiddenCompartment","MerchantsRug","SpikesRelics:SneckoPlush","Golden Egg"],"acts_visited":["Exordium","Exordium","TheBeyond","TheEnding"],"potions_floor_usage":[50,55,55,55],"damage_taken":[{"damage":8.0,"enemies":"Jaw Worm","floor":1.0,"turns":4.0},{"damage":1.0,"enemies":"Small Slimes","floor":5.0,"turns":3.0},{"damage":22.0,"enemies":"Gremlin Nob","floor":7.0,"turns":5.0},{"damage":0.0,"enemies":"2 Louse","floor":8.0,"turns":3.0},{"damage":17.0,"enemies":"3 Sentries","floor":10.0,"turns":4.0},{"damage":16.0,"enemies":"Gremlin Nob","floor":12.0,"turns":3.0},{"damage":8.0,"enemies":"Exordium Thugs","floor":13.0,"turns":4.0},{"damage":6.0,"enemies":"Replay:BlueRogue","floor":14.0,"turns":5.0},{"damage":34.0,"enemies":"Fading Forest","floor":16.0,"turns":11.0},{"damage":21.0,"enemies":"theJungle:GiantWrat","floor":18.0,"turns":6.0},{"damage":30.0,"enemies":"theJungle:MUSHROOMGANG","floor":22.0,"turns":8.0},{"damage":27.0,"enemies":"theJungle:Cassacara","floor":23.0,"turns":8.0},{"damage":0.0,"enemies":"theJungle:JungleHuntersEncounter","floor":24.0,"turns":7.0},{"damage":0.0,"enemies":"theJungle:2_Snecko_Cultists","floor":27.0,"turns":2.0},{"damage":0.0,"enemies":"theJungle:MamaSnecko","floor":28.0,"turns":3.0},{"damage":23.0,"enemies":"theJungle:Snecko_Cultist_And_Trap","floor":29.0,"turns":5.0},{"damage":11.0,"enemies":"theJungle:2_Phrogs","floor":30.0,"turns":6.0},{"damage":81.0,"enemies":"theJungle:TotemBoss","floor":33.0,"turns":10.0},{"damage":9.0,"enemies":"3 Darklings","floor":35.0,"turns":3.0},{"damage":4.0,"enemies":"Orb Walker","floor":38.0,"turns":1.0},{"damage":55.0,"enemies":"beaked:SuperParasite","floor":40.0,"turns":7.0},{"damage":4.0,"enemies":"Giant Head","floor":41.0,"turns":5.0},{"damage":3.0,"enemies":"Nemesis","floor":44.0,"turns":5.0},{"damage":0.0,"enemies":"R_Hoarder","floor":46.0,"turns":4.0},{"damage":7.0,"enemies":"Writhing Mass","floor":47.0,"turns":6.0},{"damage":0.0,"enemies":"Maw","floor":48.0,"turns":6.0},{"damage":55,"enemies":"Replay:Hell Engine","floor":50,"turns":9},{"damage":24,"enemies":"Shield and Spear","floor":54,"turns":5},{"damage":106,"enemies":"The Heart","floor":55,"turns":6}],"seed_played":"8795395313808314998","potions_obtained":[{"floor":4.0,"key":"GamblersBrew"},{"floor":4.0,"key":"ColorlessPotion"},{"floor":4.0,"key":"ElixirPotion"},{"floor":5.0,"key":"Weak Potion"},{"floor":10.0,"key":"Strength Potion"},{"floor":12.0,"key":"Block Potion"},{"floor":16.0,"key":"potionbrewer:MidasPotion"},{"floor":18.0,"key":"Energy Potion"},{"floor":19.0,"key":"infinitespire:BlackPotion"},{"floor":27.0,"key":"BlessingOfTheForge"},{"floor":28.0,"key":"blueLaboratory:PolymorphPotion"},{"floor":29.0,"key":"Strength Potion"},{"floor":30.0,"key":"blueLaboratory:AbyssPotion"},{"floor":35.0,"key":"SpeedPotion"},{"floor":41.0,"key":"potionbrewer:NoxiousPotion"}],"is_trial":false,"path_per_floor":["M","?","$","?","M","R","E","M","T","E","R","E","M","E","R_BF","B",null,"M","?","?","?","M","E","M","R","T","M","E","M","E","?","R_BF","B",null,"M","$","?","M","AVR","E","E","R","T","E","?","E","M","M","R_BF","B",null,"R","$","E","B"],"character_chosen":"IRONCLAD","items_purchased":["Armaments","Bottled Tornado","Burning Pact","Dexterity Potion","MerchantsRug","SpikesRelics:SneckoPlush","Purity"],"campfire_rested":1,"item_purchase_floors":[3,36,36,53,53,53,53],"current_hp_per_floor":[70,59,59,39,44,44,28,34,34,23,47,37,35,35,59,39,70,55,55,55,55,64,66,72,72,72,79,80,80,75,75,75,35,69,80,80,80,80,85,49,62,62,62,85,81,81,81,81,81,76,80,80,80,62,0,0],"gold":55,"neow_bonus":"RANDOM_EVENT","is_daily":false,"chose_seed":false,"campfire_upgraded":3,"win_rate":0.0,"timestamp":1610980068,"path_taken":["M","?","$","?","M","R","E","M","T","E","R","E","M","E","R_BF","BOSS","M","?","?","?","M","E","M","R","T","M","E","M","E","?","R_BF","BOSS","M","$","?","?","AVR","E","E","R","T","E","?","E","M","M","R_BF","BOSS","R","$","E","BOSS"],"items_purchased_type":["Card","Relic","Card","Potion","Relic","Relic","Card"],"build_version":"2020-12-22","purchased_purges":3,"victory":false,"max_hp_per_floor":[80,80,80,80,80,80,80,80,80,80,80,80,80,80,80,80,80,80,80,80,80,80,80,80,80,80,80,80,80,80,80,80,80,80,80,80,80,80,85,85,85,85,85,85,81,81,81,81,81,81,81,81,81,81,81,81],"card_choices":[{"not_picked":["Carnage","Wild Strike"],"picked":"Cleave","floor":1.0},{"not_picked":["jedi:fear","Heavy Blade"],"picked":"ReplayReversal","floor":4.0},{"not_picked":["Searing Blow","ReplayTheSpireMod:Strike From Hell"],"picked":"conspire:Charge","floor":5.0},{"not_picked":["Twin Strike","ReplayTheSpireMod:Strike From Hell"],"picked":"jedi:MakeshiftSword","floor":7.0},{"not_picked":["Pommel Strike","Dropkick","Entrench"],"picked":"SKIP","floor":8.0},{"not_picked":["Armaments","Hemokinesis"],"picked":"BarbarianYell","floor":10.0},{"not_picked":["Replay:Undeath\u0027s Touch","Flex"],"picked":"Exhume","floor":12.0},{"not_picked":["Perfected Strike","Rampage","jedi:fear"],"picked":"SKIP","floor":13.0},{"not_picked":["Clothesline","Body Slam"],"picked":"jedi:strikingstrike","floor":14.0},{"not_picked":["conspire:HitWhereItHurts","Brutality"],"picked":"Reaper","floor":16.0},{"not_picked":["Cleave","Twin Strike","Warcry"],"picked":"SKIP","floor":18.0},{"not_picked":["Blood for Blood","Body Slam"],"picked":"Second Wind","floor":22.0},{"not_picked":["Iron Wave","Run Through"],"picked":"Flex+1","floor":23.0},{"not_picked":["Uppercut","ReplayTheSpireMod:LeadingStrike"],"picked":"Abandon","floor":24.0},{"not_picked":["Iron Wave","Clothesline"],"picked":"Corruption","floor":27.0},{"not_picked":["Havoc","Abandon"],"picked":"Shockwave","floor":28.0},{"not_picked":["Infernal Blade+1","Dropkick"],"picked":"Seeing Red","floor":29.0},{"not_picked":["BarbarianYell+1","Pommel Strike","Clothesline"],"picked":"SKIP","floor":30.0},{"not_picked":["Bludgeon","Fiend Fire"],"picked":"conspire:HitWhereItHurts","floor":33.0},{"not_picked":["Anger","Cleave"],"picked":"Flame Barrier+1","floor":35.0},{"not_picked":["Sever Soul","Life Link+1"],"picked":"Headbutt+1","floor":38.0},{"not_picked":["Armaments+1","Ghostly Armor"],"picked":"Anger+1","floor":39.0},{"not_picked":["Anger","jedi:unlimitedpower"],"picked":"Iron Wave+1","floor":40.0},{"not_picked":["Fire Breathing","Thunderclap+1","Armaments"],"picked":"SKIP","floor":41.0},{"not_picked":["ReplayTheSpireMod:Muscle Training","Massacre+1"],"picked":"Inflame","floor":44.0},{"not_picked":["Iron Wave+1","jedi:fear"],"picked":"Exhume","floor":46.0},{"not_picked":["Life Link","Perfected Strike","Power Through+1"],"picked":"SKIP","floor":47.0},{"not_picked":["Defy Death+1","Perfected Strike","ReplayTheSpireMod:Limb From Limb+1"],"picked":"SKIP","floor":48.0},{"not_picked":["Sentinel","Sword Boomerang"],"picked":"conspire:HitWhereItHurts","floor":54}],"player_experience":410442,"relics_obtained":[{"floor":7.0,"key":"Mummified Hand"},{"floor":9.0,"key":"Pen Nib"},{"floor":10.0,"key":"Onion Ring"},{"floor":12.0,"key":"infinitespire:CheckeredPen"},{"floor":14.0,"key":"WingedGreaves"},{"floor":23.0,"key":"Bag of Preparation"},{"floor":26.0,"key":"infinitespire:Satchel"},{"floor":28.0,"key":"potionbrewer:SlideRule"},{"floor":30.0,"key":"SpikesRelics:DaevaFist"},{"floor":40.0,"key":"ReplayFunnel"},{"floor":41.0,"key":"SnailShell"},{"floor":44.0,"key":"vexMod:MemoryStick"},{"floor":46.0,"key":"aspiration:HiddenCompartment"},{"floor":54,"key":"Golden Egg"}],"event_choices":[{"damage_healed":0.0,"max_hp_gain":0.0,"max_hp_loss":0.0,"gold_gain":0.0,"event_name":"betterThird:BetterGoop","player_choice":"Slimed","floor":2.0,"gold_loss":40.0,"damage_taken":11.0},{"damage_healed":0.0,"max_hp_gain":0.0,"max_hp_loss":0.0,"gold_gain":0.0,"event_name":"Lab","player_choice":"Got Potions","floor":19.0,"gold_loss":0.0,"damage_taken":0.0},{"damage_healed":0.0,"max_hp_gain":0.0,"max_hp_loss":0.0,"gold_gain":100.0,"event_name":"Golden Shrine","player_choice":"Pray","floor":20.0,"gold_loss":0.0,"damage_taken":0.0},{"damage_healed":0.0,"max_hp_gain":0.0,"max_hp_loss":0.0,"gold_gain":0.0,"event_name":"WeMeetAgain","player_choice":"Paid Gold","floor":21.0,"gold_loss":130.0,"damage_taken":0.0,"relics_obtained":["ReplayTheSpireMod:TigerMarble"]},{"cards_removed":["Armaments"],"damage_healed":0.0,"max_hp_gain":0.0,"max_hp_loss":0.0,"gold_gain":0.0,"event_name":"betterNote:BetterNote","player_choice":"Give","floor":31.0,"gold_loss":0.0,"damage_taken":0.0,"cards_obtained":["None"]},{"damage_healed":0.0,"max_hp_gain":0.0,"max_hp_loss":0.0,"gold_gain":0.0,"cards_transformed":["Strike_R"],"event_name":"Transmorgrifier","player_choice":"Transformed","floor":37.0,"gold_loss":0.0,"damage_taken":0.0,"cards_obtained":["ReplayTheSpireMod:Limb From Limb"]},{"damage_healed":0.0,"max_hp_gain":0.0,"max_hp_loss":4.0,"gold_gain":0.0,"event_name":"Winding Halls","player_choice":"Max HP","floor":45.0,"gold_loss":0.0,"damage_taken":0.0}],"is_beta":false,"boss_relics":[{"not_picked":["Replay:Ancient Bell","Velvet Choker"],"picked":"energizedSpire:OgreHead"},{"not_picked":["Coffee Dripper","Replay:Drink Me"],"picked":"vexMod:ImprovementManual"}],"items_purged_floors":[36,39,53],"is_endless":false,"potions_floor_spawned":[5,10,12,16,18,27,28,29,30,35,41,47,48],"killed_by":"The Heart","ascension_level":10}}