{"host":"w05x4i13f2m9joq1","time":1610941780,"event":{"mods":["Act Like it!","Bard","BaseMod","Better Altar","Better Match","Better Note","Better Sensory Stone","Better Skull","Better Third Choice","BetterRewards","Colored Map","Colored Powertips","Duelist Mod","GifTheSpireLib","Googly Eyes","Ironclad Rager","Lobotomy","LobotomyExtend","Marisa????????","Minty Spire (QoL Compilation)","Replay The Spire","Spire Birthday Party","StSLib","The Bug Knight","The Construct","The Hierophant","The IronCluck","The Mystic","TheBandit","everything is the same but u backflip on backflip","slay the spire mod where everything is the same but ironclad has a cowboy hat"],"gold_per_floor":[115,34,34,54,17,43,43,54,54,69,84,94,109,121,121,216,216,228,246,246,19,19,19,219,253,269,269,269,282,293,311,324,324,324],"floor_reached":33,"language":"ENG","playtime":2713,"items_purged":["wariomod:Defend"],"score":275,"play_id":"856b9292-6f87-4376-b4f3-ed277ce6380c","local_time":"20210117224940","is_ascension_mode":false,"campfire_choices":[{"floor":7,"key":"REST"},{"floor":15,"key":"REST"},{"floor":27,"key":"REST"}],"circlet_count":0,"master_deck":["wariomod:Strike","wariomod:Strike","wariomod:Strike+1","wariomod:Strike","wariomod:Defend","wariomod:Defend","wariomod:Defend","wariomod:Step","wariomod:Leap","Discovery+1","wariomod:ChargeForth","wariomod:DanceDash+1","wariomod:Hopshield","wariomod:AwfulLook","wariomod:DoubleDash","wariomod:DoubleDash","wariomod:ImFeelingLucky+1","wariomod:Smackflip","wariomod:WhirlwindBurst","wariomod:AwfulLook","wariomod:BoomForm+1","wariomod:Bomblaster","wariomod:Bombshield","wariomod:MassiveParty+1","AbeCurse","wariomod:TrekTime","wariomod:BoomBoom","wariomod:HappyHop","wariomod:BodyBlock+1","wariomod:HappyHit+1","wariomod:ChargeForth+1","wariomod:Leapslam","wariomod:Goblast"],"relics":["wariomod:TheHat","LetterFromLob","HornCleat","Darkstone Periapt","Abe\u0027s Treasure","Guide Book","Gremlin Food","Pet Ghost"],"acts_visited":["Exordium","TheCity"],"potions_floor_usage":[],"damage_taken":[{"damage":10,"enemies":"Cultist","floor":1,"turns":4},{"damage":0,"enemies":"2 Louse","floor":4,"turns":2},{"damage":32,"enemies":"Gremlin Nob","floor":6,"turns":5},{"damage":6,"enemies":"Jaw Worm","floor":8,"turns":2},{"damage":10,"enemies":"Large Slime","floor":10,"turns":4},{"damage":5,"enemies":"3 Louse","floor":11,"turns":4},{"damage":2,"enemies":"Blue Slaver","floor":12,"turns":2},{"damage":6,"enemies":"Looter","floor":13,"turns":2},{"damage":0,"enemies":"Gremlin Gang","floor":14,"turns":2},{"damage":46,"enemies":"Slime Boss","floor":16,"turns":11},{"damage":0,"enemies":"3 Byrds","floor":18,"turns":4},{"damage":20,"enemies":"Spheric Guardian","floor":19,"turns":4},{"damage":12,"enemies":"theDuelist:KaibaA2","floor":25,"turns":5},{"damage":26,"enemies":"Cultist and Chosen","floor":26,"turns":7},{"damage":0,"enemies":"3 Cultists","floor":29,"turns":3},{"damage":20,"enemies":"Sentry and Sphere","floor":30,"turns":6},{"damage":26,"enemies":"Centurion and Healer","floor":31,"turns":5},{"damage":2,"enemies":"Cultist and Chosen","floor":32,"turns":5},{"damage":11,"enemies":"Snake Plant","floor":33,"turns":1}],"seed_played":"2799174485504607138","potions_obtained":[{"floor":1,"key":"ColorlessPotion"},{"floor":4,"key":"Energy Potion"},{"floor":8,"key":"Explosive Potion"},{"floor":10,"key":"Weak Potion"},{"floor":30,"key":"Fire Potion"}],"is_trial":false,"path_per_floor":["M","$","?","M","$","E","R","M","T","M","M","M","M","M","R","B",null,"M","M","?","$","PTL","PTL","?","E","M","R","T","M","M","M","M","M"],"character_chosen":"THE_BANDIT","items_purchased":["wariomod:DanceDash+1","wariomod:Hopshield","wariomod:DoubleDash","Guide Book"],"campfire_rested":3,"item_purchase_floors":[2,2,5,21],"current_hp_per_floor":[70,70,70,70,70,38,62,56,56,46,41,39,33,33,57,11,86,86,66,66,66,66,66,66,54,28,53,53,53,33,7,5,0,0],"gold":324,"neow_bonus":"RANDOM_COLORLESS","is_daily":false,"chose_seed":false,"campfire_upgraded":0,"win_rate":0.0,"timestamp":1610941780,"path_taken":["M","?","?","M","$","E","R","M","T","M","M","M","M","?","R","BOSS","M","M","?","$","PTL","PTL","?","E","M","R","T","M","M","M","M","M"],"items_purchased_type":["Card","Card","Card","Relic"],"build_version":"2020-12-22","purchased_purges":1,"victory":false,"max_hp_per_floor":[80,80,80,80,80,80,80,80,80,80,80,80,80,80,80,80,86,86,86,86,86,86,86,86,86,86,86,86,86,86,86,86,86,86],"card_choices":[{"not_picked":["Trip","Good Instincts"],"picked":"Discovery","floor":0},{"not_picked":["wariomod:SmackSlam","wariomod:SmallSprint"],"picked":"wariomod:ChargeForth","floor":1},{"not_picked":["wariomod:Hopshield","wariomod:Bombshield"],"picked":"wariomod:AwfulLook","floor":4},{"not_picked":["wariomod:Boomsmack","wariomod:Goblast"],"picked":"wariomod:ImFeelingLucky","floor":6},{"not_picked":["wariomod:BodyBlock","wariomod:Boomsmack"],"picked":"wariomod:Smackflip","floor":8},{"not_picked":["wariomod:SmackSlam","wariomod:BoomBoom"],"picked":"wariomod:WhirlwindBurst","floor":10},{"not_picked":["wariomod:DeepDig","wariomod:PayItForwards"],"picked":"wariomod:AwfulLook","floor":11},{"not_picked":["wariomod:DoubleDash","wariomod:Bombtime"],"picked":"wariomod:BoomForm","floor":12},{"not_picked":["wariomod:DeepDig","wariomod:Immortalize"],"picked":"wariomod:Bomblaster","floor":13},{"not_picked":["wariomod:AwfulLook","wariomod:SpikeSlash"],"picked":"wariomod:Bombshield","floor":14},{"not_picked":["wariomod:DeadlyDash","wariomod:EnergizedBombs"],"picked":"wariomod:MassiveParty","floor":16},{"not_picked":["wariomod:Bombshield+1","wariomod:SpikeSlash"],"picked":"wariomod:TrekTime","floor":18},{"not_picked":["wariomod:Hopshield","wariomod:EndlessBlast"],"picked":"wariomod:BoomBoom","floor":19},{"not_picked":["wariomod:Smackflip","wariomod:Bombshield+1"],"picked":"wariomod:HappyHop","floor":25},{"not_picked":["wariomod:SmallSprint","wariomod:Boomsmack"],"picked":"wariomod:BodyBlock+1","floor":26},{"not_picked":["wariomod:DanceDash","wariomod:TreasureDig"],"picked":"wariomod:HappyHit+1","floor":29},{"not_picked":["wariomod:BoomForm","wariomod:OctoJump"],"picked":"wariomod:ChargeForth+1","floor":30},{"not_picked":["wariomod:TheGrandJourney","wariomod:DisarmingMoves"],"picked":"wariomod:Leapslam","floor":31},{"not_picked":["wariomod:OctoJump","wariomod:BoomBoom+1"],"picked":"wariomod:Goblast","floor":32}],"player_experience":82400,"relics_obtained":[{"floor":1,"key":"LetterFromLob"},{"floor":6,"key":"HornCleat"},{"floor":9,"key":"Darkstone Periapt"},{"floor":25,"key":"Gremlin Food"},{"floor":28,"key":"Pet Ghost"}],"event_choices":[{"damage_healed":0,"gold_gain":0,"player_choice":"Grow","damage_taken":0,"max_hp_gain":0,"max_hp_loss":0,"event_name":"Living Wall","floor":3,"gold_loss":0,"cards_upgraded":["Discovery"]},{"damage_healed":0,"gold_gain":0,"player_choice":"Upgraded","damage_taken":0,"max_hp_gain":0,"max_hp_loss":0,"event_name":"Upgrade Shrine","floor":20,"gold_loss":0,"cards_upgraded":["wariomod:BoomForm"]},{"damage_healed":0,"gold_gain":200,"player_choice":"Gold","damage_taken":0,"max_hp_gain":0,"max_hp_loss":0,"event_name":"Wheel of Change","floor":24,"gold_loss":0}],"is_beta":false,"boss_relics":[{"not_picked":["Replay:Ancient Bell","Astrolabe"],"picked":"Abe\u0027s Treasure"}],"items_purged_floors":[21],"is_endless":false,"potions_floor_spawned":[1,4,8,10,18,19,29,30],"killed_by":"Snake Plant","ascension_level":0}}