{"host":"e52c7hvho6xny3hd","time":1610935018,"event":{"mods":["AchievementEnabler","BaseMod","Colored Map","DeckTracker","Minty Spire (QoL Compilation)","Permanent Neow","StSLib"],"gold_per_floor":[369,118,135,150,166,166,241,64,64,64,14,34,34,34,34,132,132,147,164,79,92,139,139,139,139],"floor_reached":24,"language":"KOR","playtime":858,"items_purged":["Pain","Strike_P"],"score":366,"play_id":"a446d3db-d337-44c8-850c-8364c8371df3","local_time":"20210118105658","is_ascension_mode":true,"campfire_choices":[{"data":"Devotion","floor":6.0,"key":"SMITH"},{"data":"Eruption","floor":10.0,"key":"SMITH"},{"floor":13.0,"key":"REST"},{"data":"Vigilance","floor":15.0,"key":"SMITH"},{"data":"Blind","floor":23,"key":"SMITH"}],"circlet_count":0,"master_deck":["AscendersBane","Strike_P","Defend_P","Defend_P","Defend_P","Defend_P","Eruption+1","Vigilance+1","BowlingBash","Devotion+1","FollowUp","FlurryOfBlows","Conclude","Crescendo","InnerPeace","FlyingSleeves+1","Ragnarok+1","ClearTheMind","FearNoEvil+1","Blind+1","Worship"],"relics":["HolyWater","Molten Egg 2","CeramicFish"],"acts_visited":["Exordium","TheCity"],"potions_floor_usage":[],"damage_taken":[{"damage":2.0,"enemies":"Small Slimes","floor":1.0,"turns":2.0},{"damage":3.0,"enemies":"2 Louse","floor":3.0,"turns":3.0},{"damage":2.0,"enemies":"Cultist","floor":4.0,"turns":5.0},{"damage":11.0,"enemies":"Looter","floor":5.0,"turns":4.0},{"damage":4.0,"enemies":"Exordium Wildlife","floor":12.0,"turns":4.0},{"damage":0.0,"enemies":"Slime Boss","floor":16.0,"turns":4.0},{"damage":7,"enemies":"Chosen","floor":18,"turns":3},{"damage":11,"enemies":"3 Byrds","floor":19,"turns":4},{"damage":9,"enemies":"Cultist and Chosen","floor":21,"turns":4},{"damage":30,"enemies":"Book of Stabbing","floor":24,"turns":4}],"seed_played":"4710555878016615611","potions_obtained":[{"floor":4.0,"key":"PowerPotion"},{"floor":12.0,"key":"BottledMiracle"},{"floor":18,"key":"BottledMiracle"}],"is_trial":false,"path_per_floor":["M","$","M","M","M","R","?","$","T","R","?","M","R","?","R","B",null,"M","M","$","M","T","R","E"],"character_chosen":"WATCHER","items_purchased":["Devotion","FollowUp","InnerPeace","Blind"],"campfire_rested":1,"item_purchase_floors":[2,2,8,20],"current_hp_per_floor":[63,63,60,58,47,47,36,36,36,36,36,32,53,53,53,53,67,60,49,49,40,40,40,10,10],"gold":139,"neow_bonus":"TWO_FIFTY_GOLD","is_daily":false,"chose_seed":false,"campfire_upgraded":4,"win_rate":0.0,"timestamp":1610935018,"path_taken":["M","$","M","M","M","R","?","$","T","R","?","M","R","?","R","BOSS","M","M","$","M","?","R","E"],"items_purchased_type":["Card","Card","Card","Card"],"build_version":"2020-12-22","purchased_purges":2,"victory":false,"max_hp_per_floor":[72,72,72,72,72,72,72,72,72,72,72,72,72,72,72,72,72,72,72,72,72,72,72,72,72],"card_choices":[{"not_picked":["CrushJoints","LikeWater"],"picked":"BowlingBash","floor":1.0},{"not_picked":["Weave","EmptyBody"],"picked":"FlurryOfBlows","floor":3.0},{"not_picked":["CrushJoints","ThirdEye"],"picked":"Conclude","floor":4.0},{"not_picked":["ConjureBlade","Weave"],"picked":"Crescendo","floor":5.0},{"not_picked":["Crescendo","EmptyFist+1"],"picked":"FlyingSleeves+1","floor":12.0},{"not_picked":["MasterReality","DevaForm"],"picked":"Ragnarok+1","floor":16.0},{"not_picked":["FlurryOfBlows+1","BowlingBash+1"],"picked":"ClearTheMind","floor":18},{"not_picked":["ThirdEye","JustLucky+1"],"picked":"FearNoEvil+1","floor":19},{"not_picked":["JustLucky+1","PathToVictory+1"],"picked":"Worship","floor":21}],"player_experience":684198,"relics_obtained":[{"floor":9.0,"key":"Molten Egg 2"},{"floor":22,"key":"CeramicFish"}],"event_choices":[{"damage_healed":0.0,"max_hp_gain":0.0,"max_hp_loss":0.0,"gold_gain":75.0,"event_name":"World of Goop","player_choice":"Gather Gold","floor":7.0,"gold_loss":0.0,"damage_taken":11.0},{"cards_removed":["Strike_P"],"damage_healed":0.0,"max_hp_gain":0.0,"max_hp_loss":0.0,"gold_gain":0.0,"event_name":"The Cleric","player_choice":"Card Removal","floor":11.0,"gold_loss":50.0,"damage_taken":0.0},{"cards_removed":["Strike_P"],"damage_healed":0.0,"max_hp_gain":0.0,"max_hp_loss":0.0,"gold_gain":0.0,"event_name":"Purifier","player_choice":"Purged","floor":14.0,"gold_loss":0.0,"damage_taken":0.0}],"is_beta":false,"boss_relics":[{"not_picked":["Busted Crown","Pandora\u0027s Box"],"picked":"HolyWater"}],"items_purged_floors":[2,8],"is_endless":false,"potions_floor_spawned":[4,12,18],"killed_by":"Book of Stabbing","ascension_level":11}}