{"host":"x7btokbb0w2jhl7e","time":1610972293,"event":{"mods":["ATMod(°¢èªMod)","Act Like it!","BaseMod","Gensokyo","Marisa£¨ìFÓê¡¡Ä§ÀíÉ³£©","Minty Spire (QoL Compilation)","Quick Restart","StSLib"],"gold_per_floor":[116,41,41,75,107,149,179,223,223,273,299,319,362,312,312,410,410,442,342,353,176,56,102,137,137,161,111,111,111,171,205,205,315,315,340,340,413,413,459,471,530,542,579,501,513,568,580,299,311,323,335,347,121,150,150],"floor_reached":56,"language":"ZHS","playtime":3575,"items_purged":["Strike_MRS","Strike_MRS","Strike_MRS","Defend_MRS"],"score":1541,"play_id":"b9f7c531-e963-4c3c-84f4-d12c57f636c1","local_time":"20210118201813","is_ascension_mode":false,"campfire_choices":[{"data":"Gensokyo:BlessingOfVigor","floor":15.0,"key":"SMITH"},{"data":"Acceleration","floor":25.0,"key":"SMITH"},{"floor":32.0,"key":"RECALL"},{"data":"ManaRampage","floor":40.0,"key":"SMITH"},{"data":"BinaryStars","floor":42.0,"key":"SMITH"},{"floor":49,"key":"REST"},{"floor":52,"key":"REST"}],"circlet_count":0,"master_deck":["Strike_MRS","Defend_MRS","Defend_MRS","UpSweep","AT_EssenceShift","WitchOfGreed","AlicesGift+1","BinaryStars+1","LuminesStrike","ManaRampage+1","6A","MilkyWay","Gensokyo:BlessingOfVigor+1","ManaConvection+1","Acceleration+1","Gensokyo:FourOfAKind","Gensokyo:FourOfAKind","Gensokyo:FourOfAKind","Gensokyo:FourOfAKind","MilkyWay","MachineGunSpark+1","UnstableBomb+1","Gensokyo:CustomPotion","Gensokyo:LifeSpringInfinity+1","SprinkleStarSeal+1","Gensokyo:LifeSpringInfinity+1","AT_LightSaberMaster+1"],"relics":["AT_ATBox","Philosopher\u0027s Stone","StrikeDummy","Singing Bowl","HandmadeGrimoire","AT_Manta","AT_BellDemon","Orichalcum","Happy Flower","Black Star","Juzu Bracelet","Bottled Lightning","Gensokyo:FoxMask","Girya","Nunchaku","Pen Nib","AT_PhaseBoots","Blue Candle","SproutingBranch","Sozu","Bag of Marbles","Art of War","MawBank","Dream Catcher","Frozen Egg 2","Potion Belt","DollysMirror","Bag of Preparation","Centennial Puzzle","White Beast Statue","InkBottle"],"acts_visited":["Gensokyo:Gensokyo","Gensokyo:Gensokyoer","Gensokyo:Gensokyoest","TheEnding"],"potions_floor_usage":[55,55],"damage_taken":[{"damage":0.0,"enemies":"Gensokyo:Python","floor":1.0,"turns":4.0},{"damage":0.0,"enemies":"Gensokyo:3_Fairies","floor":4.0,"turns":4.0},{"damage":0.0,"enemies":"Gensokyo:2_Kodama","floor":5.0,"turns":4.0},{"damage":24.0,"enemies":"Gensokyo:Cirno","floor":6.0,"turns":6.0},{"damage":0.0,"enemies":"Gensokyo:2_Rabbits","floor":7.0,"turns":3.0},{"damage":10.0,"enemies":"Gensokyo:Aya","floor":8.0,"turns":5.0},{"damage":4.0,"enemies":"Gensokyo:Mamizou","floor":10.0,"turns":7.0},{"damage":0.0,"enemies":"Gensokyo:Kitsune","floor":12.0,"turns":1.0},{"damage":0.0,"enemies":"Gensokyo:Aya","floor":13.0,"turns":5.0},{"damage":11.0,"enemies":"Gensokyo:Yukari","floor":16.0,"turns":9.0},{"damage":0.0,"enemies":"Gensokyo:Chomper","floor":18.0,"turns":2.0},{"damage":16.0,"enemies":"Gensokyo:3_Dogs","floor":20.0,"turns":4.0},{"damage":8.0,"enemies":"Gensokyo:Tenshi","floor":23.0,"turns":4.0},{"damage":0.0,"enemies":"Gensokyo:Chomper_and_Gloop","floor":24.0,"turns":3.0},{"damage":2.0,"enemies":"Gensokyo:Wraith","floor":30.0,"turns":4.0},{"damage":0.0,"enemies":"Gensokyo:Koishi","floor":31.0,"turns":3.0},{"damage":60.0,"enemies":"Gensokyo:Eternal_Rivals","floor":33.0,"turns":7.0},{"damage":0.0,"enemies":"Gensokyo:3_Bats","floor":35.0,"turns":9.0},{"damage":3.0,"enemies":"Gensokyo:3_Boulders","floor":37.0,"turns":4.0},{"damage":0.0,"enemies":"Gensokyo:AtlasGolem","floor":39.0,"turns":2.0},{"damage":0.0,"enemies":"Gensokyo:Marisa","floor":41.0,"turns":2.0},{"damage":3.0,"enemies":"Gensokyo:Marisa","floor":45.0,"turns":6.0},{"damage":0,"enemies":"Gensokyo:Sharpion","floor":46,"turns":3},{"damage":0,"enemies":"Gensokyo:Scarlet_Devils","floor":50,"turns":5},{"damage":0,"enemies":"Shield and Spear","floor":54,"turns":3},{"damage":4,"enemies":"The Heart","floor":55,"turns":4}],"seed_played":"3898958470118499801","potions_obtained":[{"floor":1.0,"key":"Weak Potion"},{"floor":4.0,"key":"SkillPotion"},{"floor":5.0,"key":"Fruit Juice"},{"floor":5.0,"key":"AttackPotion"},{"floor":6.0,"key":"Explosive Potion"},{"floor":6.0,"key":"Weak Potion"},{"floor":7.0,"key":"SpeedPotion"},{"floor":8.0,"key":"Weak Potion"},{"floor":13.0,"key":"EssenceOfSteel"},{"floor":13.0,"key":"Regen Potion"},{"floor":16.0,"key":"FearPotion"},{"floor":18.0,"key":"CultistPotion"},{"floor":20.0,"key":"ShroomBrew"},{"floor":23.0,"key":"GamblersBrew"},{"floor":24.0,"key":"SteroidPotion"},{"floor":30.0,"key":"LiquidMemories"},{"floor":31.0,"key":"BottledSpark"},{"floor":33.0,"key":"Weak Potion"},{"floor":33.0,"key":"Energy Potion"}],"is_trial":false,"path_per_floor":["M","$","?","M","M","E","M","E","T","E","T","M","E","?","R","B",null,"M","$","M","$","?","E","M","R","T","?","?","?","M","E","R","B",null,"M","?","M","?","M","R","E","R","T","?","?","M","?","COS","R","B",null,"R","$","E","B",null],"character_chosen":"MARISA","items_purchased":["Acceleration","AT_LightSaberMaster+1"],"campfire_rested":2,"item_purchase_floors":[21,53],"current_hp_per_floor":[75,75,75,75,80,56,56,46,46,44,44,44,44,44,44,35,84,84,84,77,77,77,71,73,73,73,80,68,68,66,68,68,10,70,72,62,71,71,72,72,74,74,74,74,74,74,74,74,76,76,76,78,78,82,82],"gold":150,"neow_bonus":"BOSS_RELIC","is_daily":false,"chose_seed":false,"campfire_upgraded":4,"win_rate":0.0,"timestamp":1610972293,"path_taken":["M","?","?","?","M","E","M","E","T","E","?","M","E","?","R","BOSS","M","$","M","$","?","E","M","R","T","?","?","?","M","E","R","BOSS","M","?","M","?","M","R","E","R","T","?","?","M","?","COS","R","BOSS","R","$","E","BOSS"],"items_purchased_type":["Card","Card"],"build_version":"2020-12-22","purchased_purges":4,"victory":true,"max_hp_per_floor":[75,75,75,75,80,80,80,80,80,82,82,82,82,82,82,84,84,84,84,86,86,86,88,90,90,90,97,68,68,68,70,70,70,70,72,72,72,72,72,72,74,74,74,74,74,74,74,74,76,76,76,78,78,82,82],"card_choices":[{"not_picked":["ChargeUpSpray","DC"],"picked":"WitchOfGreed","floor":1.0},{"not_picked":["GrandCross","EventHorizon"],"picked":"BinaryStars","floor":4.0},{"not_picked":["LuminesStrike","WitchOfGreed","ShootingEcho"],"picked":"SKIP","floor":5.0},{"not_picked":["PowerUp","Singularity"],"picked":"LuminesStrike","floor":6.0},{"not_picked":["DoubleSpark","PowerUp","NonDirectionalLaser"],"picked":"SKIP","floor":7.0},{"not_picked":["MilkyWay","ChargingUp"],"picked":"ManaRampage","floor":8.0},{"not_picked":["DragonMeteor","OrrerysSun","OpenUniverse"],"picked":"Singing Bowl","floor":10.0},{"not_picked":["DoubleSpark","FairyDestructionRay"],"picked":"6A","floor":12.0},{"not_picked":["StarBarrage","WitchOfGreed"],"picked":"MilkyWay","floor":13.0},{"not_picked":["BinaryStars","FinalSpark","UltimateShortwave"],"picked":"Singing Bowl","floor":16.0},{"not_picked":["Acceleration","6A"],"picked":"ManaConvection+1","floor":18.0},{"not_picked":["GasGiant","ShootingEcho","MysteriousBeam"],"picked":"Singing Bowl","floor":20.0},{"not_picked":["ShootTheMoon","ChargingUp+1","SporeBomb"],"picked":"Singing Bowl","floor":23.0},{"not_picked":["StarlightTyphoon","WitchLeyline","GalacticHalo"],"picked":"Singing Bowl","floor":24.0},{"not_picked":["6A","BinaryStars"],"picked":"MilkyWay","floor":30.0},{"not_picked":["StarBarrage","OrrerysSun+1","AlicesGift"],"picked":"Singing Bowl","floor":31.0},{"not_picked":["EscapeVelocity","BigCrunch"],"picked":"JA","floor":33.0},{"not_picked":["GalacticHalo","ManaConvection","GrandCross"],"picked":"Singing Bowl","floor":35.0},{"not_picked":["FairyDestructionRay+1","OpenUniverse"],"picked":"MachineGunSpark+1","floor":37.0},{"not_picked":["WitchLeyline+1","AsteroidBelt+1"],"picked":"UnstableBomb+1","floor":39.0},{"not_picked":["AsteroidBelt","DC+1","UnstableBomb+1"],"picked":"Singing Bowl","floor":41.0},{"not_picked":["Gensokyo:UnhurriedMind+1","Gensokyo:Dawn+1"],"picked":"Gensokyo:LifeSpringInfinity+1","floor":45.0},{"not_picked":["GrandCross","SporeBomb+1"],"picked":"SprinkleStarSeal+1","floor":46},{"not_picked":["LuminesStrike","GrandCross","6A"],"picked":"Singing Bowl","floor":49},{"not_picked":["AlicesGift","GrandCross+1","DoubleSpark"],"picked":"Singing Bowl","floor":52},{"not_picked":["FinalSpark","CollectingQuirk","SatelliteIllusion"],"picked":"Singing Bowl","floor":54},{"not_picked":["DarkSpark+1","MilkyWay","FinalSpark"],"picked":"Singing Bowl","floor":54}],"player_experience":243795,"relics_obtained":[{"floor":6.0,"key":"StrikeDummy"},{"floor":8.0,"key":"Singing Bowl"},{"floor":9.0,"key":"HandmadeGrimoire"},{"floor":10.0,"key":"AT_Manta"},{"floor":11.0,"key":"AT_BellDemon"},{"floor":12.0,"key":"Orichalcum"},{"floor":13.0,"key":"Happy Flower"},{"floor":18.0,"key":"Juzu Bracelet"},{"floor":20.0,"key":"Bottled Lightning"},{"floor":23.0,"key":"Girya"},{"floor":23.0,"key":"Nunchaku"},{"floor":24.0,"key":"Pen Nib"},{"floor":26.0,"key":"AT_SpeedBoots"},{"floor":31.0,"key":"Blue Candle"},{"floor":31.0,"key":"SproutingBranch"},{"floor":35.0,"key":"Bag of Marbles"},{"floor":37.0,"key":"Art of War"},{"floor":39.0,"key":"MawBank"},{"floor":41.0,"key":"Dream Catcher"},{"floor":41.0,"key":"Frozen Egg 2"},{"floor":41.0,"key":"Potion Belt"},{"floor":54,"key":"Centennial Puzzle"},{"floor":54,"key":"White Beast Statue"}],"event_choices":[],"is_beta":false,"boss_relics":[{"not_picked":["Tiny House","Velvet Choker"],"picked":"Black Star"},{"not_picked":["Fusion Hammer","AT_MortalBlade"],"picked":"Sozu"}],"items_purged_floors":[2,19,21,53],"is_endless":false,"potions_floor_spawned":[1,5,6,13,16,20,30,31,33,39,41],"ascension_level":0}}