{"host":"37ccm3d17clopct7","time":1610951434,"event":{"mods":["BaseMod","Lobotomy","Minty Spire (QoL Compilation)","StSLib","The Bug Knight","The Cursed","The Hierophant"],"gold_per_floor":[114,150,225,225,2,2,2,54,78,129,129,129,170,170,170,170,170],"floor_reached":16,"language":"KOR","playtime":674,"items_purged":["hierophant:Defend_Hierophant"],"score":88,"play_id":"8dfb2542-90cb-4d89-8f05-8c363ce46e88","local_time":"20210118153034","is_ascension_mode":false,"campfire_choices":[{"floor":6,"key":"REST"},{"floor":12,"key":"REST"},{"floor":15,"key":"REST"}],"circlet_count":0,"master_deck":["hierophant:Strike_Hierophant","hierophant:Strike_Hierophant","hierophant:Strike_Hierophant","hierophant:Strike_Hierophant","hierophant:Punish","hierophant:Defend_Hierophant","hierophant:Defend_Hierophant","hierophant:Defend_Hierophant","hierophant:ChurchCoffers","CrumblingArmor","hierophant:RustyCrate","hierophant:Doubloon","hierophant:Doubloon","BeautyBeast","hierophant:Doubloon","hierophant:Dazzle","hierophant:Purify","hierophant:MirrorShield","Bloodbath","hierophant:OrnateBuckler"],"relics":["hierophant:PropheticMaskRelic","CogitoBucket","Vajra","Odd Mushroom","MealTicket"],"acts_visited":["Exordium"],"potions_floor_usage":[16],"damage_taken":[{"damage":6,"enemies":"Jaw Worm","floor":1,"turns":3},{"damage":2,"enemies":"Small Slimes","floor":2,"turns":3},{"damage":48,"enemies":"The Mushroom Lair","floor":8,"turns":7},{"damage":0,"enemies":"Cultist","floor":10,"turns":3},{"damage":4,"enemies":"Looter","floor":13,"turns":4},{"damage":82,"enemies":"Hexaghost","floor":16,"turns":14}],"seed_played":"6456754704105873556","potions_obtained":[{"floor":1,"key":"SpeedPotion"},{"floor":2,"key":"Strength Potion"},{"floor":13,"key":"Swift Potion"}],"is_trial":false,"path_per_floor":["M","M","?","?","$","R","$","?","T","M","?","R","M","?","R","B"],"character_chosen":"HIEROPHANT","items_purchased":["Vajra"],"campfire_rested":3,"item_purchase_floors":[5],"current_hp_per_floor":[69,67,56,61,61,80,80,32,32,32,32,56,52,52,76,0,0],"gold":170,"neow_bonus":"","is_daily":false,"chose_seed":false,"campfire_upgraded":0,"win_rate":0.0,"timestamp":1610951434,"path_taken":["M","M","?","?","?","R","$","?","T","?","?","R","M","?","R","BOSS"],"items_purchased_type":["Relic"],"build_version":"2020-12-22","purchased_purges":1,"victory":false,"max_hp_per_floor":[75,75,75,80,80,80,80,80,80,80,80,80,80,80,80,80,80],"card_choices":[{"not_picked":["UniverseFragment","OSAHOGD"],"picked":"CrumblingArmor","floor":1},{"not_picked":["hierophant:RecallFunds","hierophant:DisplayOfPower"],"picked":"hierophant:RustyCrate","floor":1},{"not_picked":["DespairKnight","PunishingBird"],"picked":"BeautyBeast","floor":2},{"not_picked":["hierophant:Empathy","hierophant:PassingBell"],"picked":"hierophant:Dazzle","floor":2},{"not_picked":["hierophant:PassingBell","hierophant:Kindle"],"picked":"hierophant:Purify","floor":8},{"not_picked":["hierophant:Shelter","hierophant:HammerAndAnvil"],"picked":"hierophant:MirrorShield","floor":10},{"not_picked":["MHz","UniverseFragment"],"picked":"Bloodbath","floor":13},{"not_picked":["hierophant:ThreeLashes","hierophant:EyeForCoin"],"picked":"hierophant:OrnateBuckler","floor":13}],"player_experience":64798,"relics_obtained":[{"floor":8,"key":"Odd Mushroom"},{"floor":9,"key":"MealTicket"}],"event_choices":[{"damage_healed":0,"gold_gain":75,"player_choice":"Gather Gold","damage_taken":11,"max_hp_gain":0,"max_hp_loss":0,"event_name":"World of Goop","floor":3,"gold_loss":0},{"damage_healed":0,"gold_gain":0,"player_choice":"Donut","damage_taken":0,"max_hp_gain":5,"max_hp_loss":0,"event_name":"Big Fish","floor":4,"gold_loss":0},{"damage_healed":0,"gold_gain":0,"player_choice":"Fought Mushrooms","damage_taken":0,"max_hp_gain":0,"max_hp_loss":0,"event_name":"Mushrooms","floor":8,"gold_loss":0},{"damage_healed":0,"gold_gain":0,"player_choice":"Ignored","damage_taken":0,"max_hp_gain":0,"max_hp_loss":0,"event_name":"Liars Game","floor":11,"gold_loss":0},{"damage_healed":0,"gold_gain":0,"player_choice":"Ignored","damage_taken":0,"max_hp_gain":0,"max_hp_loss":0,"event_name":"Shining Light","floor":14,"gold_loss":0}],"is_beta":false,"boss_relics":[],"items_purged_floors":[5],"is_endless":false,"potions_floor_spawned":[1,2,13],"killed_by":"Hexaghost","ascension_level":0}}