{"host":"363c1o4m0ew2jbar","time":1610968632,"event":{"mods":["AchievementEnabler","BaseMod","Better Note","Downfall","Hubris","Minty Spire (QoL Compilation)","StSLib"],"gold_per_floor":[399,410,510,525,625,625,625,657,670,689,717,728,747,311,330,432,432,332,332,344,344,304,304,304,204,237,256,256,88,105,105,119,224,224,224,239,289,289,289,315,315,415,62,62,88,88,105,105],"floor_reached":51,"language":"ENG","playtime":3068,"items_purged":["champ:Defend","champ:Strike","champ:Defend"],"score":958,"play_id":"d3211da8-8481-4f30-8cbc-408425988d67","local_time":"20210118011712","is_ascension_mode":false,"campfire_choices":[{"floor":1,"key":"RECALL"},{"data":"champ:PreemptiveStrike","floor":18,"key":"SMITH"},{"data":"champ:Circumvent","floor":23,"key":"SMITH"},{"data":"champ:SetATrap","floor":25,"key":"SMITH"},{"data":"champ:StrikeOfGenius","floor":35,"key":"SMITH"},{"floor":45,"key":"REST"},{"data":"champ:TornadoPunch","floor":47,"key":"SMITH"}],"circlet_count":0,"master_deck":["champ:Strike","champ:Defend","champ:Defend","champ:Taunt+1","champ:TornadoPunch+1","champ:BringItOn","champ:SetATrap+1","champ:EnGarde","champ:CalledShot","champ:HeavySlash","champ:ShieldWall","champ:Circumvent+1","champ:FlashCut","champ:CrownThrow","expansioncontent:GuardianWhirl","champ:HoldFirm","champ:FlashCut+1","hubris:DuctTapeCard","champ:SkillfulDodge","champ:IronFortress","champ:StrikeOfGenius+1","champ:SkillfulDodge","expansioncontent:Hexaburn","expansioncontent:YouAreMine"],"relics":["champ:ChampionCrown","Old Coin","HornCleat","Omamori","Toy Ornithopter","Matryoshka","expansioncontent:StudyCardRelic","downfall:HeartBlessingRed","hubris:Icosahedron","hubris:DuctTape","downfall:HeartBlessingBlue","hubris:Reverence","TheAbacus","Philosopher\u0027s Stone","hubris:Teleporter","Guardian:PocketSentry","Vajra","Meat on the Bone","Pantograph","Dead Branch"],"acts_visited":["Exordium","TheCity","TheBeyond"],"potions_floor_usage":[11,12,16,16,16,16,26,26,33,43,50,50],"damage_taken":[{"damage":11,"enemies":"Cultist","floor":2,"turns":3},{"damage":18,"enemies":"Jaw Worm","floor":4,"turns":3},{"damage":18,"enemies":"downfall:Heads","floor":5,"turns":7},{"damage":0,"enemies":"Lagavulin","floor":8,"turns":7},{"damage":0,"enemies":"2 Louse","floor":9,"turns":3},{"damage":1,"enemies":"Lots of Slimes","floor":10,"turns":4},{"damage":11,"enemies":"3 Sentries","floor":11,"turns":7},{"damage":12,"enemies":"Exordium Thugs","floor":12,"turns":5},{"damage":4,"enemies":"2 Fungi Beasts","floor":13,"turns":4},{"damage":5,"enemies":"downfall:FleeingMerchant","floor":14,"turns":4},{"damage":2,"enemies":"Large Slime","floor":15,"turns":5},{"damage":4,"enemies":"SI_SHIV_ARCHETYPE","floor":16,"turns":7},{"damage":10,"enemies":"Spheric Guardian","floor":20,"turns":4},{"damage":0,"enemies":"Chosen","floor":22,"turns":3},{"damage":44,"enemies":"Gremlin Leader","floor":26,"turns":5},{"damage":3,"enemies":"Snake Plant","floor":27,"turns":4},{"damage":0,"enemies":"downfall:FleeingMerchant","floor":29,"turns":4},{"damage":1,"enemies":"Centurion and Healer","floor":30,"turns":6},{"damage":1,"enemies":"3 Cultists","floor":32,"turns":4},{"damage":42,"enemies":"DF_ARCHETYPE_CLAW","floor":33,"turns":10},{"damage":0,"enemies":"3 Darklings","floor":36,"turns":3},{"damage":5,"enemies":"3 Darklings","floor":37,"turns":6},{"damage":28,"enemies":"Giant Head","floor":40,"turns":8},{"damage":0,"enemies":"downfall:FleeingMerchant","floor":43,"turns":4},{"damage":25,"enemies":"Nemesis","floor":46,"turns":7},{"damage":0,"enemies":"Orb Walker","floor":49,"turns":2},{"damage":42,"enemies":"IC_BLOCK_ARCHETYPE","floor":50,"turns":13}],"seed_played":"4017554566094637465","potions_obtained":[{"floor":5,"key":"EntropicBrew"},{"floor":6,"key":"DuplicationPotion"},{"floor":6,"key":"Weak Potion"},{"floor":10,"key":"LiquidBronze"},{"floor":11,"key":"BlessingOfTheForge"},{"floor":12,"key":"Swift Potion"},{"floor":20,"key":"sneckomod:MuddlingPotion"},{"floor":27,"key":"FairyPotion"},{"floor":33,"key":"Regen Potion"},{"floor":36,"key":"FearPotion"},{"floor":46,"key":"AttackPotion"}],"is_trial":false,"path_per_floor":["R","M","?","M","?","?","T","E","M","M","E","M","M","$","M","B",null,"R","?","M","?","M","R","T","R","E","M","?","$","M","$","M","B",null,"R","M","?","?","?","E","T","?","$","R","E","R","M","B",null],"character_chosen":"THE_CHAMP","items_purchased":["Matryoshka","expansioncontent:GuardianWhirl","TheAbacus","Pantograph"],"campfire_rested":1,"item_purchase_floors":[14,14,29,43],"current_hp_per_floor":[81,80,80,72,64,64,64,64,64,63,52,50,46,46,44,60,81,81,81,71,71,71,71,71,81,47,44,44,44,43,38,37,27,91,91,91,86,86,81,53,53,53,58,85,60,60,60,72],"gold":105,"neow_bonus":"ONE_RARE_RELIC","is_daily":false,"chose_seed":false,"campfire_upgraded":5,"win_rate":0.0,"timestamp":1610968632,"path_taken":["R","M","?","?","?","?","T","E","?","M","E","M","M","$","M","BOSS","R","?","M","?","M","R","T","R","E","M","?","$","?","?","M","BOSS","R","M","?","?","?","E","T","?","$","R","E","R","M","BOSS"],"items_purchased_type":["Relic","Card","Relic","Relic"],"build_version":"2020-12-22","purchased_purges":3,"victory":true,"max_hp_per_floor":[81,81,81,81,81,81,81,81,81,81,81,81,81,81,81,81,81,81,81,81,81,81,81,81,91,91,91,91,91,91,91,91,91,91,91,91,91,91,91,91,91,91,91,91,91,91,91,91],"card_choices":[{"not_picked":["champ:AdrenalArmor","champ:CrownThrow"],"picked":"champ:DefensiveShout","floor":2},{"not_picked":["champ:FlashCut","champ:Backstep"],"picked":"champ:TornadoPunch","floor":4},{"not_picked":["champ:Circumvent","champ:FanOfKnives"],"picked":"champ:SetATrap","floor":5},{"not_picked":["champ:AdrenalArmor","champ:FanOfKnives"],"picked":"champ:EnGarde","floor":8},{"not_picked":["champ:DefensiveShout","champ:BerserkersShout"],"picked":"champ:CalledShot","floor":9},{"not_picked":["champ:PerfectedStrike","champ:BerserkersShout"],"picked":"champ:HeavySlash","floor":10},{"not_picked":["champ:Shatter","champ:FanOfKnives"],"picked":"champ:ShieldWall","floor":11},{"not_picked":["champ:DefensiveShout","champ:TornadoPunch"],"picked":"champ:Circumvent","floor":12},{"not_picked":["champ:Parry","champ:GutPunch"],"picked":"champ:FlashCut","floor":13},{"not_picked":["champ:PreciseThrust","champ:AdrenalArmor"],"picked":"champ:CrownThrow","floor":14},{"not_picked":["champ:PerfectedStrike","champ:DeathBlow"],"picked":"champ:PreemptiveStrike","floor":15},{"not_picked":["champ:TripleStrike","champ:ShieldThrow"],"picked":"champ:HoldFirm","floor":16},{"not_picked":["champ:BringItOn","champ:EnragedBash+1","champ:Shatter"],"picked":"SKIP","floor":20},{"not_picked":["champ:PreciseThrust","champ:BerserkerStyle+1"],"picked":"champ:FlashCut+1","floor":22},{"not_picked":["champ:EndlessRage+1","champ:RecklessLeap+1"],"picked":"champ:SkillfulDodge","floor":26},{"not_picked":["champ:BladeFlurry","champ:BerserkersShout","champ:PreciseThrust"],"picked":"SKIP","floor":27},{"not_picked":["champ:ShieldWall","champ:ShieldSlam"],"picked":"champ:IronFortress","floor":29},{"not_picked":["champ:FanOfKnives","champ:GutPunch","champ:FancyFootwork+1"],"picked":"SKIP","floor":30},{"not_picked":["champ:ViciousMockery","champ:Circumvent","champ:Endure"],"picked":"SKIP","floor":32},{"not_picked":["champ:IgnorePain","champ:HoldFirm"],"picked":"champ:StrikeOfGenius","floor":33},{"not_picked":["champ:ViciousMockery","champ:BringItOn","champ:CrownThrow"],"picked":"SKIP","floor":36},{"not_picked":["champ:FlashCut","champ:ViciousMockery+1"],"picked":"champ:SkillfulDodge","floor":37},{"not_picked":["expansioncontent:PolyBeam","expansioncontent:HyperBeam"],"picked":"expansioncontent:Hexaburn","floor":39},{"not_picked":["expansioncontent:PrepareCrush","expansioncontent:PolyBeam"],"picked":"expansioncontent:YouAreMine","floor":39},{"not_picked":["champ:PerfectedStrike","champ:AdrenalArmor","champ:CalledShot"],"picked":"SKIP","floor":40},{"not_picked":["champ:BringItOn+1","champ:FancyFootwork+1","champ:EndlessRage"],"picked":"SKIP","floor":43},{"not_picked":["champ:EnGarde","champ:EnragedBash","champ:CrookedStrike"],"picked":"SKIP","floor":46},{"not_picked":["champ:SetATrap","champ:GutPunch+1","champ:PerfectedStrike"],"picked":"SKIP","floor":49}],"player_experience":1211202,"relics_obtained":[{"floor":7,"key":"HornCleat"},{"floor":8,"key":"Omamori"},{"floor":11,"key":"Toy Ornithopter"},{"floor":24,"key":"hubris:DuctTape"},{"floor":26,"key":"hubris:Reverence"},{"floor":37,"key":"hubris:Teleporter"},{"floor":40,"key":"Guardian:PocketSentry"},{"floor":41,"key":"Vajra"},{"floor":41,"key":"Meat on the Bone"},{"floor":46,"key":"Dead Branch"}],"event_choices":[{"damage_healed":0,"gold_gain":0,"player_choice":"Got Potions","damage_taken":0,"max_hp_gain":0,"max_hp_loss":0,"event_name":"Lab","floor":6,"gold_loss":0},{"cards_removed":["champ:Strike"],"damage_healed":0,"gold_gain":0,"player_choice":"Give","damage_taken":0,"max_hp_gain":0,"max_hp_loss":0,"event_name":"betterNote:BetterNote","floor":19,"gold_loss":0,"cards_obtained":["bronze:Strike"]}],"is_beta":false,"boss_relics":[{"not_picked":["Fusion Hammer","Snecko Eye"],"picked":"expansioncontent:StudyCardRelic"},{"not_picked":["Sozu","Empty Cage"],"picked":"Philosopher\u0027s Stone"}],"items_purged_floors":[14,31,43],"is_endless":false,"potions_floor_spawned":[5,10,11,12,15,20,22,27,33,36,46],"ascension_level":0}}