{"host":"tqrb8wakxbnpyjmr","time":1610960281,"event":{"mods":["Act Like it!","BaseMod","Bestiary","Better Altar","Better Skull","Better Third Choice","BetterRewards","Fox Events","Gensokyo","Marisa????????","Minty Spire (QoL Compilation)","Replay The Spire","Shop Mod","StSLib","The Blue Laboratory","The Servant 0.9.4","Youmu??????"],"gold_per_floor":[118,118,118,133,133,133,167,167,220,236,267,267,303,319,319,439,539,558,658,658,658,673,673,704,704,704,415,430,450,450,485,485,611,611,611],"floor_reached":34,"language":"ENG","playtime":1899,"items_purged":[],"score":456,"play_id":"d63f4d62-0fe9-4413-961d-68990dc0d085","local_time":"25640118155801","is_ascension_mode":false,"campfire_choices":[{"data":"PropBag","floor":6.0,"key":"SMITH"},{"data":"MasterSpark","floor":8.0,"key":"SMITH"},{"data":"MillisecondPulsars","floor":12.0,"key":"SMITH"},{"floor":23.0,"key":"REST"},{"data":"EarthLightRay","floor":25.0,"key":"SMITH"},{"data":"UltimateShortwave","floor":30.0,"key":"SMITH"}],"circlet_count":0,"master_deck":["Madness","Madness+1","Madness","Madness","Madness","Madness","Madness","MasterSpark+1","UpSweep","DeepEcoloBomb","PropBag+1","NonDirectionalLaser","OpenUniverse","MillisecondPulsars+1","LuminesStrike+1","UltimateShortwave+1","The Bomb","EarthLightRay+1","MaximisePower"],"relics":["MiniHakkero","NeowsBlessing","Golden Idol","Iron Hammer","Replay:Baseball","HandmadeGrimoire","AmplifyWand","Replay:Wanted Poster","Bronze Scales","Singing Bowl","Counterbalance","Replay:Wax Seal"],"acts_visited":[],"potions_floor_usage":[],"damage_taken":[{"damage":0.0,"enemies":"2 Louse","floor":1.0,"turns":1.0},{"damage":0.0,"enemies":"Jaw Worm","floor":4.0,"turns":1.0},{"damage":0.0,"enemies":"Gremlin Nob","floor":7.0,"turns":1.0},{"damage":0.0,"enemies":"conspire:RoseBush","floor":10.0,"turns":2.0},{"damage":11.0,"enemies":"Replay:BlueRogue","floor":11.0,"turns":4.0},{"damage":7.0,"enemies":"Lagavulin","floor":13.0,"turns":4.0},{"damage":0.0,"enemies":"conspire:2 RoseBushes","floor":14.0,"turns":4.0},{"damage":21.0,"enemies":"The Guardian","floor":16.0,"turns":8.0},{"damage":20.0,"enemies":"2 Thieves","floor":18.0,"turns":3.0},{"damage":4.0,"enemies":"Shell Parasite","floor":22.0,"turns":3.0},{"damage":9.0,"enemies":"conspire:Head Lice","floor":24.0,"turns":4.0},{"damage":0.0,"enemies":"Snake Plant","floor":28.0,"turns":3.0},{"damage":0.0,"enemies":"3 Cultists","floor":29.0,"turns":2.0},{"damage":2.0,"enemies":"Replay:Snechameleon","floor":31.0,"turns":4.0},{"damage":24.0,"enemies":"Collector","floor":33.0,"turns":6.0}],"seed_played":"-243674109628387667","potions_obtained":[{"floor":1.0,"key":"Energy Potion"},{"floor":3.0,"key":"ShroomBrew"},{"floor":3.0,"key":"DistilledChaos"},{"floor":7.0,"key":"blueLaboratory:BubblePotion"},{"floor":22.0,"key":"AttackPotion"},{"floor":31.0,"key":"Strength Potion"},{"floor":33.0,"key":"blueLaboratory:FrostheartPotion"}],"is_trial":false,"path_per_floor":["M","?","?","M","?","R","E","R","T","M","E","R","E","M","R","B",null,"M","?","?","T","M","R","E","R","T","$","M","M","R","E","R","B",null],"character_chosen":"MARISA","items_purchased":["Counterbalance"],"campfire_rested":1,"item_purchase_floors":[27],"current_hp_per_floor":[75,75,75,75,57,57,57,57,57,57,46,46,39,39,61,40,75,55,55,55,55,51,73,64,64,64,64,72,79,79,79,81,63,63,63],"gold":611,"neow_bonus":"THREE_ENEMY_KILL","is_daily":false,"chose_seed":false,"campfire_upgraded":5,"win_rate":0.0,"timestamp":1610960281,"path_taken":["M","?","?","?","?","R","E","R","T","M","E","R","E","M","R","BOSS","M","?","?","?","M","R","E","R","T","?","M","M","R","E","R","BOSS"],"items_purchased_type":["Relic"],"build_version":"2020-12-22","purchased_purges":0,"victory":false,"max_hp_per_floor":[75,75,75,75,75,75,75,75,75,75,75,75,75,75,75,75,75,75,75,75,75,75,75,75,75,75,75,77,79,79,81,81,81,81,81],"card_choices":[{"not_picked":["MysteriousBeam","GasGiant"],"picked":"DeepEcoloBomb","floor":1.0},{"not_picked":["MysteriousBeam","GravityBeat"],"picked":"PropBag","floor":4.0},{"not_picked":["IllusionStar","6A"],"picked":"NonDirectionalLaser","floor":7.0},{"not_picked":["GalacticHalo","Acceleration"],"picked":"OpenUniverse","floor":10.0},{"not_picked":["AsteroidBelt","SprinkleStarSeal"],"picked":"MillisecondPulsars","floor":11.0},{"not_picked":["GalacticHalo","Orbital","DarkSpark"],"picked":"SKIP","floor":13.0},{"not_picked":["IllusionStar","MysteriousBeam"],"picked":"LuminesStrike","floor":14.0},{"not_picked":["BigCrunch","TreasureHunter"],"picked":"UltimateShortwave","floor":16.0},{"not_picked":["DarkSpark","PropBag","Occultation"],"picked":"SKIP","floor":18.0},{"not_picked":["GalacticHalo","6A+1","GravityBeat"],"picked":"SKIP","floor":22.0},{"not_picked":["ShootTheMoon","WitchOfGreed"],"picked":"EarthLightRay","floor":24.0},{"not_picked":["DragonMeteor","PowerUp","Orbital"],"picked":"Singing Bowl","floor":28.0},{"not_picked":["IllusionStar+1","ShootingEcho","WitchLeyline"],"picked":"Singing Bowl","floor":29.0},{"not_picked":["ShootTheMoon","DC","Orbital+1"],"picked":"Singing Bowl","floor":31.0},{"not_picked":["StarDustReverie","CollectingQuirk"],"picked":"MaximisePower","floor":33.0}],"player_experience":282444,"relics_obtained":[{"floor":7.0,"key":"Iron Hammer"},{"floor":9.0,"key":"Replay:Baseball"},{"floor":11.0,"key":"HandmadeGrimoire"},{"floor":13.0,"key":"AmplifyWand"},{"floor":24.0,"key":"Bronze Scales"},{"floor":26.0,"key":"Singing Bowl"},{"floor":31.0,"key":"Replay:Wax Seal"}],"event_choices":[{"damage_healed":0.0,"max_hp_gain":0.0,"max_hp_loss":0.0,"gold_gain":0.0,"event_name":"conspire:LoneGhost","player_choice":"Agree","floor":2.0,"gold_loss":0.0,"damage_taken":0.0},{"damage_healed":0.0,"max_hp_gain":0.0,"max_hp_loss":0.0,"gold_gain":0.0,"event_name":"Lab","player_choice":"Got Potions","floor":3.0,"gold_loss":0.0,"damage_taken":0.0},{"damage_healed":0.0,"max_hp_gain":0.0,"max_hp_loss":0.0,"gold_gain":0.0,"event_name":"Golden Idol","player_choice":"Take Damage","floor":5.0,"gold_loss":0.0,"damage_taken":18.0,"relics_obtained":["Golden Idol"]},{"damage_healed":0.0,"max_hp_gain":0.0,"max_hp_loss":0.0,"gold_gain":100.0,"event_name":"Golden Shrine","player_choice":"Pray","floor":19.0,"gold_loss":0.0,"damage_taken":0.0},{"damage_healed":0.0,"max_hp_gain":0.0,"max_hp_loss":0.0,"gold_gain":0.0,"cards_transformed":["conspire:GhostlyStrike"],"event_name":"Transmorgrifier","player_choice":"Transformed","floor":20.0,"gold_loss":0.0,"damage_taken":0.0,"cards_obtained":["The Bomb"]}],"is_beta":false,"boss_relics":[{"not_picked":["Astrolabe","Cursed Key"],"picked":"Replay:Wanted Poster"}],"items_purged_floors":[],"is_endless":false,"potions_floor_spawned":[1,7,10,22,31,33],"ascension_level":0}}