{"host":"sc0o2qwpf9j16a4i","time":1610993116,"event":{"mods":["AchievementEnabler","BaseMod","BetterRewards","Block Reminder","Colored Map","Colored Powertips","Custom Start","Highlight Path","Minty Spire (QoL Compilation)","Relic Stats"],"gold_per_floor":[119,134,184,204,219,219,252,268,268,284,295,315,38,54,54,127,127,137,172,172,187,187,187,214,229,309,325,325,375,375,280,280,357,357,369,380,396,412,437,437,437],"floor_reached":40,"language":"ENG","playtime":1370,"items_purged":["Strike_B","Strike_B"],"score":1353,"play_id":"9671edd3-a076-4c81-a3d7-c56e3f2c7268","local_time":"20210118200516","is_ascension_mode":true,"campfire_choices":[{"floor":6,"key":"REST"},{"data":"Go for the Eyes","floor":15,"key":"SMITH"},{"data":"Creative AI","floor":23,"key":"SMITH"},{"floor":30,"key":"REST"},{"data":"Defragment","floor":32,"key":"SMITH"}],"circlet_count":0,"master_deck":["AscendersBane","Strike_B","Strike_B","Defend_B","Defend_B","Defend_B","Defend_B","Zap","Dualcast","Cold Snap","Cold Snap","Static Discharge","Seek+1","Ball Lightning","Apotheosis+1","BootSequence+1","Capacitor","Go for the Eyes+1","Conserve Battery+1","Auto Shields+1","Heatsinks+1","Storm","Cold Snap","Stack+1","Reinforced Body+1","Hologram+1","Loop","Glacier+1","Consume+1","Creative AI+1","Ghostly+1","Ghostly+1","Ghostly+1","Coolheaded+1","Loop","Genetic Algorithm+1","Force Field+1","Biased Cognition","Defragment+1","Defragment","Buffer","Defragment","Consume+1","Coolheaded+1","Tempest+1","Genetic Algorithm+1","Reinforced Body+1","Fission+1"],"relics":["Cracked Core","HornCleat","Letter Opener","Membership Card","Toxic Egg 2","Mummified Hand","Cables","Chemical X","MealTicket","TungstenRod","Prayer Wheel","DataDisk","Runic Capacitor","Sozu","Red Mask","Ornamental Fan","Pantograph","Fusion Hammer","Gambling Chip"],"acts_visited":["Exordium","TheCity","TheBeyond"],"potions_floor_usage":[7,16],"damage_taken":[{"damage":4,"enemies":"Jaw Worm","floor":1,"turns":3},{"damage":0,"enemies":"Cultist","floor":2,"turns":2},{"damage":0,"enemies":"Small Slimes","floor":4,"turns":2},{"damage":0,"enemies":"Blue Slaver","floor":5,"turns":3},{"damage":0,"enemies":"Gremlin Nob","floor":7,"turns":2},{"damage":0,"enemies":"2 Fungi Beasts","floor":8,"turns":3},{"damage":0,"enemies":"Lots of Slimes","floor":10,"turns":4},{"damage":0,"enemies":"Blue Slaver","floor":11,"turns":3},{"damage":0,"enemies":"Looter","floor":12,"turns":2},{"damage":0,"enemies":"Large Slime","floor":14,"turns":4},{"damage":0,"enemies":"Hexaghost","floor":16,"turns":7},{"damage":0,"enemies":"Chosen","floor":18,"turns":4},{"damage":20,"enemies":"Masked Bandits","floor":19,"turns":4},{"damage":0,"enemies":"3 Byrds","floor":21,"turns":4},{"damage":0,"enemies":"Book of Stabbing","floor":24,"turns":5},{"damage":7,"enemies":"Centurion and Healer","floor":25,"turns":5},{"damage":0,"enemies":"Snake Plant","floor":27,"turns":4},{"damage":1,"enemies":"Automaton","floor":33,"turns":10},{"damage":0,"enemies":"3 Shapes","floor":35,"turns":4},{"damage":0,"enemies":"Orb Walker","floor":36,"turns":3},{"damage":0,"enemies":"Writhing Mass","floor":37,"turns":5},{"damage":0,"enemies":"Spire Growth","floor":38,"turns":4},{"damage":0,"enemies":"Mind Bloom Boss Battle","floor":39,"turns":4},{"damage":47,"enemies":"Reptomancer","floor":40,"turns":2}],"seed_played":"-3311562177279742833","potions_obtained":[{"floor":1,"key":"GamblersBrew"},{"floor":7,"key":"PowerPotion"},{"floor":10,"key":"Strength Potion"},{"floor":16,"key":"Dexterity Potion"}],"is_trial":false,"path_per_floor":["M","M","?","M","M","R","E","M","T","M","M","M","$","M","R","B",null,"M","?","?","M","?","R","E","M","T","M","?","?","R","$","R","B",null,"M","M","M","M","?","E"],"character_chosen":"DEFECT","items_purchased":["HornCleat","Cold Snap","Letter Opener","Membership Card","Toxic Egg 2","Mummified Hand","Cold Snap","Static Discharge","Cables","Chemical X","MealTicket","Seek+1","TungstenRod","Ball Lightning","Apotheosis+1","AttackPotion","DataDisk","Runic Capacitor","Loop","Glacier+1","Defragment"],"campfire_rested":2,"item_purchase_floors":[0,0,0,0,0,0,0,0,0,0,0,0,0,0,0,0,13,13,13,13,31],"current_hp_per_floor":[18,18,18,18,18,39,39,39,39,39,39,39,54,54,54,54,67,67,47,35,35,35,35,35,28,28,28,22,22,34,40,40,39,40,40,40,40,40,40,0,0],"gold":437,"neow_bonus":"","is_daily":false,"chose_seed":false,"campfire_upgraded":3,"win_rate":0.0,"timestamp":1610993116,"path_taken":["M","M","?","M","M","R","E","M","T","M","M","?","$","M","R","BOSS","M","?","?","M","?","R","E","M","T","?","?","?","R","?","R","BOSS","M","M","M","M","?","E"],"items_purchased_type":["Relic","Card","Relic","Relic","Relic","Relic","Card","Card","Relic","Relic","Relic","Card","Relic","Card","Card","Potion","Relic","Relic","Card","Card","Card"],"build_version":"2020-12-22","purchased_purges":2,"victory":false,"max_hp_per_floor":[71,71,71,71,71,71,71,71,71,71,71,71,71,71,71,71,71,71,71,35,35,35,35,35,35,35,35,40,40,40,40,40,40,40,40,40,40,40,40,40,40],"relic_stats":{"counters":[54,259],"Letter Opener":[210],"Cables":[77,69,8,0,0],"Sozu":6,"Mummified Hand":[142],"Ornamental Fan":[4],"Pantograph":0,"Gambling Chip":[2],"MealTicket":36,"Prayer Wheel":13,"Chemical X":[8],"obtain_stats":[{"Gremlin Horn":29,"StoneCalendar":46,"Runic Capacitor":13,"Smiling Mask":26,"Blood Vial":14,"Sozu":17,"Emotion Chip":6,"Nunchaku":9,"Dream Catcher":45,"Matryoshka":2,"HornCleat":0,"Mummified Hand":48,"Pantograph":26,"Gambling Chip":39,"MealTicket":0,"Prayer Wheel":7,"Fusion Hammer":34,"Red Mask":19,"Chemical X":0,"Toxic Egg 2":0,"Cracked Core":0,"Girya":41,"NeowsBlessing":0,"Dead Branch":26,"Oddly Smooth Stone":36,"Letter Opener":0,"Question Card":9,"Mercury Hourglass":24,"Nuclear Battery":34,"Cables":0,"SlaversCollar":17,"DataDisk":13,"Ornamental Fan":24,"Bronze Scales":27,"Turnip":55,"Membership Card":0,"FossilizedHelix":29,"TungstenRod":0,"Meat on the Bone":10},{"Gremlin Horn":15,"StoneCalendar":25,"Runic Capacitor":39,"Smiling Mask":12,"Blood Vial":7,"Sozu":41,"Emotion Chip":3,"Nunchaku":3,"Dream Catcher":24,"Matryoshka":1,"HornCleat":30,"Mummified Hand":26,"Pantograph":46,"Gambling Chip":53,"MealTicket":30,"Prayer Wheel":35,"Fusion Hammer":48,"Red Mask":43,"Chemical X":30,"Toxic Egg 2":30,"Cracked Core":0,"Girya":22,"NeowsBlessing":0,"Dead Branch":12,"Oddly Smooth Stone":19,"Letter Opener":30,"Question Card":3,"Mercury Hourglass":12,"Nuclear Battery":18,"Cables":30,"SlaversCollar":8,"DataDisk":39,"Ornamental Fan":45,"Bronze Scales":12,"Turnip":29,"Membership Card":30,"FossilizedHelix":15,"TungstenRod":30,"Meat on the Bone":4},{"Gremlin Horn":56,"StoneCalendar":116,"Runic Capacitor":191,"Smiling Mask":48,"Blood Vial":22,"Sozu":202,"Emotion Chip":3,"Nunchaku":3,"Dream Catcher":111,"Matryoshka":1,"HornCleat":167,"Mummified Hand":126,"Pantograph":224,"Gambling Chip":257,"MealTicket":167,"Prayer Wheel":179,"Fusion Hammer":238,"Red Mask":210,"Chemical X":167,"Toxic Egg 2":167,"Cracked Core":0,"Girya":99,"NeowsBlessing":0,"Dead Branch":48,"Oddly Smooth Stone":79,"Letter Opener":167,"Question Card":3,"Mercury Hourglass":48,"Nuclear Battery":76,"Cables":167,"SlaversCollar":30,"DataDisk":191,"Ornamental Fan":219,"Bronze Scales":48,"Turnip":158,"Membership Card":167,"FossilizedHelix":56,"TungstenRod":167,"Meat on the Bone":9}],"TungstenRod":10},"card_choices":[{"not_picked":["Melter","Storm","Double Energy+1"],"picked":"SKIP","floor":1},{"not_picked":["Coolheaded+1","Cold Snap"],"picked":"BootSequence+1","floor":2},{"not_picked":["Doom and Gloom","Redo+1"],"picked":"Capacitor","floor":4},{"not_picked":["Rebound","BootSequence+1"],"picked":"Go for the Eyes","floor":5},{"not_picked":["Lockon","Blizzard"],"picked":"Conserve Battery+1","floor":7},{"not_picked":["Turbo+1","Gash"],"picked":"Auto Shields+1","floor":8},{"not_picked":["Melter","Leap+1"],"picked":"Heatsinks","floor":8},{"not_picked":["Stack+1","Go for the Eyes"],"picked":"Storm","floor":10},{"not_picked":["Steam+1","Go for the Eyes"],"picked":"Cold Snap","floor":10},{"not_picked":["Streamline","Steam+1"],"picked":"Stack+1","floor":11},{"not_picked":["Storm","Multi-Cast+1"],"picked":"Reinforced Body+1","floor":11},{"not_picked":["Turbo+1","Undo+1"],"picked":"Hologram+1","floor":12},{"not_picked":["Stack+1","Gash","Go for the Eyes"],"picked":"SKIP","floor":12},{"not_picked":["Rip and Tear","Reprogram+1"],"picked":"Consume+1","floor":14},{"not_picked":["Melter","Streamline","Cold Snap"],"picked":"SKIP","floor":14},{"not_picked":["Hyperbeam","Machine Learning"],"picked":"Creative AI","floor":16},{"not_picked":["Gash","Go for the Eyes","FTL"],"picked":"SKIP","floor":18},{"not_picked":["Auto Shields+1","Ball Lightning","Gash"],"picked":"SKIP","floor":18},{"not_picked":["Sweeping Beam","Streamline+1"],"picked":"Coolheaded+1","floor":21},{"not_picked":["Doom and Gloom+1","Coolheaded+1"],"picked":"Loop","floor":21},{"not_picked":["Redo+1","Melter"],"picked":"Genetic Algorithm+1","floor":24},{"not_picked":["Recycle+1","Chill+1"],"picked":"Force Field+1","floor":25},{"not_picked":["Reprogram+1","Conserve Battery+1","Cold Snap+1"],"picked":"SKIP","floor":25},{"not_picked":["Recycle+1","Chaos+1"],"picked":"Biased Cognition","floor":27},{"not_picked":["Reprogram+1","Steam Power+1"],"picked":"Defragment","floor":27},{"not_picked":["Machine Learning","Hyperbeam"],"picked":"Buffer","floor":33},{"not_picked":["Leap+1","Aggregate+1"],"picked":"Defragment","floor":35},{"not_picked":["Sunder+1","Chill+1","Chaos+1"],"picked":"SKIP","floor":35},{"not_picked":["Ball Lightning","Cold Snap+1"],"picked":"Consume+1","floor":36},{"not_picked":["Aggregate+1","Beam Cell+1"],"picked":"Coolheaded+1","floor":36},{"not_picked":["Undo+1","Sweeping Beam"],"picked":"Tempest+1","floor":37},{"not_picked":["Ball Lightning+1","Chill+1"],"picked":"Genetic Algorithm+1","floor":37},{"not_picked":["Turbo+1","Reprogram+1"],"picked":"Reinforced Body+1","floor":38},{"not_picked":["Go for the Eyes","Streamline","Beam Cell"],"picked":"SKIP","floor":38},{"not_picked":["Recycle+1","Aggregate+1"],"picked":"Fission+1","floor":39}],"player_experience":730755,"relics_obtained":[{"floor":7,"key":"Prayer Wheel"},{"floor":19,"key":"Red Mask"},{"floor":24,"key":"Ornamental Fan"},{"floor":26,"key":"Pantograph"},{"floor":39,"key":"Gambling Chip"}],"event_choices":[{"damage_healed":0,"gold_gain":50,"player_choice":"Pray","damage_taken":0,"max_hp_gain":0,"max_hp_loss":0,"event_name":"Golden Shrine","floor":3,"gold_loss":0},{"damage_healed":0,"gold_gain":0,"player_choice":"Fought Bandits","damage_taken":0,"max_hp_gain":0,"max_hp_loss":0,"event_name":"Masked Bandits","floor":19,"gold_loss":0},{"damage_healed":0,"gold_gain":0,"player_choice":"Became a Ghost","damage_taken":0,"max_hp_gain":0,"max_hp_loss":36,"event_name":"Ghosts","floor":20,"gold_loss":0,"cards_obtained":["Ghostly","Ghostly","Ghostly"]},{"damage_healed":0,"gold_gain":0,"player_choice":"Forge","damage_taken":0,"max_hp_gain":0,"max_hp_loss":0,"event_name":"Accursed Blacksmith","floor":22,"gold_loss":0,"cards_upgraded":["Heatsinks"]},{"damage_healed":0,"gold_gain":0,"player_choice":"Shed Blood","damage_taken":12,"max_hp_gain":5,"max_hp_loss":0,"event_name":"Forgotten Altar","floor":28,"gold_loss":0},{"damage_healed":0,"gold_gain":50,"player_choice":"Stole From Cult","damage_taken":0,"max_hp_gain":0,"max_hp_loss":0,"event_name":"Nest","floor":29,"gold_loss":0},{"damage_healed":0,"gold_gain":0,"player_choice":"Fight","damage_taken":0,"max_hp_gain":0,"max_hp_loss":0,"event_name":"MindBloom","floor":39,"gold_loss":0}],"is_beta":false,"boss_relics":[{"not_picked":["Tiny House","Velvet Choker"],"picked":"Sozu"},{"not_picked":["SacredBark","SlaversCollar"],"picked":"Fusion Hammer"}],"items_purged_floors":[13,31],"is_endless":false,"potions_floor_spawned":[1,7,10,12,14,16,18,27,33,35,37,39],"killed_by":"Reptomancer","ascension_level":20}}