{"host":"fm9e0lfunjlbhzxv","time":1610952211,"event":{"mods":["2.2 Compatiblity","AchievementEnabler","Alarm Clock","BaseMod","Bestiary","Colored Map","Colored Powertips","Key Reminder","Minty Spire (QoL Compilation)","Permanent Neow","Random Character Button","Rare Cards Sparkle","Relic Stats","StSLib","The IronCluck","slay the spire mod where everything is the same but ironclad has a cowboy hat"],"gold_per_floor":[118,129,129,204,254,254,285,285,285,83,116,116,126,5,5,105,105,117,117,127,127,127,127,138,170,193,193,223,223,257,280,280,387,387,410,426,452,202,266,266,309,309,309,309,336,336,365,19,19,19,19,19,19,57,57],"floor_reached":56,"language":"ENG","playtime":4500,"items_purged":["Strike_B","Defend_B","Defend_B"],"score":1527,"play_id":"72c0c75b-f3b2-4f41-8259-68cb7690a03e","local_time":"20210117224331","is_ascension_mode":true,"campfire_choices":[{"data":"Doom and Gloom","floor":6,"key":"SMITH"},{"data":"Fusion","floor":8,"key":"SMITH"},{"floor":15,"key":"REST"},{"data":"Ghostly","floor":23,"key":"SMITH"},{"floor":27,"key":"REST"},{"data":"Ghostly","floor":29,"key":"SMITH"},{"data":"Ghostly","floor":32,"key":"SMITH"},{"data":"Ghostly","floor":40,"key":"SMITH"},{"data":"Ghostly","floor":44,"key":"SMITH"},{"floor":46,"key":"RECALL"},{"data":"Coolheaded","floor":49,"key":"SMITH"},{"data":"Coolheaded","floor":52,"key":"SMITH"}],"circlet_count":0,"master_deck":["Strike_B","Strike_B","Strike_B","Defend_B","Defend_B","Zap","Dualcast","Doom and Gloom+1","Fusion+1","Sweeping Beam","Capacitor","Coolheaded+1","Loop","Coolheaded+1","Loop","Machine Learning","Capacitor","Ghostly+1","Ghostly+1","Ghostly+1","Ghostly+1","Ghostly+1","Self Repair","Cold Snap+1","Hologram+1","Consume","Coolheaded+1","Creative AI","Redo+1","Skim","Reinforced Body+1","Go for the Eyes+1","Loop","Glacier","Barrage"],"relics":["Cracked Core","NeowsBlessing","Art of War","Bag of Preparation","Blue Candle","Eternal Feather","Ornamental Fan","Snecko Eye","Question Card","Toy Ornithopter","PreservedInsect","CeramicFish","Sozu","Blood Vial","Incense Burner","Centennial Puzzle","Potion Belt","Strange Spoon","Strawberry"],"acts_visited":["Exordium","TheCity","TheBeyond","TheEnding"],"potions_floor_usage":[16,20,22,22,30,31,37,37],"damage_taken":[{"damage":0,"enemies":"Small Slimes","floor":1,"turns":1},{"damage":0,"enemies":"Jaw Worm","floor":2,"turns":1},{"damage":0,"enemies":"Lagavulin","floor":7,"turns":1},{"damage":42,"enemies":"Gremlin Nob","floor":11,"turns":5},{"damage":6,"enemies":"2 Louse","floor":13,"turns":2},{"damage":5,"enemies":"Hexaghost","floor":16,"turns":8},{"damage":12,"enemies":"Spheric Guardian","floor":18,"turns":6},{"damage":19,"enemies":"3 Byrds","floor":20,"turns":4},{"damage":3,"enemies":"Snake Plant","floor":24,"turns":6},{"damage":15,"enemies":"Book of Stabbing","floor":25,"turns":6},{"damage":0,"enemies":"Slavers","floor":28,"turns":6},{"damage":2,"enemies":"Book of Stabbing","floor":30,"turns":7},{"damage":0,"enemies":"Centurion and Healer","floor":31,"turns":10},{"damage":9,"enemies":"Champ","floor":33,"turns":23},{"damage":5,"enemies":"3 Shapes","floor":35,"turns":6},{"damage":25,"enemies":"Orb Walker","floor":36,"turns":5},{"damage":0,"enemies":"Spire Growth","floor":37,"turns":10},{"damage":24,"enemies":"2 Orb Walkers","floor":39,"turns":7},{"damage":2,"enemies":"Reptomancer","floor":41,"turns":8},{"damage":3,"enemies":"Sphere and 2 Shapes","floor":45,"turns":6},{"damage":0,"enemies":"Nemesis","floor":47,"turns":9},{"damage":24,"enemies":"Time Eater","floor":50,"turns":22},{"damage":0,"enemies":"Shield and Spear","floor":54,"turns":9},{"damage":46,"enemies":"The Heart","floor":55,"turns":13}],"seed_played":"317159866733135763","potions_obtained":[{"floor":2,"key":"Regen Potion"},{"floor":7,"key":"FocusPotion"},{"floor":16,"key":"SteroidPotion"},{"floor":22,"key":"Fruit Juice"},{"floor":22,"key":"Fruit Juice"},{"floor":22,"key":"Block Potion"},{"floor":30,"key":"DuplicationPotion"},{"floor":33,"key":"EssenceOfSteel"}],"is_trial":false,"path_per_floor":["M","M","?","?","T","R","E","R","T","$","E","?","M","$","R","B",null,"M","?","M","?","?","R","M","E","T","R","E","R","E","M","R","B",null,"M","M","M","$","?","R","E","?","T","R","M","R","E","$","R","B",null,"R","$","E","B",null],"character_chosen":"DEFECT","items_purchased":["Capacitor","Coolheaded","Loop","Block Potion","Blood Vial","Strange Spoon","Glacier"],"campfire_rested":2,"item_purchase_floors":[10,10,14,14,38,48,48],"current_hp_per_floor":[75,75,68,57,57,57,57,57,57,57,15,15,9,9,40,35,75,63,37,18,14,24,36,33,25,25,52,52,52,52,52,52,50,52,52,34,52,52,35,52,52,49,49,49,49,49,49,49,49,32,49,49,49,56,17],"gold":57,"neow_bonus":"THREE_ENEMY_KILL","is_daily":false,"chose_seed":false,"campfire_upgraded":9,"win_rate":0.0,"timestamp":1610952211,"path_taken":["M","M","?","?","?","R","E","R","T","$","E","?","M","$","R","BOSS","M","?","M","?","?","R","?","E","T","R","E","R","E","M","R","BOSS","M","M","M","$","?","R","E","?","T","R","M","R","E","$","R","BOSS","R","$","E","BOSS"],"items_purchased_type":["Card","Card","Card","Potion","Relic","Relic","Card"],"build_version":"2020-12-22","purchased_purges":3,"victory":true,"max_hp_per_floor":[75,75,75,75,75,75,75,75,75,75,75,75,75,75,75,75,75,75,37,37,42,52,52,52,52,52,52,52,52,52,52,52,52,52,52,52,52,52,52,52,52,49,49,49,49,49,49,49,49,49,49,49,49,56,56],"relic_stats":{"counters":[24,179],"Blue Candle":[0],"CeramicFish":90,"Eternal Feather":53,"PreservedInsect":216,"Bag of Preparation":[44],"Question Card":12,"Sozu":3,"Blood Vial":0,"Strange Spoon":[17],"Centennial Puzzle":[9],"Ornamental Fan":[84],"Snecko Eye":[383,329,340,327],"Art of War":[54],"obtain_stats":[{"Potion Belt":47,"NeowsBlessing":0,"Blue Candle":7,"CeramicFish":30,"Eternal Feather":9,"PreservedInsect":28,"Bag of Preparation":5,"Incense Burner":39,"Question Card":25,"Sozu":34,"Blood Vial":38,"keyreminder:keyreminder":41,"Strange Spoon":48,"Centennial Puzzle":41,"Ornamental Fan":11,"Strawberry":54,"Snecko Eye":17,"Art of War":3,"Cracked Core":0,"Toy Ornithopter":26},{"Potion Belt":21,"NeowsBlessing":0,"Blue Candle":3,"CeramicFish":12,"Eternal Feather":3,"PreservedInsect":11,"Bag of Preparation":2,"Incense Burner":18,"Question Card":10,"Sozu":14,"Blood Vial":17,"keyreminder:keyreminder":19,"Strange Spoon":21,"Centennial Puzzle":19,"Ornamental Fan":4,"Strawberry":23,"Snecko Eye":6,"Art of War":2,"Cracked Core":0,"Toy Ornithopter":10},{"Potion Belt":136,"NeowsBlessing":0,"Blue Candle":3,"CeramicFish":52,"Eternal Feather":3,"PreservedInsect":45,"Bag of Preparation":2,"Incense Burner":113,"Question Card":39,"Sozu":85,"Blood Vial":106,"keyreminder:keyreminder":121,"Strange Spoon":136,"Centennial Puzzle":121,"Ornamental Fan":8,"Strawberry":167,"Snecko Eye":18,"Art of War":2,"Cracked Core":0,"Toy Ornithopter":39}],"Toy Ornithopter":10},"card_choices":[{"not_picked":["Sweeping Beam","Streamline"],"picked":"Doom and Gloom","floor":1},{"not_picked":["Auto Shields","Static Discharge"],"picked":"Fusion","floor":2},{"not_picked":["Reinforced Body","Steam"],"picked":"Sweeping Beam","floor":7},{"not_picked":["Barrage","Meteor Strike"],"picked":"Loop","floor":11},{"not_picked":["Rebound","Storm"],"picked":"Coolheaded","floor":13},{"not_picked":["Thunder Strike","Meteor Strike"],"picked":"Machine Learning","floor":16},{"not_picked":["Barrage","Sweeping Beam"],"picked":"Capacitor","floor":18},{"not_picked":["Reprogram","Turbo","Stack"],"picked":"SKIP","floor":20},{"not_picked":["Capacitor","Chill"],"picked":"Self Repair","floor":24},{"not_picked":["Rebound","Beam Cell"],"picked":"Cold Snap+1","floor":25},{"not_picked":["Gash","Sweeping Beam","Multi-Cast"],"picked":"Hologram+1","floor":28},{"not_picked":["Stack","All For One","Hologram"],"picked":"Consume","floor":30},{"not_picked":["Sunder+1","Hologram","Sweeping Beam"],"picked":"Coolheaded+1","floor":31},{"not_picked":["Buffer","Meteor Strike","Multi-Cast"],"picked":"Creative AI","floor":33},{"not_picked":["Lockon","Blizzard+1","Cold Snap+1"],"picked":"Redo+1","floor":35},{"not_picked":["Leap","Genetic Algorithm+1","Beam Cell+1","Steam Power"],"picked":"SKIP","floor":36},{"not_picked":["Rebound+1","Sweeping Beam+1","Amplify"],"picked":"Skim","floor":37},{"not_picked":["Sweeping Beam+1","Redo","Conserve Battery"],"picked":"Reinforced Body+1","floor":39},{"not_picked":["Cold Snap","Steam+1","Chill+1"],"picked":"Go for the Eyes+1","floor":41},{"not_picked":["Rip and Tear+1","Ball Lightning+1","Storm"],"picked":"Loop","floor":45},{"not_picked":["Lockon+1","Redo","Creative AI","Sunder"],"picked":"SKIP","floor":47},{"not_picked":["Sweeping Beam+1","Go for the Eyes","Beam Cell+1"],"picked":"Barrage","floor":54}],"player_experience":419283,"relics_obtained":[{"floor":5,"key":"Bag of Preparation"},{"floor":7,"key":"Blue Candle"},{"floor":9,"key":"Eternal Feather"},{"floor":11,"key":"Ornamental Fan"},{"floor":25,"key":"Question Card"},{"floor":26,"key":"Toy Ornithopter"},{"floor":28,"key":"PreservedInsect"},{"floor":30,"key":"CeramicFish"},{"floor":39,"key":"Incense Burner"},{"floor":41,"key":"Centennial Puzzle"},{"floor":47,"key":"Potion Belt"},{"floor":54,"key":"Strawberry"}],"event_choices":[{"damage_healed":0,"gold_gain":0,"player_choice":"Success","damage_taken":7,"relics_obtained":["Art of War"],"max_hp_gain":0,"max_hp_loss":0,"event_name":"Scrap Ooze","floor":3,"gold_loss":0},{"damage_healed":0,"gold_gain":75,"player_choice":"Gather Gold","damage_taken":11,"max_hp_gain":0,"max_hp_loss":0,"event_name":"World of Goop","floor":4,"gold_loss":0},{"damage_healed":0,"gold_gain":0,"player_choice":"Ignored","damage_taken":0,"max_hp_gain":0,"max_hp_loss":0,"event_name":"Shining Light","floor":12,"gold_loss":0},{"damage_healed":0,"gold_gain":0,"player_choice":"Became a Ghost","damage_taken":0,"max_hp_gain":0,"max_hp_loss":38,"event_name":"Ghosts","floor":19,"gold_loss":0,"cards_obtained":["Ghostly","Ghostly","Ghostly","Ghostly","Ghostly"]},{"damage_healed":0,"gold_gain":0,"player_choice":"Shed Blood","damage_taken":9,"max_hp_gain":5,"max_hp_loss":0,"event_name":"Forgotten Altar","floor":21,"gold_loss":0},{"damage_healed":0,"gold_gain":0,"player_choice":"Got Potions","damage_taken":0,"max_hp_gain":0,"max_hp_loss":0,"event_name":"Lab","floor":22,"gold_loss":0},{"damage_healed":0,"gold_gain":0,"player_choice":"Fight","damage_taken":0,"max_hp_gain":0,"max_hp_loss":0,"event_name":"Mysterious Sphere","floor":39,"gold_loss":0},{"damage_healed":0,"gold_gain":0,"player_choice":"Max HP","damage_taken":0,"max_hp_gain":0,"max_hp_loss":3,"event_name":"Winding Halls","floor":42,"gold_loss":0}],"is_beta":false,"boss_relics":[{"not_picked":["Empty Cage","Tiny House"],"picked":"Snecko Eye"},{"not_picked":["Runic Dome","Black Star"],"picked":"Sozu"}],"items_purged_floors":[10,38,48],"is_endless":false,"potions_floor_spawned":[2,7,16,24,28,30,33,36,41,45],"ascension_level":3}}