{"host":"25fn74ijs2305xd4","time":1610992886,"event":{"mods":["AchievementEnabler","BaseMod","Colored Map","Colored Powertips","Dark Map","Minty Spire (QoL Compilation)","Relic Stats","StSLib"],"gold_per_floor":[119,132,152,152,162,162,176,188,188,138,163,182,182,198,198,293,293,310,24,43,43,59,59,76,96,96,121,121,155,167,178,178,283,283,296,9,26,26,26],"floor_reached":38,"language":"POL","playtime":1979,"items_purged":["Strike_B"],"score":593,"play_id":"24afee37-7460-4442-ad9b-6da3f84d8fed","local_time":"20210118190126","is_ascension_mode":true,"campfire_choices":[{"floor":6,"key":"REST"},{"floor":13,"key":"REST"},{"data":"Defragment","floor":15,"key":"SMITH"},{"data":"Panacea","floor":23,"key":"SMITH"},{"data":"Biased Cognition","floor":28,"key":"SMITH"},{"floor":32,"key":"REST"}],"circlet_count":0,"master_deck":["Strike_B","Strike_B","Defend_B","Defend_B","Defend_B","Defend_B","Zap","Dualcast+1","Ball Lightning","Capacitor","White Noise","Jack Of All Trades","Defragment+1","Melter","Self Repair","Ball Lightning","Go for the Eyes","Sweeping Beam","Core Surge","White Noise+1","Panacea+1","Biased Cognition+1","Stack","Auto Shields+1","Go for the Eyes+1","Coolheaded","Barrage","Self Repair","FTL","Amplify","Coolheaded+1","Meteor Strike","Capacitor"],"relics":["FrozenCore","Anchor","The Courier","Orrery","NlothsMask","War Paint","Bottled Flame","Snecko Eye","Ice Cream"],"acts_visited":["Exordium","TheCity","TheBeyond"],"potions_floor_usage":[8,11,11,11,25,29,38,38,38],"damage_taken":[{"damage":1,"enemies":"Cultist","floor":1,"turns":3},{"damage":7,"enemies":"Small Slimes","floor":2,"turns":3},{"damage":9,"enemies":"Jaw Worm","floor":3,"turns":3},{"damage":30,"enemies":"Gremlin Gang","floor":5,"turns":4},{"damage":0,"enemies":"Large Slime","floor":7,"turns":5},{"damage":6,"enemies":"Looter","floor":8,"turns":2},{"damage":0,"enemies":"Gremlin Nob","floor":11,"turns":2},{"damage":16,"enemies":"Exordium Thugs","floor":12,"turns":4},{"damage":10,"enemies":"Exordium Wildlife","floor":14,"turns":3},{"damage":57,"enemies":"Hexaghost","floor":16,"turns":8},{"damage":0,"enemies":"Spheric Guardian","floor":18,"turns":2},{"damage":11,"enemies":"3 Byrds","floor":20,"turns":6},{"damage":10,"enemies":"Centurion and Healer","floor":22,"turns":13},{"damage":13,"enemies":"Snake Plant","floor":24,"turns":5},{"damage":0,"enemies":"Sentry and Sphere","floor":25,"turns":3},{"damage":0,"enemies":"Book of Stabbing","floor":27,"turns":6},{"damage":58,"enemies":"Gremlin Leader","floor":29,"turns":7},{"damage":0,"enemies":"Centurion and Healer","floor":30,"turns":7},{"damage":0,"enemies":"Chosen and Byrds","floor":31,"turns":6},{"damage":21,"enemies":"Champ","floor":33,"turns":12},{"damage":55,"enemies":"3 Darklings","floor":35,"turns":7},{"damage":6,"enemies":"Orb Walker","floor":37,"turns":7},{"damage":63,"enemies":"2 Orb Walkers","floor":38,"turns":4}],"seed_played":"827420716118723729","potions_obtained":[{"floor":2,"key":"EssenceOfDarkness"},{"floor":3,"key":"BlessingOfTheForge"},{"floor":5,"key":"BlessingOfTheForge"},{"floor":8,"key":"GamblersBrew"},{"floor":16,"key":"Strength Potion"},{"floor":22,"key":"SteroidPotion"},{"floor":24,"key":"Energy Potion"},{"floor":25,"key":"SteroidPotion"},{"floor":29,"key":"ColorlessPotion"},{"floor":31,"key":"Explosive Potion"},{"floor":37,"key":"DuplicationPotion"}],"is_trial":false,"path_per_floor":["M","M","M","?","M","R","M","M","T","?","E","M","R","M","R","B",null,"M","$","M","?","M","R","M","M","T","E","R","E","M","M","R","B",null,"M","$","M","?"],"character_chosen":"DEFECT","items_purchased":["Panacea","Orrery","Coolheaded","Ice Cream","Capacitor"],"campfire_rested":3,"item_purchase_floors":[19,19,19,36,36],"current_hp_per_floor":[74,67,58,58,28,50,50,44,44,44,44,35,57,61,61,11,59,59,59,55,55,52,52,39,53,53,60,60,16,37,37,59,66,73,46,46,54,0,0],"gold":26,"neow_bonus":"RANDOM_COLORLESS","is_daily":false,"chose_seed":false,"campfire_upgraded":3,"win_rate":0.0,"timestamp":1610992886,"path_taken":["M","M","M","?","M","R","M","M","T","?","E","M","R","M","R","BOSS","M","$","M","?","M","R","M","M","T","E","R","E","M","M","R","BOSS","M","$","?","?"],"items_purchased_type":["Card","Relic","Card","Relic","Card"],"build_version":"2020-12-22","purchased_purges":1,"victory":false,"max_hp_per_floor":[75,75,75,75,75,75,75,75,75,75,75,75,75,75,75,75,75,75,75,75,75,75,75,75,75,75,75,75,75,75,75,75,75,75,75,75,75,75,75],"relic_stats":{"counters":[23,122],"Snecko Eye":[23,34,36,38],"War Paint":["White Noise","Dualcast"],"obtain_stats":[{"Ice Cream":36,"Anchor":9,"Bottled Flame":29,"Orrery":19,"Snecko Eye":34,"The Courier":11,"War Paint":27,"Cracked Core":0,"FrozenCore":17,"NlothsMask":21},{"Ice Cream":21,"Anchor":6,"Bottled Flame":17,"Orrery":11,"Snecko Eye":20,"The Courier":7,"War Paint":16,"Cracked Core":0,"FrozenCore":10,"NlothsMask":12},{"Ice Cream":111,"Anchor":20,"Bottled Flame":79,"Orrery":39,"Snecko Eye":104,"The Courier":22,"War Paint":72,"Cracked Core":0,"FrozenCore":37,"NlothsMask":45}],"FrozenCore":[37]},"card_choices":[{"not_picked":["Blind","Purity"],"picked":"Forethought","floor":0},{"not_picked":["Hologram","Beam Cell"],"picked":"Ball Lightning","floor":1},{"not_picked":["Lockon","Coolheaded"],"picked":"Capacitor","floor":2},{"not_picked":["Steam","Leap"],"picked":"White Noise","floor":3},{"not_picked":["Barrage","Redo"],"picked":"Defragment","floor":5},{"not_picked":["Steam Power","Amplify"],"picked":"Melter","floor":7},{"not_picked":["Compile Driver","Rip and Tear"],"picked":"Self Repair","floor":8},{"not_picked":["Turbo","Heatsinks"],"picked":"Ball Lightning","floor":11},{"not_picked":["Undo","Beam Cell"],"picked":"Go for the Eyes","floor":12},{"not_picked":["Steam","Fusion"],"picked":"Sweeping Beam","floor":14},{"not_picked":["Fission","Machine Learning"],"picked":"Core Surge","floor":16},{"not_picked":["Reprogram","Go for the Eyes"],"picked":"White Noise","floor":18},{"not_picked":["Compile Driver","Leap"],"picked":"Biased Cognition","floor":19},{"not_picked":["Sweeping Beam","Hello World"],"picked":"Stack","floor":19},{"not_picked":["Go for the Eyes","Hologram"],"picked":"Auto Shields+1","floor":19},{"not_picked":["Hologram+1","Recycle+1"],"picked":"Go for the Eyes+1","floor":19},{"not_picked":["Sweeping Beam+1","Ball Lightning","Fusion+1"],"picked":"SKIP","floor":20},{"not_picked":["Turbo","Reinforced Body"],"picked":"Barrage","floor":22},{"not_picked":["Barrage","Go for the Eyes+1"],"picked":"Self Repair","floor":24},{"not_picked":["Steam Power","Sweeping Beam","Rebound+1"],"picked":"SKIP","floor":25},{"not_picked":["Go for the Eyes+1","Buffer"],"picked":"FTL","floor":27},{"not_picked":["Self Repair","Gash"],"picked":"Amplify","floor":29},{"not_picked":["Genetic Algorithm+1","Leap+1","Sunder"],"picked":"SKIP","floor":30},{"not_picked":["Storm+1","Conserve Battery"],"picked":"Coolheaded+1","floor":31},{"not_picked":["Hyperbeam","Machine Learning"],"picked":"Meteor Strike","floor":33},{"not_picked":["Turbo","Beam Cell","Go for the Eyes+1"],"picked":"SKIP","floor":35},{"not_picked":["Ball Lightning","Blizzard","Stack+1"],"picked":"SKIP","floor":37}],"player_experience":61082,"relics_obtained":[{"floor":9,"key":"Anchor"},{"floor":11,"key":"The Courier"},{"floor":27,"key":"War Paint"},{"floor":29,"key":"Bottled Flame"}],"event_choices":[{"damage_healed":0,"gold_gain":0,"cards_transformed":["Forethought"],"player_choice":"Change","damage_taken":0,"max_hp_gain":0,"max_hp_loss":0,"event_name":"Living Wall","floor":4,"gold_loss":0,"cards_obtained":["Jack Of All Trades"]},{"cards_removed":["Strike_B"],"damage_healed":0,"gold_gain":0,"player_choice":"Card Removal","damage_taken":0,"max_hp_gain":0,"max_hp_loss":0,"event_name":"The Cleric","floor":10,"gold_loss":50},{"damage_healed":0,"gold_gain":0,"player_choice":"Trade","damage_taken":0,"relics_obtained":["NlothsMask"],"max_hp_gain":0,"max_hp_loss":0,"event_name":"FaceTrader","floor":21,"gold_loss":0},{"damage_healed":0,"gold_gain":0,"player_choice":"Fight","damage_taken":0,"max_hp_gain":0,"max_hp_loss":0,"event_name":"Mysterious Sphere","floor":38,"gold_loss":0}],"is_beta":false,"boss_relics":[{"not_picked":["Philosopher\u0027s Stone","Astrolabe"],"picked":"FrozenCore"},{"not_picked":["Runic Dome","Coffee Dripper"],"picked":"Snecko Eye"}],"items_purged_floors":[19],"is_endless":false,"potions_floor_spawned":[2,3,5,8,16,22,24,25,27,29,31,35,37],"killed_by":"2 Orb Walkers","ascension_level":5}}