{"host":"xp5rvh2jwe2ejyfm","time":1610986965,"event":{"mods":["BaseMod","Hermit","Minty Spire (QoL Compilation)","Replay The Spire","StSLib","The Construct","The Cursed","The Disciple","The Hierophant","The Necromancer","The Runesmith"],"gold_per_floor":[117,137,149,226,222,209,182,182,263,268,268,298,302,302,302,381,381,388,487,60,20,35,35,35,35,35,35,25,41,41,62,62,62,62],"floor_reached":33,"language":"ENG","playtime":1103,"items_purged":[],"score":237,"play_id":"1a6636ce-5aee-47ed-9034-ecad0d6122e3","local_time":"20210118112245","is_ascension_mode":false,"campfire_choices":[{"floor":8,"key":"REST"},{"data":"hierophant:Smite","floor":11,"key":"SMITH"},{"data":"hierophant:RepressedViolence","floor":15,"key":"SMITH"},{"floor":23,"key":"REST"},{"floor":25,"key":"REST"},{"data":"hierophant:Zeal","floor":27,"key":"SMITH"},{"data":"hierophant:Punish","floor":30,"key":"SMITH"},{"floor":32,"key":"DIG"}],"circlet_count":0,"master_deck":["hierophant:Strike_Hierophant+1","hierophant:Strike_Hierophant+1","hierophant:Strike_Hierophant+1","hierophant:Strike_Hierophant+1","hierophant:Punish+1","hierophant:Defend_Hierophant+1","hierophant:Defend_Hierophant+1","hierophant:Defend_Hierophant+1","hierophant:Defend_Hierophant+1","hierophant:ChurchCoffers","hierophant:RepressedViolence+1","hierophant:PassingBell","hierophant:Sermon","hierophant:Smite+1","hierophant:PassingBell","hierophant:HolyVerse+1","hierophant:Zeal+1","hierophant:SealAway","hierophant:OrnateBuckler+1","Parasite","hierophant:Invocation+1","hierophant:Purify","hierophant:HolyVerse+1","hierophant:HolyVerse+1","Enlightenment+1","hierophant:Purify","hierophant:RepressedViolence","hierophant:Sermon+1","hierophant:WrathOfGod+1","hierophant:AuricShield+1"],"relics":["hierophant:PropheticMaskRelic","NeowsBlessing","Garlic","Toxic Egg 2","Replay:Bottled Steam","Golden Egg","Boot","Busted Crown","Ice Cream","Pear","Replay:Accelerometer","Thread and Needle"],"acts_visited":["Exordium","TheCity"],"potions_floor_usage":[6,10,16,33,33],"damage_taken":[{"damage":0,"enemies":"Cultist","floor":1,"turns":1},{"damage":0,"enemies":"2 Louse","floor":2,"turns":1},{"damage":0,"enemies":"Jaw Worm","floor":3,"turns":1},{"damage":17,"enemies":"Exordium Thugs","floor":5,"turns":6},{"damage":8,"enemies":"3 Sentries","floor":6,"turns":3},{"damage":6,"enemies":"Large Slime","floor":7,"turns":4},{"damage":12,"enemies":"Lagavulin","floor":10,"turns":3},{"damage":14,"enemies":"Gremlin Nob","floor":12,"turns":3},{"damage":0,"enemies":"Exordium Wildlife","floor":13,"turns":2},{"damage":11,"enemies":"Slime Boss","floor":16,"turns":5},{"damage":0,"enemies":"Spheric Guardian","floor":18,"turns":3},{"damage":13,"enemies":"2 Thieves","floor":21,"turns":3},{"damage":31,"enemies":"Chosen and Byrds","floor":22,"turns":5},{"damage":8,"enemies":"Shelled Parasite and Fungi","floor":28,"turns":3},{"damage":21,"enemies":"Gremlin Leader","floor":29,"turns":6},{"damage":5,"enemies":"3 Cultists","floor":31,"turns":3},{"damage":65,"enemies":"Automaton","floor":33,"turns":6}],"seed_played":"-996857193422132140","potions_obtained":[{"floor":1,"key":"PowerPotion"},{"floor":6,"key":"LiquidBronze"},{"floor":12,"key":"SmokeBomb"},{"floor":13,"key":"SkillPotion"},{"floor":18,"key":"GamblersBrew"},{"floor":21,"key":"EssenceOfSteel"},{"floor":31,"key":"SteroidPotion"}],"is_trial":false,"path_per_floor":["M","M","M","T","M","E","M","R","T","E","R","E","M","?","R","B",null,"M","?","$","M","M","R","?","R","T","R","M","E","R","M","R","B"],"character_chosen":"HIEROPHANT","items_purchased":["Ice Cream","hierophant:HolyVerse+1","Enlightenment+1"],"campfire_rested":3,"item_purchase_floors":[20,20,20],"current_hp_per_floor":[75,75,75,75,58,50,44,66,66,54,54,40,40,58,58,47,75,75,75,75,62,31,53,53,75,85,85,77,56,56,51,51,0,0],"gold":62,"neow_bonus":"THREE_ENEMY_KILL","is_daily":false,"chose_seed":false,"campfire_upgraded":4,"win_rate":0.0,"timestamp":1610986965,"path_taken":["M","M","M","?","M","E","M","R","T","E","R","E","M","?","R","BOSS","M","?","?","?","M","R","?","R","T","R","M","E","R","M","R","BOSS"],"items_purchased_type":["Relic","Card","Card"],"build_version":"2020-12-22","purchased_purges":0,"victory":false,"max_hp_per_floor":[75,75,75,75,75,75,75,75,75,75,75,75,75,75,75,75,75,75,75,75,75,75,75,75,75,85,85,85,85,85,85,85,85,85],"card_choices":[{"not_picked":["hierophant:ArchangelShield","hierophant:Zeal"],"picked":"hierophant:RepressedViolence","floor":1},{"not_picked":["hierophant:Zeal","hierophant:Mercenaries"],"picked":"hierophant:PassingBell","floor":2},{"not_picked":["hierophant:Embezzle","hierophant:SecretStash"],"picked":"hierophant:Sermon","floor":3},{"not_picked":["hierophant:Exaltation","hierophant:Anathema"],"picked":"hierophant:Smite","floor":5},{"not_picked":["hierophant:DisplayOfPower","hierophant:Shelter+1"],"picked":"hierophant:PassingBell","floor":6},{"not_picked":["hierophant:RepressedViolence","hierophant:ConvertCurrency+1"],"picked":"hierophant:HolyVerse+1","floor":7},{"not_picked":["hierophant:CursedGold","hierophant:Mercenaries"],"picked":"hierophant:Zeal","floor":10},{"not_picked":["hierophant:Cornucopia+1","hierophant:FlamingChariot"],"picked":"hierophant:SealAway","floor":12},{"not_picked":["hierophant:FlamingChariot","hierophant:SealAway"],"picked":"hierophant:OrnateBuckler+1","floor":13},{"not_picked":["hierophant:DeathKnell+1","hierophant:Cornucopia+1"],"picked":"hierophant:Invocation+1","floor":16},{"not_picked":[],"picked":"hierophant:Purify","floor":18},{"not_picked":[],"picked":"hierophant:Purify","floor":21},{"not_picked":[],"picked":"hierophant:RepressedViolence","floor":22},{"not_picked":[],"picked":"hierophant:Sermon+1","floor":28},{"not_picked":[],"picked":"hierophant:WrathOfGod","floor":29},{"not_picked":[],"picked":"hierophant:AuricShield+1","floor":31}],"player_experience":221928,"relics_obtained":[{"floor":4,"key":"Garlic"},{"floor":6,"key":"Toxic Egg 2"},{"floor":9,"key":"Replay:Bottled Steam"},{"floor":10,"key":"Golden Egg"},{"floor":12,"key":"Boot"},{"floor":26,"key":"Pear"},{"floor":29,"key":"Replay:Accelerometer"},{"floor":32,"key":"Thread and Needle"}],"event_choices":[{"damage_healed":18,"gold_gain":0,"player_choice":"Healed and dodged fight","damage_taken":0,"max_hp_gain":0,"max_hp_loss":0,"event_name":"Mushrooms","floor":14,"gold_loss":0,"cards_obtained":["Parasite"]},{"damage_healed":0,"gold_gain":99,"player_choice":"Stole From Cult","damage_taken":0,"max_hp_gain":0,"max_hp_loss":0,"event_name":"Nest","floor":19,"gold_loss":0},{"damage_healed":0,"gold_gain":0,"player_choice":"Simplicity","damage_taken":0,"max_hp_gain":0,"max_hp_loss":0,"event_name":"Back to Basics","floor":24,"gold_loss":0,"cards_upgraded":["hierophant:Strike_Hierophant","hierophant:Strike_Hierophant","hierophant:Strike_Hierophant","hierophant:Strike_Hierophant","hierophant:Defend_Hierophant","hierophant:Defend_Hierophant","hierophant:Defend_Hierophant","hierophant:Defend_Hierophant"]}],"is_beta":false,"boss_relics":[{"not_picked":["Kintsugi","Painkiller Herb"],"picked":"Busted Crown"}],"items_purged_floors":[],"is_endless":false,"potions_floor_spawned":[1,6,12,13,18,21,31],"killed_by":"Automaton","ascension_level":0}}