{"host":"e6sgj53qqwx3piqv","time":1610997673,"event":{"mods":["AchievementEnabler","Aspiration","BaseMod","BetterRewards","Colored Powertips","Downfall","Hermit","Hubris","Infinite Spire","Minty Spire (QoL Compilation)","Quick Restart","Rare Cards Sparkle","Shop Mod","StSLib","The Cursed","The Disciple","The Jungle","The Runesmith"],"gold_per_floor":[116,37,37,137,137,137,166,186,186,220,234,234,52,65,65,166,166,178,178,178,45,56,76,76,166,166,185,203,219,219,239,239,334,334,353,353,416,443,464,464,491,491,547,568,577,27,50,77,77,77],"floor_reached":51,"language":"ENG","playtime":3684,"items_purged":[],"score":732,"play_id":"ee91daaa-94be-4085-9d9a-e85ec614624a","local_time":"20210118142113","is_ascension_mode":false,"campfire_choices":[{"data":"Evolve","floor":6,"key":"SMITH"},{"data":"Corruption","floor":15,"key":"SMITH"},{"data":"Pommel Strike","floor":24,"key":"SMITH"},{"data":"Inflame","floor":32,"key":"SMITH"},{"data":"Dramatic Entrance","floor":40,"key":"SMITH"},{"data":"Demon Form","floor":42,"key":"SMITH"},{"floor":49,"key":"REST"}],"circlet_count":0,"master_deck":["Strike_R+1","Strike_R+1","Strike_R+1","Strike_R+1","Strike_R+1","Defend_R+1","Defend_R+1","Defend_R+1","Defend_R+1","Bash","Evolve+1","Fire Breathing+1","Fiend Fire","Inflame+1","Shrug It Off+1","Anger","Thunderclap","Regret","Metallicize","Swift Strike","Pommel Strike+1","Corruption+1","Impervious+1","Metallicize","Fire Breathing","Havoc+1","Discovery+1","Body Slam+1","Hemokinesis","Good Instincts+1","Seeing Red+1","Fire Breathing+1","Pommel Strike","hubris:Fate+1","Intimidate+1","Demon Form+1","CurseOfTheBell","Body Slam+1","Impervious+1","Dramatic Entrance+1","Trip+1","Blind+1","hubris:SharpeningStone+1","hubris:Fate+1","infinitespire:Fortify+1","Doubt","Seeing Red+1","Shrug It Off+1","Uppercut","Madness+1","Reaper","Body Slam+1"],"relics":["Burning Blood","aspiration:Nostalgia","Ring of the Snake","Darkstone Periapt","Toxic Egg 2","hubris:MedicalManual","infinitespire:Satchel","Gambling Chip","Anchor","hubris:Metronome","Cursed Key","Calling Bell","CeramicFish","InkBottle","Lizard Tail","hubris:Towel","Dead Branch","TungstenRod","Vajra","hubris:KleinBottle","Bag of Marbles","aspiration:Lifesprig","Happy Flower","hubris:CrystalStatue"],"acts_visited":["Exordium","TheCity","TheBeyond"],"potions_floor_usage":[16,16,18,29,33,33,35,37,47,50],"damage_taken":[{"damage":8,"enemies":"Cultist","floor":1,"turns":6},{"damage":60,"enemies":"Lagavulin","floor":7,"turns":10},{"damage":0,"enemies":"Small Slimes","floor":8,"turns":3},{"damage":5,"enemies":"Gremlin Nob","floor":10,"turns":3},{"damage":0,"enemies":"2 Louse","floor":11,"turns":2},{"damage":0,"enemies":"Gremlin Gang","floor":14,"turns":3},{"damage":70,"enemies":"The Guardian","floor":16,"turns":11},{"damage":26,"enemies":"3 Byrds","floor":18,"turns":6},{"damage":10,"enemies":"Shell Parasite","floor":22,"turns":6},{"damage":29,"enemies":"Shelled Parasite and Fungi","floor":23,"turns":5},{"damage":32,"enemies":"Centurion and Healer","floor":27,"turns":7},{"damage":11,"enemies":"Cultist and Chosen","floor":28,"turns":5},{"damage":11,"enemies":"Snecko","floor":29,"turns":5},{"damage":0,"enemies":"Snake Plant","floor":31,"turns":1},{"damage":27,"enemies":"Champ","floor":33,"turns":9},{"damage":57,"enemies":"3 Darklings","floor":35,"turns":6},{"damage":45,"enemies":"2 Orb Walkers","floor":37,"turns":5},{"damage":5,"enemies":"Orb Walker","floor":39,"turns":3},{"damage":0,"enemies":"Transient","floor":44,"turns":1},{"damage":0,"enemies":"Sphere and 2 Shapes","floor":47,"turns":1},{"damage":4,"enemies":"4 Shapes","floor":48,"turns":2},{"damage":7,"enemies":"infinitespire:MassOfShapes","floor":50,"turns":5}],"seed_played":"5834485655902789101","potions_obtained":[{"floor":7,"key":"hexamod:SoulburnPotion"},{"floor":8,"key":"Energy Potion"},{"floor":10,"key":"SneckoOil"},{"floor":16,"key":"Block Potion"},{"floor":18,"key":"bronze:BurnAndBuffPotion"},{"floor":23,"key":"SteroidPotion"},{"floor":29,"key":"BloodPotion"},{"floor":33,"key":"BloodPotion"},{"floor":35,"key":"Swift Potion"},{"floor":37,"key":"Regen Potion"},{"floor":48,"key":"Strength Potion"}],"is_trial":false,"path_per_floor":["M","$","?","?","?","R","E","M","T","E","M","?","$","M","R","B",null,"M","?","?","$","M","M","R","?","T","M","M","M","AVR","M","R","B",null,"M","?","?","?","M","R","AVR","R","T","M","$","$","M","M","R","B",null],"character_chosen":"IRONCLAD","items_purchased":["Fire Breathing","Metallicize","Swift Strike","Pommel Strike","Havoc+1","Discovery+1","hubris:KleinBottle","Bag of Marbles","aspiration:Lifesprig","Happy Flower","hubris:CrystalStatue","Shrug It Off+1","Uppercut","Madness+1"],"campfire_rested":1,"item_purchase_floors":[2,13,13,13,21,21,45,45,45,46,46,46,46,46],"current_hp_per_floor":[78,78,78,119,118,118,64,70,70,71,77,83,83,89,89,25,124,104,104,104,104,100,77,77,59,59,33,28,47,47,53,53,32,130,105,105,66,56,57,57,57,57,63,69,30,30,36,38,78,77],"gold":77,"neow_bonus":"NOSTALGIA","is_daily":false,"chose_seed":false,"campfire_upgraded":6,"win_rate":0.0,"timestamp":1610997673,"path_taken":["M","$","?","?","?","R","E","?","T","E","M","?","$","M","R","BOSS","M","?","?","$","M","M","R","?","T","M","?","M","AVR","M","R","BOSS","M","?","?","?","M","R","AVR","R","T","M","?","$","M","M","R","BOSS"],"items_purchased_type":["Card","Card","Card","Card","Card","Card","Relic","Relic","Relic","Relic","Relic","Card","Card","Card"],"build_version":"2020-12-22","purchased_purges":0,"victory":true,"max_hp_per_floor":[80,80,80,121,118,118,118,118,118,118,118,124,124,124,124,124,124,124,124,124,124,124,124,124,124,124,124,124,124,124,124,124,124,130,130,130,130,130,130,130,130,130,136,136,136,136,136,136,136,136],"card_choices":[{"not_picked":["Body Slam","Pummel"],"picked":"Evolve","floor":1},{"not_picked":["Uppercut","Rage+1"],"picked":"Inflame","floor":7},{"not_picked":["Body Slam","Armaments+1"],"picked":"Shrug It Off+1","floor":8},{"not_picked":["Shrug It Off+1","Warcry+1"],"picked":"Anger","floor":10},{"not_picked":["Armaments+1","Perfected Strike"],"picked":"Thunderclap","floor":11},{"not_picked":["Disarm+1","Sentinel+1"],"picked":"Corruption","floor":14},{"not_picked":["Brutality","Bludgeon"],"picked":"Impervious+1","floor":16},{"not_picked":["Blood for Blood","Reckless Charge"],"picked":"Metallicize","floor":18},{"not_picked":["Warcry+1","Pommel Strike"],"picked":"Body Slam+1","floor":22},{"not_picked":["Cleave","Shrug It Off+1"],"picked":"Hemokinesis","floor":23},{"not_picked":["Twin Strike","Sever Soul+1"],"picked":"Seeing Red+1","floor":27},{"not_picked":["Headbutt+1","Metallicize"],"picked":"Fire Breathing+1","floor":28},{"not_picked":["Armaments+1","Warcry+1"],"picked":"Pommel Strike","floor":29},{"not_picked":["Dual Wield+1","Shrug It Off+1"],"picked":"Intimidate+1","floor":31},{"not_picked":["Feed","Immolate"],"picked":"Demon Form","floor":33},{"not_picked":["Pommel Strike+1","Battle Trance+1"],"picked":"Body Slam+1","floor":35},{"not_picked":["Evolve","Twin Strike"],"picked":"Impervious+1","floor":37},{"not_picked":["Good Instincts+1","Impatience+1"],"picked":"Dramatic Entrance","floor":38},{"not_picked":["Forethought+1","Madness+1"],"picked":"Trip+1","floor":38},{"not_picked":["Apotheosis+1","hubris:Ssssneak+1"],"picked":"Blind+1","floor":38},{"not_picked":["Thunderclap+1","Wild Strike"],"picked":"hubris:SharpeningStone+1","floor":39},{"not_picked":["Headbutt","Shrug It Off+1"],"picked":"Seeing Red+1","floor":44},{"not_picked":["hubris:Fate","infinitespire:SevenWalls"],"picked":"infinitespire:SealOfDarkness+","floor":45},{"not_picked":["Cleave","Clothesline+1"],"picked":"Reaper","floor":47},{"not_picked":["True Grit+1","Entrench+1"],"picked":"Body Slam+1","floor":48}],"player_experience":157673,"relics_obtained":[{"floor":7,"key":"Toxic Egg 2"},{"floor":9,"key":"hubris:MedicalManual"},{"floor":10,"key":"infinitespire:Satchel"},{"floor":26,"key":"Anchor"},{"floor":34,"key":"CeramicFish"},{"floor":34,"key":"InkBottle"},{"floor":34,"key":"Lizard Tail"},{"floor":37,"key":"Dead Branch"},{"floor":43,"key":"Vajra"}],"event_choices":[{"damage_healed":0,"gold_gain":0,"player_choice":"Grow","damage_taken":0,"max_hp_gain":0,"max_hp_loss":0,"event_name":"Living Wall","floor":3,"gold_loss":0,"cards_upgraded":["Fire Breathing"]},{"cards_removed":["hubris:Gluttony","hubris:Despair","Injury","Parasite","Clumsy","Decay"],"damage_healed":0,"gold_gain":0,"player_choice":"Removed Curses","damage_taken":0,"max_hp_gain":0,"max_hp_loss":0,"event_name":"Fountain of Cleansing","floor":5,"gold_loss":0},{"damage_healed":0,"gold_gain":0,"player_choice":"Box","damage_taken":0,"relics_obtained":["Gambling Chip"],"max_hp_gain":0,"max_hp_loss":0,"event_name":"Big Fish","floor":12,"gold_loss":0,"cards_obtained":["Regret"]},{"damage_healed":0,"gold_gain":0,"player_choice":"Read","damage_taken":0,"max_hp_gain":0,"max_hp_loss":0,"event_name":"The Library","floor":19,"gold_loss":0,"cards_obtained":["Fire Breathing"]},{"damage_healed":0,"gold_gain":0,"player_choice":"Simplicity","damage_taken":0,"max_hp_gain":0,"max_hp_loss":0,"event_name":"Back to Basics","floor":20,"gold_loss":0,"cards_upgraded":["Strike_R","Strike_R","Strike_R","Strike_R","Strike_R","Defend_R","Defend_R","Defend_R","Defend_R"]},{"damage_healed":0,"gold_gain":90,"player_choice":"GOLD CARD ","damage_taken":18,"max_hp_gain":0,"max_hp_loss":0,"event_name":"Knowing Skull","floor":25,"potions_obtained":[],"gold_loss":0,"cards_obtained":["Good Instincts"]},{"damage_healed":0,"gold_gain":0,"player_choice":"Fight","damage_taken":0,"max_hp_gain":0,"max_hp_loss":0,"event_name":"Mysterious Sphere","floor":37,"gold_loss":0},{"damage_healed":0,"gold_gain":0,"player_choice":"Memory 3","damage_taken":10,"max_hp_gain":0,"max_hp_loss":0,"event_name":"SensoryStone","floor":38,"gold_loss":0}],"is_beta":false,"boss_relics":[{"not_picked":[]},{"not_picked":["Runic Cube","Coffee Dripper"],"picked":"Calling Bell"}],"items_purged_floors":[],"is_endless":false,"potions_floor_spawned":[7,8,10,16,18,23,29,33,35,37,48],"ascension_level":0}}