{"host":"7qqg3hyzrz6apiso","time":1610989065,"event":{"mods":["AchievementEnabler","BaseMod","Better Debug","Colored Map","Colored Powertips","KOR Keyword Fix","Keyboard Shortcuts","Minty Spire (QoL Compilation)","Permanent Neow","Quick Restart","StSLib","SuperFastMode"],"gold_per_floor":[11,11,11,11,34,65,65,65,65,96,117,152,152,173,173,299,299,315,339,63,63,63,63,78,78,78,78,114,114,114,138,138,269,269,282,282,35,91,106,106,130,130,130,193,193,216,232,565,565,565],"floor_reached":51,"language":"KOR","playtime":2188,"items_purged":["Strike_B","Strike_B"],"score":1025,"play_id":"df9fbbba-a736-453e-b190-415390e26563","local_time":"20210119015745","is_ascension_mode":true,"campfire_choices":[{"data":"Creative AI","floor":7.0,"key":"SMITH"},{"floor":13,"key":"REST"},{"data":"Coolheaded","floor":15,"key":"SMITH"},{"data":"Defragment","floor":23,"key":"SMITH"},{"data":"Go for the Eyes","floor":25,"key":"SMITH"},{"floor":27,"key":"REST"},{"floor":30,"key":"REST"},{"data":"Electrodynamics","floor":32,"key":"SMITH"},{"data":"Conserve Battery","floor":40,"key":"SMITH"},{"data":"Dualcast","floor":42,"key":"SMITH"},{"floor":49,"key":"REST"}],"circlet_count":0,"master_deck":["Strike_B","Defend_B","Defend_B","Defend_B","Defend_B","Zap","Dualcast+1","Creative AI+1","Conserve Battery+1","Coolheaded+1","Go for the Eyes+1","Chill+1","Electrodynamics+1","Beam Cell","Redo+1","Defragment+1","Core Surge","Leap+1","Defragment+1","Defragment+1","Force Field+1","Loop+1","Stack+1"],"relics":["Cracked Core","Mummified Hand","Shuriken","Toxic Egg 2","Symbiotic Virus","Omamori","Calling Bell","Tiny Chest","Pear","Calipers","Cables","Thread and Needle","SlaversCollar","Mercury Hourglass","HandDrill","Pocketwatch","White Beast Statue","Unceasing Top","Bottled Lightning"],"acts_visited":["Exordium","TheCity","TheBeyond"],"potions_floor_usage":[16,16,33,33,33,46,50,50],"damage_taken":[{"damage":5.0,"enemies":"Cultist","floor":1.0,"turns":4.0},{"damage":6.0,"enemies":"2 Louse","floor":5.0,"turns":3.0},{"damage":19.0,"enemies":"Lagavulin","floor":6.0,"turns":8.0},{"damage":16.0,"enemies":"3 Sentries","floor":10.0,"turns":6.0},{"damage":9.0,"enemies":"Small Slimes","floor":11.0,"turns":4.0},{"damage":8.0,"enemies":"Gremlin Nob","floor":12.0,"turns":5.0},{"damage":2,"enemies":"Looter","floor":14,"turns":4},{"damage":3,"enemies":"The Guardian","floor":16,"turns":10},{"damage":32,"enemies":"Shell Parasite","floor":18,"turns":7},{"damage":5,"enemies":"Chosen","floor":19,"turns":4},{"damage":42,"enemies":"Snecko","floor":24,"turns":7},{"damage":16,"enemies":"Slavers","floor":28,"turns":7},{"damage":0,"enemies":"Cultist and Chosen","floor":31,"turns":5},{"damage":0,"enemies":"Champ","floor":33,"turns":6},{"damage":0,"enemies":"3 Shapes","floor":35,"turns":4},{"damage":18,"enemies":"2 Orb Walkers","floor":38,"turns":4},{"damage":6,"enemies":"Orb Walker","floor":39,"turns":3},{"damage":5,"enemies":"3 Darklings","floor":41,"turns":3},{"damage":0,"enemies":"Mind Bloom Boss Battle","floor":44,"turns":3},{"damage":0,"enemies":"Spire Growth","floor":46,"turns":4},{"damage":0,"enemies":"Maw","floor":47,"turns":8},{"damage":0,"enemies":"Time Eater","floor":50,"turns":8}],"seed_played":"4273987095305570428","potions_obtained":[{"floor":5.0,"key":"FairyPotion"},{"floor":6.0,"key":"DistilledChaos"},{"floor":12,"key":"BlessingOfTheForge"},{"floor":14,"key":"FocusPotion"},{"floor":19,"key":"EssenceOfSteel"},{"floor":24,"key":"SpeedPotion"},{"floor":28,"key":"Swift Potion"},{"floor":39,"key":"SpeedPotion"},{"floor":44,"key":"Strength Potion"},{"floor":46,"key":"SneckoOil"},{"floor":47,"key":"FocusPotion"}],"is_trial":false,"path_per_floor":["M","T","?","?","M","E","R","?","T","E","M","E","R","M","R","B",null,"M","M","$","?","?","R","M","R","T","R","E","?","R","M","R","B",null,"M","T","$","?","M","R","M","R","T","?","T","M","M","?","R","B",null],"character_chosen":"DEFECT","items_purchased":["Defragment","Core Surge","Leap+1","HandDrill"],"campfire_rested":4,"item_purchase_floors":[20,20,20,37],"current_hp_per_floor":[63,63,63,63,57,38,38,38,38,22,13,5,27,25,25,22,72,40,35,35,35,35,35,19,19,19,44,28,28,53,53,53,53,77,77,77,77,59,53,53,48,48,48,48,48,48,48,48,73,73],"gold":565,"neow_bonus":"THREE_RARE_CARDS","is_daily":false,"chose_seed":true,"campfire_upgraded":7,"win_rate":0.0,"timestamp":1610989065,"path_taken":["M","?","?","?","M","E","R","?","T","E","M","E","R","M","R","BOSS","M","M","$","?","?","R","M","R","T","R","E","?","R","M","R","BOSS","M","?","$","?","?","R","M","R","T","?","?","M","?","?","R","BOSS"],"items_purchased_type":["Card","Card","Card","Relic"],"build_version":"2020-12-22","purchased_purges":2,"victory":true,"max_hp_per_floor":[75,75,75,75,75,75,75,75,75,75,75,75,75,75,75,75,85,85,85,85,85,85,85,85,85,85,85,85,85,85,85,85,85,85,85,85,85,85,85,85,85,85,85,85,85,85,85,85,85,85],"card_choices":[{"not_picked":["Rainbow","Seek"],"picked":"Creative AI","floor":0.0},{"not_picked":["Redo","Glacier"],"picked":"Conserve Battery","floor":1.0},{"not_picked":["Rebound","FTL"],"picked":"Coolheaded","floor":5.0},{"not_picked":["Beam Cell","Streamline"],"picked":"Go for the Eyes","floor":6.0},{"not_picked":["Double Energy+1","Gash"],"picked":"Chill+1","floor":10.0},{"not_picked":["Compile Driver","Darkness+1","Steam Power+1"],"picked":"SKIP","floor":11.0},{"not_picked":["Stack+1","Compile Driver"],"picked":"Electrodynamics","floor":12},{"not_picked":["Undo+1","Rebound"],"picked":"Beam Cell","floor":14},{"not_picked":["Compile Driver+1","Rebound","Fusion+1"],"picked":"SKIP","floor":18},{"not_picked":["Steam+1","Gash"],"picked":"Redo+1","floor":19},{"not_picked":["Double Energy+1","Ball Lightning","Conserve Battery+1"],"picked":"SKIP","floor":24},{"not_picked":["Chaos+1","Redo+1","Machine Learning"],"picked":"SKIP","floor":28},{"not_picked":["Turbo+1","Conserve Battery+1"],"picked":"Defragment+1","floor":31},{"not_picked":["Cold Snap","Beam Cell+1","Rebound+1"],"picked":"SKIP","floor":35},{"not_picked":["Undo+1","Rebound","Fusion+1"],"picked":"SKIP","floor":39},{"not_picked":["Rebound+1","All For One"],"picked":"Force Field+1","floor":41},{"not_picked":["Stack+1","Coolheaded+1"],"picked":"Loop+1","floor":44},{"not_picked":["Hologram+1","Lockon+1","Doom and Gloom"],"picked":"SKIP","floor":46},{"not_picked":["Turbo+1","Barrage+1"],"picked":"Stack+1","floor":47}],"player_experience":233279,"relics_obtained":[{"floor":2.0,"key":"Mummified Hand"},{"floor":6.0,"key":"Shuriken"},{"floor":9.0,"key":"Toxic Egg 2"},{"floor":10.0,"key":"Symbiotic Virus"},{"floor":12,"key":"Omamori"},{"floor":17,"key":"Tiny Chest"},{"floor":17,"key":"Pear"},{"floor":17,"key":"Calipers"},{"floor":26,"key":"Cables"},{"floor":28,"key":"Thread and Needle"},{"floor":36,"key":"Mercury Hourglass"},{"floor":38,"key":"Pocketwatch"},{"floor":43,"key":"White Beast Statue"},{"floor":44,"key":"Unceasing Top"},{"floor":45,"key":"Bottled Lightning"}],"event_choices":[{"damage_healed":0.0,"max_hp_gain":0.0,"max_hp_loss":0.0,"gold_gain":0.0,"event_name":"Golden Idol","player_choice":"Take Wound","floor":3.0,"gold_loss":0.0,"damage_taken":0.0,"relics_obtained":["Golden Idol"],"cards_obtained":["Injury"]},{"damage_healed":0.0,"max_hp_gain":0.0,"max_hp_loss":0.0,"gold_gain":0.0,"event_name":"Liars Game","player_choice":"Ignored","floor":4.0,"gold_loss":0.0,"damage_taken":0.0},{"cards_removed":["Injury"],"damage_healed":0.0,"max_hp_gain":0.0,"max_hp_loss":0.0,"gold_gain":0.0,"event_name":"Living Wall","player_choice":"Forget","floor":8.0,"gold_loss":0.0,"damage_taken":0.0},{"damage_healed":0,"gold_gain":0,"player_choice":"Ignored","damage_taken":0,"max_hp_gain":0,"max_hp_loss":0,"event_name":"Cursed Tome","floor":21,"gold_loss":0},{"cards_removed":["Strike_B"],"damage_healed":0,"gold_gain":0,"player_choice":"Elegance","damage_taken":0,"max_hp_gain":0,"max_hp_loss":0,"event_name":"Back to Basics","floor":22,"gold_loss":0},{"damage_healed":0,"gold_gain":0,"player_choice":"Copied","damage_taken":0,"max_hp_gain":0,"max_hp_loss":0,"event_name":"Duplicator","floor":29,"gold_loss":0,"cards_obtained":["Defragment"]},{"damage_healed":0,"gold_gain":0,"player_choice":"Fight","damage_taken":0,"max_hp_gain":0,"max_hp_loss":0,"event_name":"Mysterious Sphere","floor":38,"gold_loss":0},{"damage_healed":0,"gold_gain":0,"player_choice":"Fight","damage_taken":0,"max_hp_gain":0,"max_hp_loss":0,"event_name":"MindBloom","floor":44,"gold_loss":0},{"damage_healed":0,"gold_gain":333,"player_choice":"Gave Idol","damage_taken":0,"max_hp_gain":0,"max_hp_loss":0,"event_name":"The Moai Head","floor":48,"relics_lost":["Golden Idol"],"gold_loss":0}],"is_beta":false,"boss_relics":[{"not_picked":["Runic Pyramid","Nuclear Battery"],"picked":"Calling Bell"},{"not_picked":["Fusion Hammer","Snecko Eye"],"picked":"SlaversCollar"}],"items_purged_floors":[20,37],"is_endless":false,"potions_floor_spawned":[5,6,12,14,19,24,28,39,44,46,47],"ascension_level":6}}