{"host":"z9811rt50ti81n54","time":1610943147,"event":{"mods":["BaseMod","Better Match","Better Skull","Better Third Choice","Minty Spire (QoL Compilation)","Permanent Neow","StSLib","SuperFastMode"],"gold_per_floor":[119,136,97,97,115,115,40,40,119,129,145,158,178,189,189,285,285,299,79,79,89,89,89,4,4,30,30,30,44,60,71,71,170,170,184,8,0,18,1017,1017,1036,1036,1036,199,199,209,209,237,237,237],"floor_reached":51,"language":"ENG","playtime":1367,"items_purged":["Strike_P","Pain","Normality"],"score":819,"play_id":"2fda859c-cbef-415d-8a42-972e416a34b6","local_time":"20210118131227","is_ascension_mode":false,"campfire_choices":[{"data":"Eruption","floor":6,"key":"SMITH"},{"data":"WheelKick","floor":8,"key":"SMITH"},{"data":"Blasphemy","floor":15,"key":"SMITH"},{"data":"Devotion","floor":23,"key":"SMITH"},{"data":"Collect","floor":25,"key":"SMITH"},{"data":"Meditate","floor":27,"key":"SMITH"},{"floor":32,"key":"REST"},{"data":"SpiritShield","floor":40,"key":"SMITH"},{"data":"Crescendo","floor":42,"key":"SMITH"},{"floor":49,"key":"REST"}],"circlet_count":0,"master_deck":["Eruption+1","Vigilance","FearNoEvil","WheelKick+1","SandsOfTime","EmptyFist","DeceiveReality","Meditate+1","Collect+1","Crescendo+1","Blasphemy+1","Perseverance","Devotion+1","SpiritShield+1","Protect"],"relics":["PureWater","Meat on the Bone","Busted Crown","Chemical X","WarpedTongs","Blue Candle","Bag of Marbles","Runic Dome","Red Mask","Gremlin Horn","Incense Burner","Melange","Molten Egg 2","CaptainsWheel"],"acts_visited":["Exordium","TheCity","TheBeyond"],"potions_floor_usage":[16,33,33,50,50,50],"damage_taken":[{"damage":0,"enemies":"Small Slimes","floor":1,"turns":2},{"damage":7,"enemies":"Jaw Worm","floor":2,"turns":4},{"damage":1,"enemies":"Cultist","floor":5,"turns":3},{"damage":0,"enemies":"Looter","floor":10,"turns":2},{"damage":0,"enemies":"Blue Slaver","floor":11,"turns":2},{"damage":0,"enemies":"Large Slime","floor":12,"turns":1},{"damage":0,"enemies":"3 Louse","floor":13,"turns":3},{"damage":0,"enemies":"2 Fungi Beasts","floor":14,"turns":2},{"damage":33,"enemies":"Hexaghost","floor":16,"turns":6},{"damage":0,"enemies":"Spheric Guardian","floor":18,"turns":2},{"damage":20,"enemies":"3 Byrds","floor":21,"turns":6},{"damage":1,"enemies":"Sentry and Sphere","floor":29,"turns":4},{"damage":1,"enemies":"Snecko","floor":30,"turns":2},{"damage":1,"enemies":"3 Cultists","floor":31,"turns":3},{"damage":13,"enemies":"Collector","floor":33,"turns":4},{"damage":1,"enemies":"3 Shapes","floor":35,"turns":4},{"damage":0,"enemies":"Orb Walker","floor":38,"turns":3},{"damage":17,"enemies":"3 Darklings","floor":41,"turns":3},{"damage":16,"enemies":"Jaw Worm Horde","floor":46,"turns":3},{"damage":0,"enemies":"Giant Head","floor":48,"turns":7},{"damage":4,"enemies":"Donu and Deca","floor":50,"turns":7}],"seed_played":"312531438354837492","potions_obtained":[{"floor":2,"key":"Dexterity Potion"},{"floor":5,"key":"PowerPotion"},{"floor":12,"key":"Explosive Potion"},{"floor":14,"key":"StancePotion"},{"floor":16,"key":"Swift Potion"},{"floor":18,"key":"CultistPotion"},{"floor":33,"key":"StancePotion"},{"floor":41,"key":"ColorlessPotion"}],"is_trial":false,"path_per_floor":["M","M","$","?","M","R","$","R","T","M","M","M","M","M","R","B",null,"M","$","?","M","$","R","?","R","T","R","?","M","M","M","R","B",null,"M","$","?","M","?","R","M","R","T","$","?","M","?","E","R","B",null],"character_chosen":"WATCHER","items_purchased":["SandsOfTime","DeceiveReality","Chemical X","Protect","Dexterity Potion","Incense Burner","Melange","Molten Egg 2"],"campfire_rested":2,"item_purchase_floors":[3,7,19,36,36,44,44,44],"current_hp_per_floor":[65,58,58,63,62,62,62,62,62,62,62,62,62,62,62,41,70,70,70,70,50,50,50,50,50,50,50,50,49,48,47,68,55,70,69,69,69,69,69,69,52,52,52,52,52,36,36,36,57,53],"gold":237,"neow_bonus":"REMOVE_TWO","is_daily":false,"chose_seed":false,"campfire_upgraded":8,"win_rate":0.0,"timestamp":1610943147,"path_taken":["M","M","$","?","M","R","$","R","T","M","M","M","M","M","R","BOSS","M","$","?","?","$","R","?","R","T","R","?","M","M","M","R","BOSS","M","$","?","M","?","R","M","R","T","$","?","M","?","E","R","BOSS"],"items_purchased_type":["Card","Card","Relic","Card","Potion","Relic","Relic","Relic"],"build_version":"2020-12-22","purchased_purges":3,"victory":true,"max_hp_per_floor":[65,65,65,70,70,70,70,70,70,70,70,70,70,70,70,70,70,70,70,70,70,70,70,70,70,70,70,70,70,70,70,70,70,70,70,70,70,70,70,70,70,70,70,70,70,70,70,70,70,70],"card_choices":[{"not_picked":["FlurryOfBlows","WaveOfTheHand"],"picked":"FearNoEvil","floor":1},{"not_picked":["Nirvana","Meditate"],"picked":"WheelKick","floor":2},{"not_picked":["Prostrate","CarveReality"],"picked":"EmptyFist","floor":5},{"not_picked":["FlyingSleeves","JustLucky"],"picked":"Meditate","floor":10},{"not_picked":["FollowUp","SignatureMove"],"picked":"Collect","floor":11},{"not_picked":["ClearTheMind","FlurryOfBlows"],"picked":"Crescendo","floor":12},{"not_picked":["SashWhip","FlyingSleeves"],"picked":"Blasphemy","floor":13},{"not_picked":["FlurryOfBlows","EmptyFist"],"picked":"Perseverance","floor":14},{"not_picked":["Scrawl","Vault"],"picked":"Devotion","floor":16},{"not_picked":["Tantrum"],"picked":"SKIP","floor":18},{"not_picked":["Protect"],"picked":"SKIP","floor":21},{"not_picked":["CrushJoints"],"picked":"SKIP","floor":29},{"not_picked":["Halt"],"picked":"SKIP","floor":30},{"not_picked":["JustLucky+1"],"picked":"SKIP","floor":31},{"not_picked":[],"picked":"SpiritShield","floor":33},{"not_picked":["Prostrate"],"picked":"SKIP","floor":35},{"not_picked":["Swivel+1"],"picked":"SKIP","floor":38},{"not_picked":["Tantrum+1"],"picked":"SKIP","floor":41},{"not_picked":["BowlingBash+1"],"picked":"SKIP","floor":46},{"not_picked":["FlurryOfBlows+1"],"picked":"SKIP","floor":48}],"player_experience":393238,"relics_obtained":[{"floor":9,"key":"Meat on the Bone"},{"floor":26,"key":"Bag of Marbles"},{"floor":43,"key":"Gremlin Horn"},{"floor":48,"key":"CaptainsWheel"}],"event_choices":[{"damage_healed":0,"gold_gain":0,"player_choice":"Donut","damage_taken":0,"max_hp_gain":5,"max_hp_loss":0,"event_name":"Big Fish","floor":4,"gold_loss":0},{"damage_healed":0,"gold_gain":0,"player_choice":"Rummage","damage_taken":0,"relics_obtained":["WarpedTongs"],"max_hp_gain":0,"max_hp_loss":0,"event_name":"Accursed Blacksmith","floor":20,"gold_loss":0,"cards_obtained":["Pain"]},{"damage_healed":0,"gold_gain":0,"player_choice":"Obtained Relic","damage_taken":0,"relics_obtained":["Blue Candle"],"max_hp_gain":0,"max_hp_loss":0,"event_name":"Addict","floor":24,"gold_loss":85},{"damage_healed":0,"gold_gain":0,"player_choice":"Materialism","damage_taken":0,"max_hp_gain":0,"max_hp_loss":5,"event_name":"betterThird:BetterWriting","floor":28,"gold_loss":0},{"damage_healed":0,"gold_gain":0,"player_choice":"Paid","damage_taken":0,"relics_obtained":["Red Mask"],"max_hp_gain":0,"max_hp_loss":0,"event_name":"Tomb of Lord Red Mask","floor":37,"gold_loss":8},{"damage_healed":0,"gold_gain":999,"player_choice":"Gold","damage_taken":0,"max_hp_gain":0,"max_hp_loss":0,"event_name":"MindBloom","floor":39,"gold_loss":0,"cards_obtained":["Normality","Normality"]},{"damage_healed":0,"gold_gain":0,"player_choice":"Ignored","damage_taken":0,"max_hp_gain":0,"max_hp_loss":0,"event_name":"Mysterious Sphere","floor":45,"gold_loss":0},{"cards_removed":["Normality"],"damage_healed":0,"gold_gain":0,"player_choice":"Removed Curses","damage_taken":0,"max_hp_gain":0,"max_hp_loss":0,"event_name":"Fountain of Cleansing","floor":47,"gold_loss":0}],"is_beta":false,"boss_relics":[{"not_picked":["SlaversCollar","SacredBark"],"picked":"Busted Crown"},{"not_picked":["Runic Pyramid","Snecko Eye"],"picked":"Runic Dome"}],"items_purged_floors":[19,36,44],"is_endless":false,"potions_floor_spawned":[2,5,12,14,16,18,29,33,41,48],"ascension_level":0}}