{"host":"ln38befi3ugo1bsw","time":1610935109,"event":{"mods":["BaseMod","BetterRewards","Colored Map","Colored Powertips","Downfall","Hermit","Jorbs\u0027s Wanderer Trilogy","Lobotomy","Minty Spire (QoL Compilation)","StSLib","SuperFastMode"],"gold_per_floor":[119,133,153,165,178,211,211,211,280,298,298,324,336,352,352,449,449,459,133,145,165,176,209,221,249,261,290,302,314,326,366,378,390,390],"floor_reached":33,"language":"ENG","playtime":1752,"items_purged":[],"score":343,"play_id":"bb7274d4-29e1-4c13-a6c2-e8e27704a748","local_time":"20210117205829","is_ascension_mode":true,"campfire_choices":[{"data":"Electrodynamics","floor":7,"key":"SMITH"},{"floor":15,"key":"REST"},{"floor":24,"key":"REST"},{"floor":30,"key":"REST"},{"floor":32,"key":"REST"}],"circlet_count":0,"master_deck":["Strike_B","Strike_B","Strike_B","Strike_B","Defend_B","Defend_B","Defend_B+1","Defend_B","Zap","Dualcast","Electrodynamics+1","Auto Shields","Turbo","Conserve Battery","Sweeping Beam","Go for the Eyes+1","Leap","Gash+1","Ball Lightning+1","Ball Lightning+1","Echo Form","BootSequence+1","Conserve Battery","Conserve Battery","Conserve Battery+1","Beam Cell+1","Biased Cognition","Redo","Go for the Eyes+1"],"relics":["Cracked Core","Molten Egg 2","Peace Pipe","Busted Crown","Lee\u0027s Waffle","Anchor","MawBank","Art of War","Enchiridion","Happy Flower"],"acts_visited":["Exordium","TheCity"],"potions_floor_usage":[31,33,33,33],"damage_taken":[{"damage":3,"enemies":"Small Slimes","floor":1,"turns":2},{"damage":2,"enemies":"2 Louse","floor":2,"turns":2},{"damage":0,"enemies":"Cultist","floor":3,"turns":3},{"damage":4,"enemies":"2 Fungi Beasts","floor":4,"turns":3},{"damage":0,"enemies":"Lots of Slimes","floor":5,"turns":2},{"damage":11,"enemies":"3 Sentries","floor":6,"turns":4},{"damage":0,"enemies":"Exordium Thugs","floor":10,"turns":4},{"damage":13,"enemies":"Lagavulin","floor":12,"turns":7},{"damage":0,"enemies":"3 Louse","floor":13,"turns":1},{"damage":4,"enemies":"Lots of Slimes","floor":14,"turns":2},{"damage":23,"enemies":"The Guardian","floor":16,"turns":9},{"damage":15,"enemies":"2 Thieves","floor":18,"turns":4},{"damage":16,"enemies":"Spheric Guardian","floor":20,"turns":4},{"damage":5,"enemies":"Centurion and Healer","floor":21,"turns":5},{"damage":7,"enemies":"Snake Plant","floor":22,"turns":5},{"damage":28,"enemies":"Gremlin Leader","floor":23,"turns":6},{"damage":21,"enemies":"Shelled Parasite and Fungi","floor":25,"turns":6},{"damage":9,"enemies":"Centurion and Healer","floor":27,"turns":4},{"damage":9,"enemies":"Book of Stabbing","floor":31,"turns":7},{"damage":59,"enemies":"Automaton","floor":33,"turns":12}],"seed_played":"-7895589239333976264","potions_obtained":[{"floor":2,"key":"Dexterity Potion"},{"floor":6,"key":"Dexterity Potion"},{"floor":10,"key":"champ:CounterPotion"},{"floor":21,"key":"Slimebound:ThreeZeroPotion"},{"floor":31,"key":"LiquidMemories"}],"is_trial":false,"path_per_floor":["M","M","M","M","M","E","R","?","T","M","?","E","M","M","R","B",null,"M","$","M","M","M","E","R","M","T","M","?","?","R","E","R","B"],"character_chosen":"DEFECT","items_purchased":["Lee\u0027s Waffle","Conserve Battery","Anchor"],"campfire_rested":4,"item_purchase_floors":[19,19,19],"current_hp_per_floor":[72,70,70,66,66,55,55,40,40,40,65,52,52,48,70,47,75,60,82,66,61,54,26,50,29,29,20,20,4,28,19,43,0,0],"gold":390,"neow_bonus":"ONE_RANDOM_RARE_CARD","is_daily":false,"chose_seed":false,"campfire_upgraded":1,"win_rate":0.0,"timestamp":1610935109,"path_taken":["M","M","M","M","M","E","R","?","T","M","?","E","M","M","R","BOSS","M","$","M","M","M","E","R","M","T","M","?","?","R","E","R","BOSS"],"items_purchased_type":["Relic","Card","Relic"],"build_version":"2020-12-22","purchased_purges":0,"victory":false,"max_hp_per_floor":[75,75,75,75,75,75,75,75,75,75,75,75,75,75,75,75,75,75,82,82,82,82,82,82,82,82,82,82,82,82,82,82,82,82],"card_choices":[{"not_picked":["Go for the Eyes","Beam Cell"],"picked":"Auto Shields","floor":1},{"not_picked":["Capacitor","Streamline"],"picked":"Turbo","floor":2},{"not_picked":["Machine Learning","Double Energy"],"picked":"Conserve Battery","floor":3},{"not_picked":["Darkness","Steam"],"picked":"Sweeping Beam","floor":4},{"not_picked":["Undo","Storm"],"picked":"Go for the Eyes","floor":5},{"not_picked":["Steam","Meteor Strike+1"],"picked":"Leap","floor":6},{"not_picked":["Redo","Stack"],"picked":"Gash+1","floor":10},{"not_picked":["Meteor Strike+1","Beam Cell+1"],"picked":"Ball Lightning+1","floor":12},{"not_picked":["Steam Power","Steam","Turbo"],"picked":"SKIP","floor":13},{"not_picked":["Rip and Tear+1","Leap"],"picked":"Ball Lightning+1","floor":14},{"not_picked":["Reboot","Seek"],"picked":"Echo Form","floor":16},{"not_picked":[],"picked":"BootSequence+1","floor":18},{"not_picked":[],"picked":"Conserve Battery","floor":20},{"not_picked":[],"picked":"Conserve Battery+1","floor":21},{"not_picked":[],"picked":"Beam Cell+1","floor":22},{"not_picked":[],"picked":"Biased Cognition","floor":23},{"not_picked":[],"picked":"Redo","floor":25},{"not_picked":["Force Field"],"picked":"SKIP","floor":27},{"not_picked":[],"picked":"Go for the Eyes+1","floor":31}],"player_experience":61587,"relics_obtained":[{"floor":6,"key":"Molten Egg 2"},{"floor":12,"key":"Peace Pipe"},{"floor":23,"key":"MawBank"},{"floor":26,"key":"Art of War"},{"floor":29,"key":"Enchiridion"},{"floor":31,"key":"Happy Flower"}],"event_choices":[{"damage_healed":0,"gold_gain":0,"player_choice":"Entered Light","damage_taken":15,"max_hp_gain":0,"max_hp_loss":0,"event_name":"Shining Light","floor":8,"gold_loss":0,"cards_upgraded":["Go for the Eyes","Defend_B"]},{"damage_healed":25,"gold_gain":0,"player_choice":"Banana","damage_taken":0,"max_hp_gain":0,"max_hp_loss":0,"event_name":"Big Fish","floor":11,"gold_loss":0},{"damage_healed":0,"gold_gain":0,"player_choice":"Obtained Book","damage_taken":16,"max_hp_gain":0,"max_hp_loss":0,"event_name":"Cursed Tome","floor":29,"gold_loss":0}],"is_beta":false,"boss_relics":[{"not_picked":["bronze:MakeshiftBattery","FrozenCore"],"picked":"Busted Crown"}],"items_purged_floors":[],"is_endless":false,"potions_floor_spawned":[2,6,10,14,16,20,21,23,31],"killed_by":"Automaton","ascension_level":1}}