{"host":"la6t950uoatqs0xt","time":1610939036,"event":{"mods":["AchievementEnabler","BaseMod","Colored Powertips","Minty Spire (QoL Compilation)","Quick Restart","Rare Cards Sparkle"],"gold_per_floor":[119,130,130,150,69,69,96,108,143,174,220,244,272,302,314,429,441,468,2,19,19,29,29,29],"floor_reached":23,"language":"ENG","playtime":1370,"items_purged":["Defend_R"],"score":226,"play_id":"f3479dc7-f0c7-4de4-9f4e-bc41d198aee1","local_time":"20210117220355","is_ascension_mode":true,"campfire_choices":[{"data":"Rage","floor":6,"key":"SMITH"},{"data":"Iron Wave","floor":8,"key":"SMITH"},{"data":"Sword Boomerang","floor":15,"key":"SMITH"}],"circlet_count":0,"master_deck":["Strike_R","Strike_R","Strike_R","Strike_R+1","Strike_R","Defend_R","Defend_R","Defend_R","Rage+1","Sword Boomerang+1","Iron Wave+1","Iron Wave+1","Metallicize","Entrench","Shrug It Off","CurseOfTheBell","Carnage","Metallicize","Armaments"],"relics":["Burning Blood","MawBank","Whetstone","Thread and Needle","Calling Bell","Nunchaku","Mummified Hand","Charon\u0027s Ashes","Nloth\u0027s Gift"],"acts_visited":["Exordium","TheCity"],"potions_floor_usage":[11,16,22,23],"damage_taken":[{"damage":5,"enemies":"Jaw Worm","floor":1,"turns":4},{"damage":1,"enemies":"Cultist","floor":2,"turns":4},{"damage":0,"enemies":"2 Louse","floor":4,"turns":3},{"damage":22,"enemies":"3 Sentries","floor":7,"turns":10},{"damage":11,"enemies":"Exordium Thugs","floor":10,"turns":6},{"damage":16,"enemies":"Lagavulin","floor":11,"turns":7},{"damage":0,"enemies":"2 Fungi Beasts","floor":12,"turns":4},{"damage":0,"enemies":"Gremlin Gang","floor":13,"turns":9},{"damage":4,"enemies":"Looter","floor":14,"turns":3},{"damage":43,"enemies":"Hexaghost","floor":16,"turns":13},{"damage":35,"enemies":"Chosen","floor":18,"turns":8},{"damage":0,"enemies":"Spheric Guardian","floor":20,"turns":5},{"damage":37,"enemies":"Snecko","floor":22,"turns":8},{"damage":58,"enemies":"Book of Stabbing","floor":23,"turns":10}],"seed_played":"7530847213732423438","potions_obtained":[{"floor":4,"key":"GamblersBrew"},{"floor":10,"key":"LiquidBronze"},{"floor":11,"key":"Strength Potion"},{"floor":16,"key":"Regen Potion"}],"is_trial":false,"path_per_floor":["M","M","?","M","$","R","E","R","T","M","E","M","M","M","R","B",null,"M","$","M","?","M","E"],"character_chosen":"IRONCLAD","items_purchased":["Metallicize","Shovel","Metallicize","BloodPotion"],"campfire_rested":0,"item_purchase_floors":[5,19,19,19],"current_hp_per_floor":[80,80,80,80,80,80,64,64,64,59,49,55,61,63,63,26,80,51,51,57,57,42,0,0],"gold":29,"neow_bonus":"THREE_CARDS","is_daily":false,"chose_seed":false,"campfire_upgraded":3,"win_rate":0.0,"timestamp":1610939035,"path_taken":["M","M","?","M","$","R","E","R","T","?","E","M","M","M","R","BOSS","M","$","M","?","M","E"],"items_purchased_type":["Card","Relic","Card","Potion"],"build_version":"2020-12-22","purchased_purges":1,"victory":false,"max_hp_per_floor":[80,80,80,80,80,80,80,80,80,80,80,80,80,80,80,80,80,80,80,80,80,80,80,80],"card_choices":[{"not_picked":["Anger","Fire Breathing"],"picked":"Rage","floor":0},{"not_picked":["Sever Soul","Carnage"],"picked":"Sword Boomerang","floor":1},{"not_picked":["Fire Breathing","Wild Strike"],"picked":"Iron Wave","floor":2},{"not_picked":["Reaper","Wild Strike"],"picked":"Iron Wave","floor":4},{"not_picked":["Sword Boomerang","Heavy Blade","Havoc"],"picked":"SKIP","floor":7},{"not_picked":["Pummel","Spot Weakness"],"picked":"Entrench","floor":10},{"not_picked":["Reckless Charge","Thunderclap"],"picked":"Shrug It Off","floor":11},{"not_picked":["True Grit","Anger","Power Through"],"picked":"SKIP","floor":12},{"not_picked":["Searing Blow","Whirlwind","Cleave"],"picked":"SKIP","floor":13},{"not_picked":["Warcry","Clothesline","Uppercut"],"picked":"SKIP","floor":14},{"not_picked":["Inflame","Uppercut"],"picked":"Carnage","floor":18},{"not_picked":["Dropkick+1","Heavy Blade","Shrug It Off"],"picked":"SKIP","floor":20},{"not_picked":["Dual Wield","Limit Break"],"picked":"Armaments","floor":22}],"player_experience":257761,"relics_obtained":[{"floor":7,"key":"MawBank"},{"floor":9,"key":"Whetstone"},{"floor":11,"key":"Thread and Needle"},{"floor":17,"key":"Nunchaku"},{"floor":17,"key":"Mummified Hand"},{"floor":17,"key":"Charon\u0027s Ashes"}],"event_choices":[{"cards_removed":["Bash"],"damage_healed":0,"gold_gain":0,"player_choice":"Purged","damage_taken":0,"max_hp_gain":0,"max_hp_loss":0,"event_name":"Purifier","floor":3,"gold_loss":0},{"damage_healed":0,"gold_gain":0,"player_choice":"Traded Relic","damage_taken":0,"relics_obtained":["Nloth\u0027s Gift"],"max_hp_gain":0,"max_hp_loss":0,"event_name":"N\u0027loth","floor":21,"relics_lost":["Shovel"],"gold_loss":0}],"is_beta":false,"boss_relics":[{"not_picked":["Astrolabe","Coffee Dripper"],"picked":"Calling Bell"}],"items_purged_floors":[19],"is_endless":false,"potions_floor_spawned":[4,10,11,16],"killed_by":"Book of Stabbing","ascension_level":2}}