{"host":"dtvgc7uk609653br","time":1610934352,"event":{"mods":["Arknights The Spire","BaseMod","Downfall","GungeonMod","Hermit","Kratos Character Expansion","Minty Spire (QoL Compilation)","Shade Mod","StSLib","The Bladedancer","The Druid","The Exalted","The Kombatant","The Necromancer"],"gold_per_floor":[143,143,158,158,174,185,196,196,196,211,211,211,211,225,225,322,322,337,337,357,272,371,371,371,388,388,399,0,0,0,10,10,110,110,129,129,54,64,78,78,93,110,110,110,110,14,29,48,48,48],"floor_reached":51,"language":"ENG","playtime":1477,"items_purged":["downfall:Bewildered"],"score":693,"play_id":"c2c83d17-7cd5-40ba-aaa3-6fee5ee9d9f2","local_time":"20210117204552","is_ascension_mode":false,"campfire_choices":[{"data":"KratosMod:Tempor","floor":12.0,"key":"SMITH"},{"data":"KratosMod:Tempor","floor":15.0,"key":"SMITH"},{"floor":23,"key":"REST"},{"floor":30,"key":"REST"},{"data":"KratosMod:Revenge","floor":32,"key":"SMITH"},{"data":"KratosMod:BladeWhip","floor":40,"key":"SMITH"},{"data":"KratosMod:Revenge","floor":45,"key":"SMITH"},{"data":"KratosMod:BladeWhip","floor":49,"key":"SMITH"}],"circlet_count":0,"master_deck":["KratosMod:Strike_K","KratosMod:Strike_K","KratosMod:Strike_K","KratosMod:Strike_K","KratosMod:Defend_K","KratosMod:Defend_K","KratosMod:Defend_K","KratosMod:Defend_K","KratosMod:cyclone","KratosMod:AthenaBane","KratosMod:Endure","KratosMod:ShieldBash","KratosMod:Tempor+1","KratosMod:Tempor+1","KratosMod:BladeWhip+1","KratosMod:Revenge+1","KratosMod:clawsofhades","KratosMod:Revenge+1","KratosMod:BladeWhip+1","KratosMod:clawsofhades","Finesse"],"relics":["KratosMod:eagle","Question Card","Mercury Hourglass","Busted Crown","DemoMod:Antibody","Torii","Blood Vial","Philosopher\u0027s Stone","DemoMod:WhiteGuonStone"],"acts_visited":["Exordium","TheCity","TheBeyond"],"potions_floor_usage":[16,16,33,42,42,42,50],"damage_taken":[{"damage":6.0,"enemies":"Jaw Worm","floor":1.0,"turns":3.0},{"damage":2.0,"enemies":"Small Slimes","floor":3.0,"turns":4.0},{"damage":1.0,"enemies":"Cultist","floor":5.0,"turns":4.0},{"damage":8.0,"enemies":"2 Fungi Beasts","floor":6.0,"turns":4.0},{"damage":11.0,"enemies":"Large Slime","floor":7.0,"turns":6.0},{"damage":0.0,"enemies":"Exordium Thugs","floor":10.0,"turns":4.0},{"damage":12.0,"enemies":"2 Fungi Beasts","floor":14.0,"turns":3.0},{"damage":6,"enemies":"Slime Boss","floor":16,"turns":4},{"damage":14,"enemies":"Spheric Guardian","floor":18,"turns":4},{"damage":15,"enemies":"3 Byrds","floor":20,"turns":3},{"damage":23,"enemies":"Snake Plant","floor":25,"turns":6},{"damage":18,"enemies":"Snecko","floor":27,"turns":4},{"damage":0,"enemies":"Centurion and Healer","floor":31,"turns":4},{"damage":11,"enemies":"Automaton","floor":33,"turns":4},{"damage":10,"enemies":"3 Shapes","floor":35,"turns":4},{"damage":12,"enemies":"Orb Walker","floor":38,"turns":3},{"damage":6,"enemies":"Maw","floor":39,"turns":4},{"damage":13,"enemies":"4 Shapes","floor":41,"turns":3},{"damage":29,"enemies":"Transient","floor":42,"turns":5},{"damage":15,"enemies":"3 Darklings","floor":47,"turns":3},{"damage":5,"enemies":"Sphere and 2 Shapes","floor":48,"turns":2},{"damage":51,"enemies":"Time Eater","floor":50,"turns":6}],"seed_played":"-7602259707324071983","potions_obtained":[{"floor":3.0,"key":"bronze:BurnAndBuffPotion"},{"floor":6.0,"key":"BlessingOfTheForge"},{"floor":7.0,"key":"DistilledChaos"},{"floor":10.0,"key":"DistilledChaos"},{"floor":16,"key":"PowerPotion"},{"floor":20,"key":"LiquidBronze"},{"floor":35,"key":"champ:CounterPotion"},{"floor":42,"key":"DemoMod:LeadSkinPotion"},{"floor":47,"key":"LiquidBronze"}],"is_trial":false,"path_per_floor":["M","$","M","?","M","M","M","?","T","M","?","R","?","M","R","B",null,"M","?","M","?","?","R","?","M","T","M","?","T","R","M","R","B",null,"M","?","$","M","M","R","M","M","T","?","R","$","M","M","R","B",null],"character_chosen":"KRATOS","items_purchased":["Finesse"],"campfire_rested":2,"item_purchase_floors":[46],"current_hp_per_floor":[60,60,58,55,54,46,35,66,66,66,66,66,66,54,54,48,66,52,52,37,37,37,56,56,33,33,15,15,15,53,57,57,50,66,56,56,56,54,66,66,64,66,66,63,63,63,55,63,63,40],"gold":48,"neow_bonus":"TEN_PERCENT_HP_BONUS","is_daily":false,"chose_seed":false,"campfire_upgraded":6,"win_rate":0.0,"timestamp":1610934352,"path_taken":["M","$","M","?","M","M","M","?","T","?","?","R","?","?","R","BOSS","M","?","M","?","?","R","?","M","T","M","?","?","R","M","R","BOSS","M","?","$","M","?","R","M","M","T","?","R","?","M","M","R","BOSS"],"items_purchased_type":["Card"],"build_version":"2020-12-22","purchased_purges":1,"victory":true,"max_hp_per_floor":[66,66,66,66,66,66,66,66,66,66,66,66,66,66,66,66,66,66,66,66,66,66,66,66,66,66,66,66,66,66,66,66,66,66,66,66,66,66,66,66,66,66,66,63,63,63,63,63,63,63],"card_choices":[{"not_picked":["KratosMod:Tempor","KratosMod:Roll"],"picked":"KratosMod:Endure","floor":1.0},{"not_picked":["KratosMod:Roll","KratosMod:clawsofhades"],"picked":"KratosMod:ShieldBash","floor":3.0},{"not_picked":["KratosMod:clawsofhades","KratosMod:settle","KratosMod:Roll"],"picked":"KratosMod:Tempor","floor":5.0},{"not_picked":["KratosMod:SmashStone","KratosMod:Roll","KratosMod:rattle"],"picked":"KratosMod:Tempor","floor":6.0},{"not_picked":["KratosMod:ShieldBash","KratosMod:Tempor","KratosMod:ablockalypse"],"picked":"KratosMod:conjuresoul","floor":7.0},{"not_picked":["KratosMod:Roll","KratosMod:settle","KratosMod:conjuresoul","KratosMod:SmashStone"],"picked":"SKIP","floor":10.0},{"not_picked":["KratosMod:Roll","KratosMod:SmashStone","KratosMod:Endure"],"picked":"KratosMod:BladeWhip","floor":14.0},{"not_picked":["KratosMod:styx","KratosMod:tartarusrage","KratosMod:kBerserk"],"picked":"KratosMod:Revenge","floor":16},{"not_picked":["KratosMod:Endure","KratosMod:rattle"],"picked":"SKIP","floor":18},{"not_picked":["KratosMod:Roll","KratosMod:ShieldBash+1"],"picked":"SKIP","floor":20},{"not_picked":["KratosMod:Roll","KratosMod:ShieldBash+1"],"picked":"SKIP","floor":20},{"not_picked":["KratosMod:Tempor","KratosMod:Endure+1"],"picked":"SKIP","floor":25},{"not_picked":["KratosMod:Endure"],"picked":"KratosMod:clawsofhades","floor":27},{"not_picked":["KratosMod:Roll+1","KratosMod:Tempor"],"picked":"SKIP","floor":31},{"not_picked":["KratosMod:ablockalypse"],"picked":"KratosMod:Revenge","floor":33},{"not_picked":["KratosMod:Roll"],"picked":"KratosMod:BladeWhip","floor":35},{"not_picked":["KratosMod:conjuresoul+1"],"picked":"KratosMod:clawsofhades","floor":38},{"not_picked":["KratosMod:Endure","KratosMod:clawsofhades"],"picked":"SKIP","floor":39},{"not_picked":["KratosMod:Endure","KratosMod:Roll"],"picked":"SKIP","floor":41},{"not_picked":["KratosMod:BladeWhip+1","KratosMod:conjuresoul+1"],"picked":"SKIP","floor":42},{"not_picked":["KratosMod:BladeWhip+1","KratosMod:Tempor+1"],"picked":"SKIP","floor":47},{"not_picked":["KratosMod:Tempor+1","KratosMod:conjuresoul+1"],"picked":"SKIP","floor":48}],"player_experience":554770,"relics_obtained":[{"floor":9.0,"key":"Mercury Hourglass"},{"floor":26,"key":"Torii"},{"floor":29,"key":"Blood Vial"},{"floor":43,"key":"DemoMod:WhiteGuonStone"}],"event_choices":[{"damage_healed":0.0,"max_hp_gain":0.0,"max_hp_loss":0.0,"gold_gain":0.0,"event_name":"Scrap Ooze","player_choice":"Success","floor":4.0,"gold_loss":0.0,"damage_taken":3.0,"relics_obtained":["Question Card"]},{"cards_removed":["KratosMod:conjuresoul"],"damage_healed":31.0,"max_hp_gain":0.0,"max_hp_loss":0.0,"gold_gain":0.0,"event_name":"Bonfire Elementals","player_choice":"Offered Uncommon","floor":8.0,"gold_loss":0.0,"damage_taken":0.0},{"damage_healed":0.0,"max_hp_gain":0.0,"max_hp_loss":0.0,"gold_gain":0.0,"event_name":"Liars Game","player_choice":"Ignored","floor":11.0,"gold_loss":0.0,"damage_taken":0.0},{"damage_healed":0.0,"max_hp_gain":0.0,"max_hp_loss":0.0,"gold_gain":0.0,"event_name":"Match and Keep!","player_choice":"0 cards matched","floor":13.0,"gold_loss":0.0,"damage_taken":0.0,"cards_obtained":[]},{"damage_healed":0,"gold_gain":0,"player_choice":"Ignored","damage_taken":0,"max_hp_gain":0,"max_hp_loss":0,"event_name":"Cursed Tome","floor":19,"gold_loss":0},{"damage_healed":0,"gold_gain":0,"player_choice":"Obtained Relic","damage_taken":0,"relics_obtained":["DemoMod:Antibody"],"max_hp_gain":0,"max_hp_loss":0,"event_name":"Addict","floor":21,"gold_loss":85},{"damage_healed":0,"gold_gain":99,"player_choice":"Stole From Cult","damage_taken":0,"max_hp_gain":0,"max_hp_loss":0,"event_name":"Nest","floor":22,"gold_loss":0},{"damage_healed":0,"gold_gain":0,"player_choice":"Ignored","damage_taken":0,"max_hp_gain":0,"max_hp_loss":0,"event_name":"Vampires","floor":24,"gold_loss":0},{"damage_healed":0,"gold_gain":0,"player_choice":"Paid Fearfully","damage_taken":0,"max_hp_gain":0,"max_hp_loss":0,"event_name":"Masked Bandits","floor":28,"gold_loss":399},{"damage_healed":0,"gold_gain":0,"player_choice":"1 cards matched","damage_taken":0,"max_hp_gain":0,"max_hp_loss":0,"event_name":"Match and Keep!","floor":36,"gold_loss":0,"cards_obtained":["downfall:Bewildered"]},{"damage_healed":0,"gold_gain":0,"player_choice":"Max HP","damage_taken":0,"max_hp_gain":0,"max_hp_loss":3,"event_name":"Winding Halls","floor":44,"gold_loss":0}],"is_beta":false,"boss_relics":[{"not_picked":["Bromod:ArcaneBarrier","Empty Cage"],"picked":"Busted Crown"},{"not_picked":["Calling Bell","Pandora\u0027s Box"],"picked":"Philosopher\u0027s Stone"}],"items_purged_floors":[37],"is_endless":false,"potions_floor_spawned":[3,6,7,10,14,16,20,31,35,42,47],"ascension_level":0}}