{"host":"w3q5ijqu8eoknil3","time":1610969385,"event":{"mods":["AchievementEnabler","BaseMod","Block Reminder","Colored Map","Colored Powertips","Curses Come First","Dark Map","Minty Spire (QoL Compilation)","Quick Restart","Relic Stats","StSLib","ojb\u0027s Better Paths Mod","ojb\u0027s Info Mod","slay the spire mod where everything is the same but ironclad has a cowboy hat"],"gold_per_floor":[118,118,118,118,133,168,168,185,209,209,240,253,253,270,270,347,347,365,77,127,145,145,145,145],"floor_reached":23,"language":"ENG","playtime":644,"items_purged":[],"score":426,"play_id":"557d804d-1bef-4923-b08d-73838596e321","local_time":"20210118112945","is_ascension_mode":true,"campfire_choices":[{"data":"Blade Dance","floor":7.0,"key":"SMITH"},{"data":"Footwork","floor":10.0,"key":"SMITH"},{"data":"PiercingWail","floor":13.0,"key":"SMITH"},{"data":"Sucker Punch","floor":15.0,"key":"SMITH"}],"circlet_count":0,"master_deck":["AscendersBane","Survivor","Neutralize","PiercingWail+1","Blade Dance+1","Footwork+1","Acrobatics","Outmaneuver","Sucker Punch+1","Venomology","Envenom","Slice","Dagger Spray","Dodge and Roll","Grand Finale","Backstab","Setup","Dash","Reflex","Reflex","All Out Attack","Bouncing Flask","Skewer","Leg Sweep"],"relics":["Ring of the Snake","NeowsBlessing","Potion Belt","Snake Skull","Pen Nib","Pandora\u0027s Box","Lee\u0027s Waffle","Nloth\u0027s Gift"],"acts_visited":["Exordium","TheCity"],"potions_floor_usage":[23,23,23],"damage_taken":[{"damage":0.0,"enemies":"2 Louse","floor":1.0,"turns":1.0},{"damage":0.0,"enemies":"Jaw Worm","floor":5.0,"turns":1.0},{"damage":0.0,"enemies":"Gremlin Nob","floor":6.0,"turns":1.0},{"damage":0.0,"enemies":"Cultist","floor":8.0,"turns":3.0},{"damage":9.0,"enemies":"3 Sentries","floor":11.0,"turns":8.0},{"damage":0.0,"enemies":"2 Fungi Beasts","floor":12.0,"turns":2.0},{"damage":0.0,"enemies":"Exordium Wildlife","floor":14.0,"turns":3.0},{"damage":32.0,"enemies":"Hexaghost","floor":16.0,"turns":11.0},{"damage":15.0,"enemies":"2 Thieves","floor":18.0,"turns":4.0},{"damage":33,"enemies":"Spheric Guardian","floor":21,"turns":4},{"damage":55,"enemies":"Gremlin Leader","floor":23,"turns":4}],"seed_played":"3760476598654845716","potions_obtained":[{"floor":5.0,"key":"LiquidBronze"},{"floor":6.0,"key":"FearPotion"},{"floor":11.0,"key":"EssenceOfSteel"},{"floor":14.0,"key":"Energy Potion"}],"is_trial":false,"path_per_floor":["M","?","?","T","M","E","R","M","T","R","E","M","R","M","R","B",null,"M","$","?","M","?","E"],"character_chosen":"THE_SILENT","items_purchased":["Lee\u0027s Waffle","Bouncing Flask","Skewer"],"campfire_rested":0,"item_purchase_floors":[19,19,19],"current_hp_per_floor":[59,64,64,64,64,64,64,64,64,64,55,55,55,55,55,23,59,44,78,78,45,45,0,0],"gold":145,"neow_bonus":"THREE_ENEMY_KILL","is_daily":false,"chose_seed":false,"campfire_upgraded":4,"win_rate":0.0,"timestamp":1610969385,"path_taken":["M","?","?","?","?","E","R","M","T","R","E","M","R","M","R","BOSS","M","$","?","M","?","E"],"items_purchased_type":["Relic","Card","Card"],"build_version":"2020-12-22","purchased_purges":0,"victory":false,"max_hp_per_floor":[66,71,71,71,71,71,71,71,71,71,71,71,71,71,71,71,71,71,78,78,78,78,78,78],"relic_stats":{"Lee\u0027s Waffle":34,"counters":[11,41],"Pandora\u0027s Box":["Slice","Dagger Spray","Dodge and Roll","Grand Finale","Backstab","Setup","Dash","Reflex","Reflex","All Out Attack"],"Snake Skull":[17],"Pen Nib":[8],"Nloth\u0027s Gift":0,"obtain_stats":[{"Potion Belt":6,"Lee\u0027s Waffle":19,"NeowsBlessing":0,"Pandora\u0027s Box":17,"Snake Skull":9,"Pen Nib":11,"Nloth\u0027s Gift":22,"Ring of the Snake":0,"Mercury Hourglass":4},{"Potion Belt":3,"Lee\u0027s Waffle":9,"NeowsBlessing":0,"Pandora\u0027s Box":8,"Snake Skull":4,"Pen Nib":5,"Nloth\u0027s Gift":10,"Ring of the Snake":0,"Mercury Hourglass":1},{"Potion Belt":3,"Lee\u0027s Waffle":33,"NeowsBlessing":0,"Pandora\u0027s Box":29,"Snake Skull":6,"Pen Nib":14,"Nloth\u0027s Gift":37,"Ring of the Snake":0,"Mercury Hourglass":1}],"Ring of the Snake":[22]},"card_choices":[{"not_picked":["Backflip","Deflect"],"picked":"PiercingWail","floor":1.0},{"not_picked":["Acrobatics","Tactician"],"picked":"Blade Dance","floor":5.0},{"not_picked":["Expertise","Backstab"],"picked":"Footwork","floor":6.0},{"not_picked":["Deadly Poison","Outmaneuver"],"picked":"Acrobatics","floor":8.0},{"not_picked":["Deflect","Dodge and Roll"],"picked":"Outmaneuver","floor":11.0},{"not_picked":["Deflect","Acrobatics"],"picked":"Sucker Punch","floor":12.0},{"not_picked":["Acrobatics","Flying Knee"],"picked":"Venomology","floor":14.0},{"not_picked":["Grand Finale","Die Die Die"],"picked":"Envenom","floor":16.0},{"not_picked":["Dagger Spray","Dodge and Roll","Accuracy+1"],"picked":"SKIP","floor":18.0},{"not_picked":["Acrobatics","Dagger Throw"],"picked":"Leg Sweep","floor":21}],"player_experience":990643,"relics_obtained":[{"floor":4.0,"key":"Mercury Hourglass"},{"floor":6.0,"key":"Potion Belt"},{"floor":9.0,"key":"Snake Skull"},{"floor":11.0,"key":"Pen Nib"}],"event_choices":[{"damage_healed":0.0,"max_hp_gain":5.0,"max_hp_loss":0.0,"gold_gain":0.0,"event_name":"Big Fish","player_choice":"Donut","floor":2.0,"gold_loss":0.0,"damage_taken":0.0},{"damage_healed":0.0,"max_hp_gain":0.0,"max_hp_loss":0.0,"gold_gain":0.0,"event_name":"Liars Game","player_choice":"Ignored","floor":3.0,"gold_loss":0.0,"damage_taken":0.0},{"damage_healed":0,"gold_gain":50,"player_choice":"Stole From Cult","damage_taken":0,"max_hp_gain":0,"max_hp_loss":0,"event_name":"Nest","floor":20,"gold_loss":0},{"damage_healed":0,"gold_gain":0,"player_choice":"Traded Relic","damage_taken":0,"relics_obtained":["Nloth\u0027s Gift"],"max_hp_gain":0,"max_hp_loss":0,"event_name":"N\u0027loth","floor":22,"relics_lost":["Mercury Hourglass"],"gold_loss":0}],"is_beta":false,"boss_relics":[{"not_picked":["Runic Dome","Cursed Key"],"picked":"Pandora\u0027s Box"}],"items_purged_floors":[],"is_endless":false,"potions_floor_spawned":[5,6,11,14],"killed_by":"Gremlin Leader","ascension_level":18}}