{"host":"w3q5ijqu8eoknil3","time":1610948019,"event":{"mods":["AchievementEnabler","BaseMod","Block Reminder","Colored Map","Colored Powertips","Curses Come First","Dark Map","Minty Spire (QoL Compilation)","Quick Restart","Relic Stats","StSLib","ojb\u0027s Better Paths Mod","ojb\u0027s Info Mod","slay the spire mod where everything is the same but ironclad has a cowboy hat"],"gold_per_floor":[119,131,142,161,86,86,118,118,118,118,128,128,155,173,173,173,173],"floor_reached":16,"language":"ENG","playtime":667,"items_purged":[],"score":213,"play_id":"4d3e8d90-0d4b-4100-aa95-30559816ae0a","local_time":"20210118053339","is_ascension_mode":true,"campfire_choices":[{"data":"Dagger Spray","floor":6,"key":"SMITH"},{"floor":12,"key":"REST"},{"data":"Footwork","floor":15,"key":"SMITH"}],"circlet_count":0,"master_deck":["AscendersBane","Strike_G","Strike_G","Strike_G","Strike_G","Defend_G","Defend_G","Defend_G","Defend_G","Defend_G+1","Survivor","Neutralize","PiercingWail","Dagger Spray+1","Well Laid Plans","Footwork+1","Skewer+1","Crippling Poison","Finisher"],"relics":["Ring of the Snake","FossilizedHelix","PreservedInsect","Bronze Scales","Singing Bowl"],"acts_visited":["Exordium"],"potions_floor_usage":[7,16,16],"damage_taken":[{"damage":7,"enemies":"2 Louse","floor":1,"turns":4},{"damage":10,"enemies":"Jaw Worm","floor":2,"turns":8},{"damage":2,"enemies":"Small Slimes","floor":3,"turns":3},{"damage":1,"enemies":"2 Fungi Beasts","floor":4,"turns":4},{"damage":9,"enemies":"3 Sentries","floor":7,"turns":8},{"damage":0,"enemies":"Looter","floor":11,"turns":3},{"damage":1,"enemies":"Lagavulin","floor":13,"turns":6},{"damage":6,"enemies":"Blue Slaver","floor":14,"turns":3},{"damage":21,"enemies":"Slime Boss","floor":16,"turns":10}],"seed_played":"6225637894068638516","potions_obtained":[{"floor":3,"key":"Poison Potion"},{"floor":7,"key":"Block Potion"},{"floor":13,"key":"GamblersBrew"}],"is_trial":false,"path_per_floor":["M","M","M","M","?","R","E","?","T","?","M","R","E","M","R","B"],"character_chosen":"THE_SILENT","items_purchased":[],"campfire_rested":1,"item_purchase_floors":[],"current_hp_per_floor":[52,42,40,39,39,39,30,23,23,3,3,22,21,17,17,0,0],"gold":173,"neow_bonus":"ONE_RARE_RELIC","is_daily":false,"chose_seed":false,"campfire_upgraded":2,"win_rate":0.0,"timestamp":1610948019,"path_taken":["M","M","M","M","?","R","E","?","T","?","M","R","E","M","R","BOSS"],"items_purchased_type":[],"build_version":"2020-12-22","purchased_purges":0,"victory":false,"max_hp_per_floor":[66,66,66,66,66,66,66,66,66,66,66,66,66,68,68,68,68],"relic_stats":{"Singing Bowl":2,"counters":[9,49],"Bronze Scales":[33],"PreservedInsect":29,"obtain_stats":[{"Singing Bowl":13,"Bronze Scales":9,"PreservedInsect":7,"FossilizedHelix":0,"Ring of the Snake":0},{"Singing Bowl":7,"Bronze Scales":5,"PreservedInsect":5,"FossilizedHelix":0,"Ring of the Snake":0},{"Singing Bowl":36,"Bronze Scales":27,"PreservedInsect":27,"FossilizedHelix":0,"Ring of the Snake":0}],"Ring of the Snake":[18]},"card_choices":[{"not_picked":["Outmaneuver","Quick Slash"],"picked":"PiercingWail","floor":1},{"not_picked":["Outmaneuver","Dagger Throw"],"picked":"Dagger Spray","floor":2},{"not_picked":["Dodge and Roll","Distraction"],"picked":"Well Laid Plans","floor":3},{"not_picked":["Bane","Calculated Gamble"],"picked":"Footwork","floor":4},{"not_picked":["A Thousand Cuts","Cloak And Dagger"],"picked":"Skewer","floor":7},{"not_picked":["Cloak And Dagger","Acrobatics"],"picked":"Crippling Poison","floor":11},{"not_picked":["Quick Slash","Flying Knee"],"picked":"Finisher","floor":13},{"not_picked":["Dagger Spray","Outmaneuver","Expertise"],"picked":"Singing Bowl","floor":14}],"player_experience":987710,"relics_obtained":[{"floor":7,"key":"PreservedInsect"},{"floor":9,"key":"Bronze Scales"},{"floor":13,"key":"Singing Bowl"}],"event_choices":[{"cards_removed":["Pain"],"damage_healed":0,"gold_gain":0,"player_choice":"Card Removal","damage_taken":0,"max_hp_gain":0,"max_hp_loss":0,"event_name":"The Cleric","floor":5,"gold_loss":75},{"cards_removed":["Strike_G"],"damage_healed":0,"gold_gain":0,"player_choice":"Card Removal","damage_taken":7,"max_hp_gain":0,"max_hp_loss":0,"event_name":"Golden Wing","floor":8,"gold_loss":0},{"damage_healed":0,"gold_gain":0,"player_choice":"Entered Light","damage_taken":20,"max_hp_gain":0,"max_hp_loss":0,"event_name":"Shining Light","floor":10,"gold_loss":0,"cards_upgraded":["Skewer","Defend_G"]}],"is_beta":false,"boss_relics":[],"items_purged_floors":[],"is_endless":false,"potions_floor_spawned":[3,7,13,14],"killed_by":"Slime Boss","ascension_level":18}}