{"host":"bw00wb7p5bw58om7","time":1610972915,"event":{"mods":["Act Like it!","BaseMod","Better Third Choice","CapriCore","Chen","Downfall","Gensokyo","Koishi","KomeijiMod","Marisa????????","Minty Spire (QoL Compilation)","Onozuka Komachi Mod","Permanent Neow","Prisma Mod","Reimu??????","Remilia??????","StSLib","The Administrix","The Immortal","The Senshi","The Servant 0.9.4","Yakumo Yukari mod"],"gold_per_floor":[113,113,39,57,69,69,86,114,114,114,114,114,114],"floor_reached":12,"language":"ENG","playtime":523,"items_purged":[],"score":81,"play_id":"953ad752-08ab-49c1-8d89-04d1922106e0","local_time":"20210118122835","is_ascension_mode":true,"campfire_choices":[{"data":"OortCloud","floor":6,"key":"SMITH"},{"data":"PropBag","floor":10,"key":"SMITH"}],"circlet_count":0,"master_deck":["Strike_MRS","Strike_MRS","Strike_MRS","Strike_MRS","Defend_MRS","Defend_MRS","Defend_MRS","Defend_MRS","MasterSpark","UpSweep","BinaryStars","MagicAbsorber","6A","WitchLeyline","RefractionSpark","GasGiant","OortCloud+1","MeteoricShower","PropBag+1"],"relics":["MiniHakkero","Du-Vu Doll","Toxic Egg 2","Blue Candle"],"acts_visited":["Gensokyo:Gensokyo"],"potions_floor_usage":[],"damage_taken":[{"damage":8,"enemies":"Gensokyo:Gryphon","floor":1,"turns":4},{"damage":6,"enemies":"Gensokyo:Python","floor":4,"turns":3},{"damage":0,"enemies":"Gensokyo:2_Kodama","floor":5,"turns":4},{"damage":7,"enemies":"Gensokyo:Gryphon_and_Rabbit","floor":7,"turns":5},{"damage":11,"enemies":"Gensokyo:Mamizou","floor":8,"turns":8},{"damage":5,"enemies":"Gensokyo:Cirno","floor":12,"turns":2}],"seed_played":"-7886140266648978849","potions_obtained":[{"floor":1,"key":"ZuzhouPotion:ReiMu"}],"is_trial":false,"path_per_floor":["M","?","$","M","M","R","M","E","T","R","?","E"],"character_chosen":"MARISA","items_purchased":["RefractionSpark"],"campfire_rested":0,"item_purchase_floors":[3],"current_hp_per_floor":[67,67,67,61,61,61,54,43,43,43,43,38,38],"gold":114,"neow_bonus":"ONE_RANDOM_RARE_CARD","is_daily":false,"chose_seed":false,"campfire_upgraded":2,"win_rate":0.0,"timestamp":1610972915,"path_taken":["M","?","$","M","?","R","M","E","T","R","?","E"],"items_purchased_type":["Card"],"build_version":"2020-12-22","purchased_purges":0,"victory":false,"max_hp_per_floor":[75,75,75,75,75,75,75,75,75,75,75,75,75],"card_choices":[{"not_picked":["OrrerysSun","Occultation"],"picked":"MagicAbsorber","floor":1},{"not_picked":["DC","SprinkleStarSeal"],"picked":"6A","floor":2},{"not_picked":["SuperPerseids","PulseMagic"],"picked":"WitchLeyline","floor":2},{"not_picked":["MilkyWay","ChargingUp"],"picked":"GasGiant","floor":4},{"not_picked":["PowerUp","LuminesStrike"],"picked":"OortCloud","floor":5},{"not_picked":["WitchLeyline","SprinkleStarSeal"],"picked":"MeteoricShower","floor":7},{"not_picked":["NonDirectionalLaser","SporeBomb"],"picked":"PropBag","floor":8}],"player_experience":263795,"relics_obtained":[{"floor":8,"key":"Du-Vu Doll"},{"floor":9,"key":"Toxic Egg 2"}],"event_choices":[],"is_beta":false,"boss_relics":[],"items_purged_floors":[],"is_endless":false,"potions_floor_spawned":[1],"killed_by":"Gensokyo:Cirno","ascension_level":1}}