{"host":"mku5fdaoqz3qihec","time":1610944567,"event":{"mods":["2.2 Compatiblity","AchievementEnabler","Arknights The Spire","BaseMod","Colored Map","Colored Powertips","Minty Spire (QoL Compilation)","Rare Cards Sparkle","StSLib","SuperFastMode"],"gold_per_floor":[366,40,57,57,57,57,90,102,114,126,126],"floor_reached":10,"language":"KOR","playtime":300,"items_purged":["ats:Strike V"],"score":70,"play_id":"4899d0b7-2ce0-4722-8656-73aab45361bd","local_time":"20210118133607","is_ascension_mode":true,"campfire_choices":[{"data":"ats:Counter Healing Mode","floor":6,"key":"SMITH"},{"data":"ats:Cat Scratch","floor":8,"key":"SMITH"}],"circlet_count":0,"master_deck":["ats:Strike C","ats:Strike G","ats:Strike S","ats:Armor Crushing Shot","ats:Defend","ats:Defend","ats:Defend","ats:Defend","ats:Emotion Absorption","ats:Shell Defense","ats:Apocalypse","ats:Counter Healing Mode+1","ats:Cat Scratch+1"],"relics":["ats:Sanity","ats:Attack","Ginger","ats:Lavender","ats:Originium","MawBank","ats:Hidden Killer"],"acts_visited":["Exordium"],"potions_floor_usage":[],"damage_taken":[{"damage":14,"enemies":"Cultist","floor":1,"turns":5},{"damage":0,"enemies":"Small Slimes","floor":3,"turns":5},{"damage":142,"enemies":"Lagavulin","floor":7,"turns":18},{"damage":32,"enemies":"3 Sentries","floor":10,"turns":5}],"seed_played":"-2890813274799975601","potions_obtained":[{"floor":3,"key":"SteroidPotion"},{"floor":7,"key":"Ancient Potion"}],"is_trial":false,"path_per_floor":["M","$","M","?","$","R","E","R","T","E"],"character_chosen":"DOCTOR_CLASS","items_purchased":["ats:Attack","ats:Apocalypse","ats:Counter Healing Mode","ats:Lavender"],"campfire_rested":0,"item_purchase_floors":[2,2,2,5],"current_hp_per_floor":[51,51,62,62,62,62,15,15,15,0,0],"gold":126,"neow_bonus":"TWO_FIFTY_GOLD","is_daily":false,"chose_seed":false,"campfire_upgraded":2,"win_rate":0.0,"timestamp":1610944567,"path_taken":["M","?","M","?","$","R","E","R","T","E"],"items_purchased_type":["Relic","Card","Card","Relic"],"build_version":"2020-12-22","purchased_purges":1,"victory":false,"max_hp_per_floor":[65,65,65,65,65,65,65,65,65,65,65],"card_choices":[{"not_picked":["ats:Cat Scratch","ats:Assault Order"],"picked":"ats:Shell Defense","floor":1},{"not_picked":["ats:Automatic Cover","ats:Neurotoxin","ats:Sunburst"],"picked":"SKIP","floor":3},{"not_picked":["ats:Apocalypse","ats:Revitalization"],"picked":"ats:Cat Scratch","floor":7}],"player_experience":255162,"relics_obtained":[{"floor":7,"key":"ats:Originium"},{"floor":7,"key":"MawBank"},{"floor":9,"key":"ats:Hidden Killer"}],"event_choices":[{"damage_healed":0,"gold_gain":0,"player_choice":"Gave Potion","damage_taken":0,"relics_obtained":["Ginger"],"max_hp_gain":0,"max_hp_loss":0,"event_name":"WeMeetAgain","floor":4,"gold_loss":0}],"is_beta":false,"boss_relics":[],"items_purged_floors":[2],"is_endless":false,"potions_floor_spawned":[3,7],"killed_by":"3 Sentries","ascension_level":2}}