{"host":"19r1ww88x2tc73i0","time":1610995609,"event":{"mods":["BaseMod","BetterRewards","Colored Map","Minty Spire (QoL Compilation)","Relic Stats","StSLib","SuperFastMode","slay the spire mod where everything is the same but ironclad has a cowboy hat"],"gold_per_floor":[116,116,128,128,143,143,158,189,189,217,227,277,305,325,325,404,404,415,355,355,65,65,65,103,103,156,199,199,136,51,72,72,155,155,171,121,150,42,71,71,113,132,187,216,20,364,373,385,385,385,385,385,385,17,61,61,61],"floor_reached":56,"language":"ENG","playtime":3956,"items_purged":["Strike_B","Strike_B","Clumsy"],"score":2026,"play_id":"6953493d-0f04-47d5-bcea-d386877a7b7d","local_time":"25640119014649","is_ascension_mode":true,"campfire_choices":[{"data":"Reprogram","floor":6.0,"key":"SMITH"},{"data":"Reboot","floor":15.0,"key":"SMITH"},{"data":"Hologram","floor":23.0,"key":"SMITH"},{"data":"Reinforced Body","floor":25.0,"key":"SMITH"},{"floor":28.0,"key":"REST"},{"data":"Fusion","floor":32.0,"key":"SMITH"},{"data":"True Grit","floor":40.0,"key":"SMITH"},{"floor":49.0,"key":"RECALL"},{"data":"Adrenaline","floor":53.0,"key":"SMITH"}],"circlet_count":0,"master_deck":["AscendersBane","Strike_B+1","Defend_B+1","Defend_B+1","Defend_B+1","Defend_B+1","Echo Form","Reinforced Body+1","Rebound+1","Auto Shields+1","Sweeping Beam+1","Reprogram+1","Steam","Reboot+1","Leap+1","Genetic Algorithm","Streamline+1","Echo Form","Buffer+1","Genetic Algorithm+1","Hologram+1","Stack","Aggregate+1","Fusion+1","Wraith Form v2+1","Clothesline","True Grit+1","Adrenaline+1","Gash+1","Hologram","Capacitor","Gash+1","Rebound","Melter","DevaForm"],"relics":["Cracked Core","PreservedInsect","Medical Kit","Vajra","Bronze Scales","The Courier","Shuriken","InkBottle","Emotion Chip","Astrolabe","Membership Card","White Beast Statue","CeramicFish","MealTicket","Eternal Feather","PrismaticShard","Regal Pillow","Cursed Key","Bottled Lightning","Whetstone","Potion Belt","Lantern","Old Coin","Oddly Smooth Stone","War Paint","Sling","Anchor","Mercury Hourglass"],"acts_visited":["Exordium","TheCity","TheBeyond","TheEnding"],"potions_floor_usage":[56,56,56,56],"damage_taken":[{"damage":4.0,"enemies":"Small Slimes","floor":1.0,"turns":3.0},{"damage":10.0,"enemies":"2 Louse","floor":3.0,"turns":3.0},{"damage":0.0,"enemies":"Cultist","floor":5.0,"turns":3.0},{"damage":0.0,"enemies":"3 Louse","floor":7.0,"turns":3.0},{"damage":3.0,"enemies":"Lagavulin","floor":8.0,"turns":4.0},{"damage":4.0,"enemies":"3 Sentries","floor":10.0,"turns":4.0},{"damage":2.0,"enemies":"Red Slaver","floor":11.0,"turns":3.0},{"damage":9.0,"enemies":"Gremlin Nob","floor":13.0,"turns":3.0},{"damage":7.0,"enemies":"Large Slime","floor":14.0,"turns":4.0},{"damage":6.0,"enemies":"Hexaghost","floor":16.0,"turns":8.0},{"damage":14.0,"enemies":"Spheric Guardian","floor":18.0,"turns":7.0},{"damage":18.0,"enemies":"Gremlin Leader","floor":24.0,"turns":7.0},{"damage":29.0,"enemies":"Book of Stabbing","floor":27.0,"turns":4.0},{"damage":0.0,"enemies":"3 Byrds","floor":31.0,"turns":2.0},{"damage":14.0,"enemies":"Champ","floor":33.0,"turns":12.0},{"damage":0.0,"enemies":"3 Darklings","floor":35.0,"turns":8.0},{"damage":1.0,"enemies":"Orb Walker","floor":37.0,"turns":4.0},{"damage":2.0,"enemies":"Spire Growth","floor":39.0,"turns":8.0},{"damage":0.0,"enemies":"Giant Head","floor":41.0,"turns":13.0},{"damage":0.0,"enemies":"Maw","floor":42.0,"turns":10.0},{"damage":2.0,"enemies":"4 Shapes","floor":44.0,"turns":5.0},{"damage":11.0,"enemies":"Nemesis","floor":46.0,"turns":13.0},{"damage":11.0,"enemies":"Sphere and 2 Shapes","floor":48.0,"turns":6.0},{"damage":6.0,"enemies":"Awakened One","floor":50.0,"turns":10.0},{"damage":28.0,"enemies":"Time Eater","floor":51.0,"turns":12.0},{"damage":34.0,"enemies":"Shield and Spear","floor":55.0,"turns":8.0},{"damage":42,"enemies":"The Heart","floor":56,"turns":11}],"seed_played":"-2805530441978345819","potions_obtained":[{"floor":5.0,"key":"ColorlessPotion"},{"floor":7.0,"key":"SpeedPotion"},{"floor":8.0,"key":"DuplicationPotion"},{"floor":10.0,"key":"Energy Potion"},{"floor":24.0,"key":"Ancient Potion"},{"floor":27.0,"key":"DuplicationPotion"},{"floor":31.0,"key":"LiquidMemories"},{"floor":35.0,"key":"FearPotion"},{"floor":46.0,"key":"PotionOfCapacity"},{"floor":48.0,"key":"PowerPotion"}],"is_trial":false,"path_per_floor":["M","?","M","?","M","R","M","E","T","E","M","?","E","M","R","B",null,"M","$","?","$","?","R","E","R","T","E","R","$","?","M","R","B",null,"M","?","M","$","M","R","E","M","T","M","$","E","?","M","R","B","B",null,"R","$","E","B"],"character_chosen":"DEFECT","items_purchased":["PreservedInsect","Medical Kit","Vajra","Bronze Scales","Echo Form","Reinforced Body","Rebound","Membership Card","White Beast Statue","PrismaticShard","Bottled Lightning","Capacitor","Potion Belt","Lantern","Oddly Smooth Stone","War Paint","Dexterity Potion","DuplicationPotion","Sling","Anchor","Melter","LiquidBronze"],"campfire_rested":1,"item_purchase_floors":[0,0,0,0,0,0,0,21,21,29,38,45,45,45,54,54,54,54,54,54,54,54],"current_hp_per_floor":[60,65,55,55,55,55,55,52,52,48,46,46,37,30,30,24,63,49,49,64,64,64,64,46,46,46,17,51,66,66,66,76,62,73,73,73,72,76,74,76,76,76,76,74,76,65,65,54,72,66,38,67,76,76,42,0,0],"gold":61,"neow_bonus":"","is_daily":false,"chose_seed":false,"campfire_upgraded":7,"win_rate":0.0,"timestamp":1610995609,"path_taken":["M","?","M","?","M","R","M","E","T","E","?","?","E","M","R","BOSS","M","$","?","$","?","R","E","R","T","E","R","$","?","M","R","BOSS","M","?","?","$","M","R","E","M","T","M","$","E","?","?","R","BOSS","BOSS","R","$","E","BOSS"],"items_purchased_type":["Relic","Relic","Relic","Relic","Card","Card","Card","Relic","Relic","Relic","Relic","Card","Relic","Relic","Relic","Relic","Potion","Potion","Relic","Relic","Card","Potion"],"build_version":"2020-12-22","purchased_purges":3,"victory":false,"max_hp_per_floor":[71,76,76,76,76,76,76,76,76,76,76,76,76,76,76,76,76,76,76,76,76,76,76,76,76,76,76,76,76,76,76,76,76,76,76,76,76,76,76,76,76,76,76,76,76,76,76,76,76,76,76,76,76,76,76,76,76],"relic_stats":{"Regal Pillow":0,"counters":[27,178],"Astrolabe":["Sunder","Buffer","Genetic Algorithm"],"CeramicFish":135,"Eternal Feather":51,"PreservedInsect":428,"Whetstone":["Streamline","Rebound"],"War Paint":["Auto Shields","Leap"],"Medical Kit":[18],"Cursed Key":1,"Mercury Hourglass":[33],"Emotion Chip":[36,23,0,0,13],"Shuriken":[34],"Bronze Scales":[693],"MealTicket":21,"obtain_stats":[{"Regal Pillow":30,"Lantern":45,"CeramicFish":24,"Vajra":0,"Whetstone":41,"PrismaticShard":29,"Cursed Key":34,"Sling":54,"Old Coin":46,"Emotion Chip":13,"MealTicket":26,"Cracked Core":0,"InkBottle":10,"Potion Belt":45,"Astrolabe":17,"Oddly Smooth Stone":54,"Eternal Feather":27,"PreservedInsect":0,"The Courier":8,"War Paint":54,"Medical Kit":0,"White Beast Statue":21,"Mercury Hourglass":55,"Anchor":54,"Shuriken":9,"Bronze Scales":0,"Membership Card":21,"Bottled Lightning":38},{"Regal Pillow":13,"Lantern":21,"CeramicFish":12,"Vajra":0,"Whetstone":19,"PrismaticShard":13,"Cursed Key":15,"Sling":25,"Old Coin":22,"Emotion Chip":8,"MealTicket":12,"Cracked Core":0,"InkBottle":6,"Potion Belt":21,"Astrolabe":10,"Oddly Smooth Stone":25,"Eternal Feather":13,"PreservedInsect":0,"The Courier":5,"War Paint":25,"Medical Kit":0,"White Beast Statue":11,"Mercury Hourglass":26,"Anchor":25,"Shuriken":5,"Bronze Scales":0,"Membership Card":11,"Bottled Lightning":17},{"Regal Pillow":56,"Lantern":118,"CeramicFish":52,"Vajra":0,"Whetstone":103,"PrismaticShard":56,"Cursed Key":70,"Sling":159,"Old Coin":131,"Emotion Chip":26,"MealTicket":52,"Cracked Core":0,"InkBottle":20,"Potion Belt":118,"Astrolabe":38,"Oddly Smooth Stone":159,"Eternal Feather":56,"PreservedInsect":0,"The Courier":16,"War Paint":159,"Medical Kit":0,"White Beast Statue":45,"Mercury Hourglass":167,"Anchor":159,"Shuriken":16,"Bronze Scales":0,"Membership Card":45,"Bottled Lightning":82}],"InkBottle":[71]},"card_choices":[{"not_picked":["Aggregate","Hello World"],"picked":"Auto Shields","floor":1.0},{"not_picked":["Fusion","Turbo"],"picked":"Sweeping Beam","floor":3.0},{"not_picked":["Reinforced Body","Redo"],"picked":"Reprogram","floor":5.0},{"not_picked":["Ball Lightning","Rebound"],"picked":"Steam","floor":7.0},{"not_picked":["Blizzard","Auto Shields","Coolheaded"],"picked":"SKIP","floor":8.0},{"not_picked":["Consume","Leap"],"picked":"Reboot","floor":10.0},{"not_picked":["Sweeping Beam","Beam Cell"],"picked":"Leap","floor":11.0},{"not_picked":["Fusion","Skim"],"picked":"Genetic Algorithm","floor":13.0},{"not_picked":["Loop","Gash"],"picked":"Streamline","floor":14.0},{"not_picked":["Thunder Strike","Multi-Cast"],"picked":"Echo Form","floor":16.0},{"not_picked":["Static Discharge","Rebound"],"picked":"Hologram","floor":18.0},{"not_picked":["Chill","Redo"],"picked":"Stack","floor":24.0},{"not_picked":["Stack","Skim"],"picked":"Aggregate","floor":27.0},{"not_picked":["Offering","FollowUp+1"],"picked":"Fusion","floor":31.0},{"not_picked":["Establishment","Phantasmal Killer"],"picked":"Wraith Form v2","floor":33.0},{"not_picked":["Anger+1","Deflect+1","Adaptation"],"picked":"SKIP","floor":35.0},{"not_picked":["Mind Blast","Underhanded Strike+1"],"picked":"Clothesline","floor":37.0},{"not_picked":["Headbutt","Anger"],"picked":"True Grit","floor":39.0},{"not_picked":["Sever Soul+1","FlyingSleeves"],"picked":"Adrenaline","floor":41.0},{"not_picked":["Sever Soul+1","Crescendo+1"],"picked":"Gash+1","floor":42.0},{"not_picked":["Go for the Eyes","Mind Blast+1"],"picked":"Hologram","floor":44.0},{"not_picked":["Setup","Intimidate"],"picked":"Gash+1","floor":46.0},{"not_picked":["ClearTheMind+1","Pommel Strike","Sucker Punch"],"picked":"SKIP","floor":48.0},{"not_picked":["Battle Trance","True Grit+1"],"picked":"DevaForm","floor":55.0}],"player_experience":907026,"relics_obtained":[{"floor":8.0,"key":"The Courier"},{"floor":9.0,"key":"Shuriken"},{"floor":10.0,"key":"InkBottle"},{"floor":13.0,"key":"Emotion Chip"},{"floor":24.0,"key":"CeramicFish"},{"floor":26.0,"key":"MealTicket"},{"floor":27.0,"key":"Eternal Feather"},{"floor":41.0,"key":"Whetstone"},{"floor":46.0,"key":"Old Coin"},{"floor":55.0,"key":"Mercury Hourglass"}],"event_choices":[{"damage_healed":0.0,"max_hp_gain":5.0,"max_hp_loss":0.0,"gold_gain":0.0,"event_name":"Big Fish","player_choice":"Donut","floor":2.0,"gold_loss":0.0,"damage_taken":0.0},{"damage_healed":0.0,"max_hp_gain":0.0,"max_hp_loss":0.0,"gold_gain":0.0,"event_name":"Upgrade Shrine","player_choice":"Upgraded","floor":4.0,"gold_loss":0.0,"damage_taken":0.0,"cards_upgraded":["Sweeping Beam"]},{"damage_healed":0.0,"max_hp_gain":0.0,"max_hp_loss":0.0,"gold_gain":50.0,"event_name":"Golden Shrine","player_choice":"Pray","floor":12.0,"gold_loss":0.0,"damage_taken":0.0},{"damage_healed":15.0,"max_hp_gain":0.0,"max_hp_loss":0.0,"gold_gain":0.0,"event_name":"The Library","player_choice":"Heal","floor":20.0,"gold_loss":0.0,"damage_taken":0.0},{"damage_healed":0.0,"max_hp_gain":0.0,"max_hp_loss":0.0,"gold_gain":0.0,"event_name":"Back to Basics","player_choice":"Simplicity","floor":22.0,"gold_loss":0.0,"damage_taken":0.0,"cards_upgraded":["Strike_B","Defend_B","Defend_B","Defend_B","Defend_B"]},{"damage_healed":0.0,"max_hp_gain":0.0,"max_hp_loss":0.0,"gold_gain":0.0,"event_name":"Addict","player_choice":"Obtained Relic","floor":30.0,"gold_loss":85.0,"damage_taken":0.0,"relics_obtained":["Regal Pillow"]},{"damage_healed":0.0,"max_hp_gain":0.0,"max_hp_loss":0.0,"gold_gain":0.0,"event_name":"Designer","player_choice":"Upgraded Two","floor":36.0,"gold_loss":50.0,"damage_taken":0.0,"cards_upgraded":["Wraith Form v2","Aggregate"]},{"damage_healed":0.0,"max_hp_gain":0.0,"max_hp_loss":0.0,"gold_gain":0.0,"cards_transformed":["Sunder"],"event_name":"Transmorgrifier","player_choice":"Transformed","floor":47.0,"gold_loss":0.0,"damage_taken":0.0,"cards_obtained":["Rebound"]}],"is_beta":false,"boss_relics":[{"not_picked":["Busted Crown","SacredBark"],"picked":"Astrolabe"},{"not_picked":["Calling Bell","Black Star"],"picked":"Cursed Key"}],"items_purged_floors":[19,21,45],"is_endless":false,"potions_floor_spawned":[5,7,8,10,24,27,31,33,35,37,39,41,42,44,46,48,55],"killed_by":"The Heart","ascension_level":20}}