{"host":"4kbqeuw4a1wt9r2z","time":1610973647,"event":{"mods":["Act Like it!","Aspiration","Astrologer","Bard","BaseMod","Chen","Conspire","Downfall","Duelist Mod","Gensokyo","GifTheSpireLib","Googly Eyes","Hallownest","Hermit","Hubris","Koishi","Marisa????????","Minty Spire (QoL Compilation)","Reimu??????","SOS???????","StSLib","The Administrix","The Bug Knight","The Construct","The Cursed","The Disciple","The Forsaken","The Gatherer","The Hierophant","The Necromancer","The Runesmith","The Senshi","The Servant 0.9.4","The Wild Card"],"gold_per_floor":[199,213,224,224,238,264,264,302,202,229,129,129,157,176,191,191,191],"floor_reached":16,"language":"ENG","playtime":843,"items_purged":[],"score":114,"play_id":"d4953b5d-08a3-4adb-baed-8ed15a1c569b","local_time":"20210118154047","is_ascension_mode":false,"campfire_choices":[{"data":"hexamod:Sear","floor":1,"key":"SMITH"},{"floor":9,"key":"RECALL"},{"floor":11,"key":"REST"}],"circlet_count":0,"master_deck":["hexamod:Strike","hexamod:Strike","hexamod:Strike","hexamod:Strike","hexamod:Defend","hexamod:Defend","hexamod:Defend","hexamod:Defend","hexamod:Sear+1","hexamod:Float","hexamod:FirstSeal","hexamod:SecondSeal","hexamod:ChargedBarrage","hexamod:HeatMetal","hexamod:ThirdSeal","hexamod:ThermalTransfer","hexamod:ShieldOfDarkness","hexamod:RadiantFlame","hexamod:Hexaguard","hexamod:BurningTouch","hexamod:SwordOfDarkness"],"relics":["hexamod:SpiritBrand","aspiration:BabyByrd","Runesmith:Nanobots","Letter Opener","Potion Belt","downfall:HeartBlessingGreen","downfall:HeartBlessingRed","hubris:Icosahedron"],"acts_visited":["Exordium"],"potions_floor_usage":[6,8,15],"damage_taken":[{"damage":6,"enemies":"Jaw Worm","floor":2,"turns":3},{"damage":5,"enemies":"Small Slimes","floor":3,"turns":3},{"damage":1,"enemies":"Cultist","floor":5,"turns":3},{"damage":18,"enemies":"Gremlin Nob","floor":6,"turns":4},{"damage":19,"enemies":"Lagavulin","floor":8,"turns":6},{"damage":4,"enemies":"2 Fungi Beasts","floor":10,"turns":4},{"damage":11,"enemies":"Lots of Slimes","floor":13,"turns":6},{"damage":7,"enemies":"Red Slaver","floor":14,"turns":4},{"damage":12,"enemies":"Exordium Thugs","floor":15,"turns":3},{"damage":46,"enemies":"DF_ARCHETYPE_STREAMLINE","floor":16,"turns":6}],"seed_played":"-8725855528590706159","potions_obtained":[{"floor":2,"key":"Energy Potion"},{"floor":5,"key":"GrandPatriotsElixir:ReiMu"},{"floor":13,"key":"SteroidPotion"},{"floor":14,"key":"Energy Potion"}],"is_trial":false,"path_per_floor":["R","M","M","?","M","E","T","E","R","M","R","?","M","M","M","B"],"character_chosen":"THE_SPIRIT","items_purchased":[],"campfire_rested":1,"item_purchase_floors":[],"current_hp_per_floor":[70,64,66,66,70,52,52,40,40,36,57,57,53,46,41,0,0],"gold":191,"neow_bonus":"HUNDRED_GOLD","is_daily":false,"chose_seed":false,"campfire_upgraded":1,"win_rate":0.0,"timestamp":1610973647,"path_taken":["R","M","M","?","M","E","T","E","R","M","R","?","M","M","M","BOSS"],"items_purchased_type":[],"build_version":"2020-12-22","purchased_purges":0,"victory":false,"max_hp_per_floor":[70,70,70,70,70,70,70,70,70,70,70,70,70,70,70,70,70],"card_choices":[{"not_picked":["hexamod:RecurringNightmare","hexamod:BacktrackSmack"],"picked":"hexamod:FirstSeal","floor":2},{"not_picked":["hexamod:SwordOfDarkness","hexamod:DynamicBlow"],"picked":"hexamod:SecondSeal","floor":3},{"not_picked":["hexamod:NightmareStrike","hexamod:PhantomFireball"],"picked":"hexamod:ChargedBarrage","floor":5},{"not_picked":["hexamod:TurnItUp","hexamod:BacktrackSmack"],"picked":"hexamod:HeatMetal","floor":6},{"not_picked":["hexamod:FlamesFromBeyond","hexamod:NightmareGuise"],"picked":"hexamod:ThirdSeal","floor":8},{"not_picked":["hexamod:FastForward","hexamod:GhostLash"],"picked":"hexamod:ThermalTransfer","floor":10},{"not_picked":["hexamod:NightmareStrike","hexamod:HeatMetal"],"picked":"hexamod:ShieldOfDarkness","floor":10},{"not_picked":["hexamod:Rewind","hexamod:SpectralAdrenaline"],"picked":"hexamod:RadiantFlame","floor":13},{"not_picked":["hexamod:Rewind","hexamod:Again","hexamod:ThermalTransfer"],"picked":"SKIP","floor":13},{"not_picked":["hexamod:HauntingEcho","hexamod:Again"],"picked":"hexamod:Hexaguard","floor":14},{"not_picked":["hexamod:NecessarySacrifice","hexamod:ChargedBarrage"],"picked":"hexamod:BurningTouch","floor":14},{"not_picked":["hexamod:Rewind","hexamod:BacktrackSmack"],"picked":"hexamod:SwordOfDarkness","floor":15}],"player_experience":554403,"relics_obtained":[{"floor":6,"key":"Runesmith:Nanobots"},{"floor":7,"key":"Letter Opener"},{"floor":8,"key":"Potion Belt"}],"event_choices":[],"is_beta":false,"boss_relics":[],"items_purged_floors":[],"is_endless":false,"potions_floor_spawned":[2,5,13,14],"killed_by":"DF_ARCHETYPE_STREAMLINE","ascension_level":0}}