{"host":"kdt6w7ix8lwe69i9","time":1610948422,"event":{"mods":["100% Spire Juice","Bartender","BaseMod","ChefMod","Downfall","Evolution","Fiend Mod","Jorbs\u0027s Wanderer Trilogy","Minty Spire (QoL Compilation)","Reimu（博丽灵梦）","Robot Space Explorer","Shade Mod","StSLib","The Caster","The Cursed","The Disciple","The Dragon Tamer","The Druid","The Fake Hero","The Forsaken","The Gatherer","The Marked","TheBandit","TheSwordswoman"],"gold_per_floor":[115,134,145,145,105,105,70,102,128,203,173,173,27,202,202,202,202],"floor_reached":16,"language":"ENG","playtime":1719,"items_purged":[],"score":96,"play_id":"49061d8e-8a7f-4c22-8957-4d4850b056f2","local_time":"20210118004022","is_ascension_mode":false,"campfire_choices":[{"data":"blazmod:ClearTheMind","floor":6,"key":"SMITH"},{"floor":15,"key":"REST"}],"circlet_count":0,"master_deck":["blazmod:Crosscut","blazmod:Crosscut","blazmod:Strike","blazmod:Strike","blazmod:Defend","blazmod:Defend","blazmod:Defend","blazmod:Defend","blazmod:ButterflyEffect","blazmod:Kyokasuigetsu","blazmod:StanceChange","blazmod:ClearTheMind+1","blazmod:ClearTheMind","blazmod:DevilDivine","blazmod:BladeOfEnlightenment","blazmod:PerennialBeauty","Doubt"],"relics":["EVO:Axolotl","Philosopher\u0027s Stone","Bottled Tornado","PaintedHorse:ReiMu","Bottled Lightning","Lantern","Blue Candle","Toy Ornithopter"],"acts_visited":["Exordium"],"potions_floor_usage":[11],"damage_taken":[{"damage":5,"enemies":"Cultist","floor":1,"turns":5},{"damage":0,"enemies":"2 Louse","floor":2,"turns":4},{"damage":0,"enemies":"Small Slimes","floor":3,"turns":5},{"damage":15,"enemies":"3 Sentries","floor":8,"turns":11},{"damage":0,"enemies":"Looter","floor":11,"turns":4},{"damage":27,"enemies":"Slime Boss","floor":16,"turns":3}],"seed_played":"-5922066339576956759","potions_obtained":[{"floor":3,"key":"GamblersBrew"},{"floor":8,"key":"ColorlessPotion"}],"is_trial":false,"path_per_floor":["M","M","M","T","?","R","$","E","T","?","M","T","$","?","R","B"],"character_chosen":"THE_SWORDSWOMAN","items_purchased":["blazmod:DevilDivine","Toy Ornithopter"],"campfire_rested":1,"item_purchase_floors":[7,13],"current_hp_per_floor":[35,35,35,35,35,35,35,20,20,9,9,9,9,9,21,0,0],"gold":202,"neow_bonus":"BOSS_RELIC","is_daily":false,"chose_seed":false,"campfire_upgraded":1,"win_rate":0.0,"timestamp":1610948422,"path_taken":["M","?","?","?","?","R","$","E","T","?","M","?","?","?","R","BOSS"],"items_purchased_type":["Card","Relic"],"build_version":"2020-12-22","purchased_purges":0,"victory":false,"max_hp_per_floor":[40,40,40,40,40,40,40,40,40,40,40,40,40,40,40,40,40],"card_choices":[{"not_picked":["blazmod:TenThousand","blazmod:FlashRock"],"picked":"blazmod:StanceChange","floor":1},{"not_picked":["blazmod:PhysicalEndurance","blazmod:BoulderFlash"],"picked":"blazmod:ClearTheMind","floor":2},{"not_picked":["blazmod:WildButterfly","blazmod:Crosscut"],"picked":"blazmod:ClearTheMind","floor":3},{"not_picked":["blazmod:MindsEye","blazmod:BoulderFlash"],"picked":"blazmod:BladeOfEnlightenment","floor":8},{"not_picked":["blazmod:BoulderFlash","blazmod:KatanaStrike"],"picked":"blazmod:PerennialBeauty","floor":11}],"player_experience":1855827,"relics_obtained":[{"floor":4,"key":"Bottled Tornado"},{"floor":8,"key":"Bottled Lightning"},{"floor":9,"key":"Lantern"},{"floor":12,"key":"Blue Candle"}],"event_choices":[{"damage_healed":0,"gold_gain":0,"player_choice":"Donate","damage_taken":0,"relics_obtained":["PaintedHorse:ReiMu"],"max_hp_gain":0,"max_hp_loss":0,"event_name":"yidonshenshe","floor":5,"gold_loss":40},{"damage_healed":0,"gold_gain":75,"player_choice":"Gather Gold","damage_taken":11,"max_hp_gain":0,"max_hp_loss":0,"event_name":"World of Goop","floor":10,"gold_loss":0},{"damage_healed":0,"gold_gain":175,"player_choice":"AGREE","damage_taken":0,"max_hp_gain":0,"max_hp_loss":0,"event_name":"Liars Game","floor":14,"gold_loss":0,"cards_obtained":["Doubt"]}],"is_beta":false,"boss_relics":[],"items_purged_floors":[],"is_endless":false,"potions_floor_spawned":[3,8],"killed_by":"Slime Boss","ascension_level":0}}