{"host":"cv77zuuuekizn3ic","time":1610968339,"event":{"mods":["AchievementEnabler","BaseMod","Downfall","Marisa£®ÏF”Í°°ƒß¿Ì…≥£©","Minty Spire (QoL Compilation)","StSLib"],"gold_per_floor":[99,99,14,14,34,34,34,34,34,54,54,54,54,154,170,273,273,273,273,373,388,388,388,388,388,72,72,102,117,2,29,44,148,148,48,67,77,127,143,159,159,343,393,393,393],"floor_reached":44,"language":"ZHS","playtime":3632,"items_purged":["bronze:Strike","bronze:Replicate+1"],"score":555,"play_id":"9433da24-57f2-4944-9d84-87bf4047e74c","local_time":"20210118191219","is_ascension_mode":false,"campfire_choices":[{"data":"bronze:Goto","floor":1.0,"key":"SMITH"},{"data":"bronze:Terminator","floor":9.0,"key":"SMITH"},{"data":"bronze:Replicate","floor":11.0,"key":"SMITH"},{"data":"bronze:Fortify","floor":18.0,"key":"SMITH"},{"data":"bronze:Flail","floor":23.0,"key":"SMITH"},{"data":"bronze:Verify","floor":25.0,"key":"SMITH"},{"floor":35.0,"key":"RECALL"}],"circlet_count":0,"master_deck":["bronze:Defend","bronze:Defend","bronze:Defend","bronze:Goto+1","bronze:Flail+1","bronze:Terminator+1","bronze:Terminator+1","bronze:DelayedSlice","bronze:FineTuning","bronze:ForLoop","bronze:ThunderWave","bronze:Constructor","bronze:Fortify+1","bronze:Verify+1","Ghostly","Ghostly","Ghostly","Ghostly","Ghostly","bronze:Flail","bronze:Frontload","bronze:ClassDefault","bronze:Assembly","bronze:HyperBeam","bronze:Fortify+1"],"relics":["bronze:PlatinumCore","downfall:HeartsMalice","Bag of Preparation","Strawberry","Snecko Eye","White Beast Statue","HornCleat","Lantern","Gremlin Horn","Bronze Scales","downfall:HeartBlessingGreen","FossilizedHelix","Chemical X","Turnip"],"acts_visited":["Exordium","TheCity","TheBeyond"],"potions_floor_usage":[],"damage_taken":[{"damage":0.0,"enemies":"Jaw Worm","floor":2.0,"turns":1.0},{"damage":0.0,"enemies":"downfall:FleeingMerchant","floor":3.0,"turns":1.0},{"damage":0.0,"enemies":"Cultist","floor":4.0,"turns":1.0},{"damage":0.0,"enemies":"2 Louse","floor":5.0,"turns":1.0},{"damage":24.0,"enemies":"Blue Slaver","floor":10.0,"turns":3.0},{"damage":22.0,"enemies":"downfall:Heads","floor":14.0,"turns":4.0},{"damage":0.0,"enemies":"Exordium Wildlife","floor":15.0,"turns":1.0},{"damage":35.0,"enemies":"IC_STATUS_ARCHETYPE","floor":16.0,"turns":9.0},{"damage":0.0,"enemies":"downfall:LadyInBlue","floor":20.0,"turns":6.0},{"damage":5.0,"enemies":"3 Byrds","floor":21.0,"turns":2.0},{"damage":0.0,"enemies":"downfall:FleeingMerchant","floor":26.0,"turns":4.0},{"damage":5.0,"enemies":"Book of Stabbing","floor":28.0,"turns":6.0},{"damage":15.0,"enemies":"3 Cultists","floor":29.0,"turns":5.0},{"damage":0.0,"enemies":"downfall:FleeingMerchant","floor":30.0,"turns":4.0},{"damage":0.0,"enemies":"Slavers","floor":31.0,"turns":6.0},{"damage":0.0,"enemies":"Snecko","floor":32.0,"turns":5.0},{"damage":0.0,"enemies":"DF_ARCHETYPE_CLAW","floor":33.0,"turns":6.0},{"damage":0.0,"enemies":"3 Shapes","floor":36.0,"turns":3.0},{"damage":0.0,"enemies":"Orb Walker","floor":37.0,"turns":3.0},{"damage":0.0,"enemies":"2 Orb Walkers","floor":38.0,"turns":2.0},{"damage":0.0,"enemies":"Spire Growth","floor":39.0,"turns":4.0},{"damage":0.0,"enemies":"3 Darklings","floor":40.0,"turns":3.0},{"damage":0.0,"enemies":"downfall:FleeingMerchant","floor":42.0,"turns":2.0},{"damage":0.0,"enemies":"downfall:FleeingMerchant","floor":43.0,"turns":5.0},{"damage":61,"enemies":"Nemesis","floor":44,"turns":6}],"seed_played":"-5691115904043946797","potions_obtained":[{"floor":10.0,"key":"SpeedPotion"},{"floor":14.0,"key":"Energy Potion"},{"floor":15.0,"key":"FairyPotion"},{"floor":16.0,"key":"FearPotion"}],"is_trial":false,"path_per_floor":["R","M","$","M","M","?","T","?","R","M","R","?","T","?","M","B",null,"R","?","?","M","?","R","T","R","$","?","E","M","$","E","M","B",null,"R","M","M","?","M","M","T","$","?","E"],"character_chosen":"THE_AUTOMATON","items_purchased":["bronze:Terminator","bronze:DelayedSlice","bronze:ClassDefault","Lantern","Chemical X"],"campfire_rested":0,"item_purchase_floors":[3,3,26,26,42],"current_hp_per_floor":[70,70,70,70,70,70,70,70,70,46,46,51,58,36,36,1,82,82,41,41,36,36,36,36,36,36,36,31,16,16,16,16,16,41,41,41,41,41,41,41,41,41,41,0,0],"gold":393,"neow_bonus":"THREE_ENEMY_KILL","is_daily":false,"chose_seed":false,"campfire_upgraded":6,"win_rate":0.0,"timestamp":1610968339,"path_taken":["R","M","$","M","M","?","T","?","R","?","R","?","?","?","M","BOSS","R","?","?","?","?","R","T","R","$","?","E","M","?","E","M","BOSS","R","M","M","?","M","M","T","$","?","E"],"items_purchased_type":["Card","Card","Card","Relic","Relic"],"build_version":"2020-12-22","purchased_purges":2,"victory":false,"max_hp_per_floor":[70,70,70,70,70,70,70,70,70,70,70,75,82,82,82,82,82,82,41,41,41,41,41,41,41,41,41,41,41,41,41,41,41,41,41,41,41,41,41,41,41,41,41,41,41],"card_choices":[{"not_picked":["bronze:Invalidate","bronze:NullPointer"],"picked":"bronze:Flail","floor":2.0},{"not_picked":["bronze:ForLoop","bronze:DelayedSlice"],"picked":"bronze:Terminator","floor":3.0},{"not_picked":["bronze:BitShift","bronze:BronzeArmor","bronze:DarkDash"],"picked":"SKIP","floor":4.0},{"not_picked":["bronze:Repulsor","bronze:WhirlingStrike"],"picked":"bronze:FineTuning","floor":5.0},{"not_picked":["bronze:Overheat","bronze:NullPointer"],"picked":"bronze:ForLoop","floor":10.0},{"not_picked":["bronze:DarkDash","bronze:Iterate"],"picked":"bronze:Constructor","floor":14.0},{"not_picked":["bronze:ChosenStrike","bronze:Safeguard"],"picked":"bronze:Fortify","floor":15.0},{"not_picked":["bronze:RecursiveStrike","bronze:ThunderWave"],"picked":"bronze:Verify","floor":16.0},{"not_picked":["bronze:Deprecate","bronze:Turbo"],"picked":"bronze:Flail","floor":20.0},{"not_picked":["bronze:Shield","bronze:DigitalCarnage"],"picked":"bronze:Frontload","floor":21.0},{"not_picked":["bronze:Invalidate","bronze:Deprecate","bronze:OilSpill"],"picked":"SKIP","floor":26.0},{"not_picked":["bronze:MaxOutput","bronze:Frontload","bronze:BronzeOrb"],"picked":"SKIP","floor":28.0},{"not_picked":["bronze:NullPointer","bronze:ItsAFeature","bronze:Turbo"],"picked":"SKIP","floor":29.0},{"not_picked":["bronze:Overheat+1","bronze:ChildClass","bronze:Iterate"],"picked":"SKIP","floor":30.0},{"not_picked":["bronze:Branch","bronze:Backtrace"],"picked":"bronze:Assembly","floor":31.0},{"not_picked":["bronze:BuggyMess","bronze:FineTuning+1","bronze:Flail"],"picked":"SKIP","floor":32.0},{"not_picked":["bronze:Format","bronze:Break"],"picked":"bronze:HyperBeam","floor":33.0},{"not_picked":["bronze:Turbo","bronze:Safeguard+1","bronze:FineTuning"],"picked":"SKIP","floor":36.0},{"not_picked":["bronze:ItsAFeature","bronze:Constructor+1"],"picked":"bronze:Fortify+1","floor":37.0},{"not_picked":["bronze:HyperBeam","bronze:Overheat+1","bronze:ForceShield"],"picked":"SKIP","floor":39.0},{"not_picked":["bronze:Return+1","bronze:CloningBeam+1","bronze:Branch"],"picked":"SKIP","floor":40.0},{"not_picked":["bronze:ChildClass+1","bronze:GetLatest+1","bronze:BitShift"],"picked":"SKIP","floor":42.0}],"player_experience":991445,"relics_obtained":[{"floor":7.0,"key":"Bag of Preparation"},{"floor":13.0,"key":"Strawberry"},{"floor":20.0,"key":"White Beast Statue"},{"floor":24.0,"key":"HornCleat"},{"floor":28.0,"key":"Gremlin Horn"},{"floor":31.0,"key":"Bronze Scales"},{"floor":38.0,"key":"FossilizedHelix"},{"floor":43.0,"key":"Turnip"}],"event_choices":[{"cards_removed":["bronze:Strike"],"damage_healed":0.0,"max_hp_gain":0.0,"max_hp_loss":0.0,"gold_gain":0.0,"event_name":"Bonfire Elementals","player_choice":"Offered Basic","floor":8.0,"gold_loss":0.0,"damage_taken":0.0},{"damage_healed":0.0,"max_hp_gain":5.0,"max_hp_loss":0.0,"gold_gain":0.0,"event_name":"Big Fish","player_choice":"Donut","floor":12.0,"gold_loss":0.0,"damage_taken":0.0},{"damage_healed":0.0,"max_hp_gain":0.0,"max_hp_loss":41.0,"gold_gain":0.0,"event_name":"Ghosts","player_choice":"Became a Ghost","floor":19.0,"gold_loss":0.0,"damage_taken":0.0,"cards_obtained":["Ghostly","Ghostly","Ghostly","Ghostly","Ghostly"]},{"damage_healed":0.0,"max_hp_gain":0.0,"max_hp_loss":0.0,"gold_gain":0.0,"event_name":"Mysterious Sphere","player_choice":"Fight","floor":38.0,"gold_loss":0.0,"damage_taken":0.0}],"is_beta":false,"boss_relics":[{"not_picked":["Coffee Dripper","SacredBark"],"picked":"Snecko Eye"},{"not_picked":["Runic Pyramid","Empty Cage"],"picked":"bronze:PlatinumCore"}],"items_purged_floors":[26,30],"is_endless":false,"potions_floor_spawned":[10,14,15,16,20,21,26,28,29,30,31,32,33,36,37,38,39,40,42,43],"killed_by":"Nemesis","ascension_level":0}}