{"host":"f9ntswufr8mq3t4y","time":1610972503,"event":{"mods":["AchievementEnabler","BaseMod","Best Route Mod","Block Reminder","Colored Map","Colored Powertips","DeckTracker","Highlight Path","Minty Spire (QoL Compilation)","Permanent Neow","Quick Restart"],"gold_per_floor":[30,30,65,65,101,101,155,190,213,244,244,292,292,314,314,443,443,506,517,49,49,94,144,144,179,179,179,179,179,179,12,12,109,109,119,188,263,263,263],"floor_reached":38,"language":"ENG","playtime":1749,"items_purged":["Strike_P"],"score":510,"play_id":"ecf174f2-b4a8-4727-b08a-d60387069e94","local_time":"20210118152143","is_ascension_mode":true,"campfire_choices":[{"data":"HandOfGreed","floor":6,"key":"SMITH"},{"data":"Eruption","floor":11,"key":"SMITH"},{"data":"LikeWater","floor":15,"key":"SMITH"},{"data":"Ragnarok","floor":24,"key":"SMITH"},{"data":"MentalFortress","floor":27,"key":"SMITH"},{"data":"Vigilance","floor":29,"key":"SMITH"},{"data":"FearNoEvil","floor":32,"key":"SMITH"}],"circlet_count":0,"master_deck":["Strike_P","Strike_P","Strike_P","Defend_P","Defend_P+1","Defend_P+1","Defend_P","Eruption+1","Vigilance+1","HandOfGreed+1","FearNoEvil+1","LikeWater+1","Consecrate","MentalFortress+1","Ragnarok+1","Perseverance+1","Meditate+1","Metamorphosis+1","MasterReality+1","Study+1"],"relics":["PureWater","Lantern","Smiling Mask","Nunchaku","Strawberry","Odd Mushroom","Philosopher\u0027s Stone","Lee\u0027s Waffle","Toxic Egg 2","Dream Catcher","Frozen Egg 2","Fusion Hammer","CloakClasp"],"acts_visited":["Exordium","TheCity","TheBeyond"],"potions_floor_usage":[7,16,23,33],"damage_taken":[{"damage":0,"enemies":"Cultist","floor":1,"turns":2},{"damage":0,"enemies":"Small Slimes","floor":3,"turns":2},{"damage":0,"enemies":"2 Louse","floor":5,"turns":2},{"damage":5,"enemies":"Lagavulin","floor":7,"turns":5},{"damage":3,"enemies":"Blue Slaver","floor":8,"turns":5},{"damage":0,"enemies":"Gremlin Nob","floor":10,"turns":2},{"damage":2,"enemies":"The Mushroom Lair","floor":14,"turns":3},{"damage":34,"enemies":"Hexaghost","floor":16,"turns":11},{"damage":15,"enemies":"3 Byrds","floor":18,"turns":6},{"damage":9,"enemies":"Chosen","floor":19,"turns":3},{"damage":15,"enemies":"Snake Plant","floor":22,"turns":3},{"damage":13,"enemies":"Gremlin Leader","floor":23,"turns":4},{"damage":7,"enemies":"Centurion and Healer","floor":25,"turns":3},{"damage":56,"enemies":"Automaton","floor":33,"turns":9},{"damage":15,"enemies":"Orb Walker","floor":35,"turns":4},{"damage":46,"enemies":"3 Shapes","floor":36,"turns":9},{"damage":3,"enemies":"Mind Bloom Boss Battle","floor":37,"turns":6},{"damage":22,"enemies":"Transient","floor":38,"turns":3}],"seed_played":"-3492438626871591703","potions_obtained":[{"floor":1,"key":"SpeedPotion"},{"floor":3,"key":"Ancient Potion"},{"floor":5,"key":"Strength Potion"},{"floor":19,"key":"Explosive Potion"},{"floor":25,"key":"Explosive Potion"}],"is_trial":false,"path_per_floor":["M","$","M","$","M","R","E","M","T","E","R","T","?","?","R","B",null,"M","M","$","?","M","E","R","M","T","R","?","R","?","$","R","B",null,"M","M","?","M"],"character_chosen":"WATCHER","items_purchased":["Lee\u0027s Waffle","Toxic Egg 2","Metamorphosis+1"],"campfire_rested":0,"item_purchase_floors":[20,20,31],"current_hp_per_floor":[72,72,72,72,72,72,67,64,64,64,64,71,55,53,53,19,79,64,55,86,86,71,58,58,51,51,51,79,79,79,79,79,23,86,71,25,22,0,0],"gold":263,"neow_bonus":"RANDOM_COLORLESS_2","is_daily":false,"chose_seed":false,"campfire_upgraded":7,"win_rate":0.0,"timestamp":1610972503,"path_taken":["M","?","?","$","M","R","E","?","T","E","R","?","?","?","R","BOSS","M","M","$","?","?","E","R","M","T","R","?","R","?","?","R","BOSS","M","M","?","M"],"items_purchased_type":["Relic","Relic","Card"],"build_version":"2020-12-22","purchased_purges":1,"victory":false,"max_hp_per_floor":[72,72,72,72,72,72,72,72,72,72,72,79,79,79,79,79,79,79,79,86,86,86,86,86,86,86,86,86,86,86,86,86,86,86,86,86,86,86,86],"card_choices":[{"not_picked":["Thinking Ahead","Chrysalis"],"picked":"HandOfGreed","floor":0},{"not_picked":["Halt","Swivel"],"picked":"FearNoEvil","floor":1},{"not_picked":["Wallop","Perseverance"],"picked":"LikeWater","floor":3},{"not_picked":["FlurryOfBlows","Fasting2"],"picked":"Consecrate","floor":5},{"not_picked":["Wallop","PathToVictory","SignatureMove"],"picked":"SKIP","floor":7},{"not_picked":["CutThroughFate","Halt","EmptyFist"],"picked":"SKIP","floor":8},{"not_picked":["Consecrate","Study","EmptyBody"],"picked":"SKIP","floor":10},{"not_picked":["Evaluate","Protect"],"picked":"MentalFortress","floor":14},{"not_picked":["SpiritShield","Judgement"],"picked":"Ragnarok","floor":16},{"not_picked":["Crescendo","Fasting2","ClearTheMind"],"picked":"SKIP","floor":18},{"not_picked":["CrushJoints","EmptyFist","PathToVictory+1"],"picked":"SKIP","floor":19},{"not_picked":["WindmillStrike","Nirvana+1","Consecrate"],"picked":"SKIP","floor":22},{"not_picked":["Ragnarok","MentalFortress"],"picked":"Perseverance+1","floor":23},{"not_picked":["SashWhip","PathToVictory+1"],"picked":"Meditate+1","floor":25},{"not_picked":["Omniscience+1","Brilliance"],"picked":"MasterReality+1","floor":33},{"not_picked":["BowlingBash","SignatureMove","Nirvana+1"],"picked":"SKIP","floor":35},{"not_picked":["Halt+1","Weave"],"picked":"Study+1","floor":36}],"player_experience":346026,"relics_obtained":[{"floor":7,"key":"Lantern"},{"floor":9,"key":"Smiling Mask"},{"floor":10,"key":"Nunchaku"},{"floor":12,"key":"Strawberry"},{"floor":14,"key":"Odd Mushroom"},{"floor":23,"key":"Dream Catcher"},{"floor":26,"key":"Frozen Egg 2"},{"floor":37,"key":"CloakClasp"}],"event_choices":[{"damage_healed":0,"gold_gain":0,"player_choice":"Entered Light","damage_taken":16,"max_hp_gain":0,"max_hp_loss":0,"event_name":"Shining Light","floor":13,"gold_loss":0,"cards_upgraded":["Defend_P","Defend_P"]},{"damage_healed":0,"gold_gain":0,"player_choice":"Fought Mushrooms","damage_taken":0,"max_hp_gain":0,"max_hp_loss":0,"event_name":"Mushrooms","floor":14,"gold_loss":0},{"damage_healed":0,"gold_gain":0,"player_choice":"Ignored","damage_taken":0,"max_hp_gain":0,"max_hp_loss":0,"event_name":"N\u0027loth","floor":21,"gold_loss":0},{"damage_healed":28,"gold_gain":0,"player_choice":"Heal","damage_taken":0,"max_hp_gain":0,"max_hp_loss":0,"event_name":"The Library","floor":28,"gold_loss":0},{"damage_healed":0,"gold_gain":0,"player_choice":"Ignored","damage_taken":0,"max_hp_gain":0,"max_hp_loss":0,"event_name":"Vampires","floor":30,"gold_loss":0},{"damage_healed":0,"gold_gain":0,"player_choice":"Fight","damage_taken":0,"max_hp_gain":0,"max_hp_loss":0,"event_name":"MindBloom","floor":37,"gold_loss":0}],"is_beta":false,"boss_relics":[{"not_picked":["Empty Cage","SacredBark"],"picked":"Philosopher\u0027s Stone"},{"not_picked":["Tiny House","Black Star"],"picked":"Fusion Hammer"}],"items_purged_floors":[20],"is_endless":false,"potions_floor_spawned":[1,3,5,19,25],"killed_by":"Transient","ascension_level":4}}