{"host":"9jj9tzo2iym4bpat","time":1610935274,"event":{"mods":["Act Like it!","BaseMod","CapriCore","Colored Map","Dark Map","Luminous","Minty Spire (QoL Compilation)","Permanent Neow","StSLib","Td1madao Mod","The Animator","The Immortal","The Marked","The Servant 0.9.4","Yakumo Yukari mod"],"gold_per_floor":[112,38,38,213,231,231,247,277,277,291,291,256,256,287,287,391,391,403,434,454,454,471,471,26,26,26,52,52,70,70,95,95,191,191,206,220,220,92,92,92,105,327,327,344,344,363,81,92,92,92],"floor_reached":51,"language":"ENG","playtime":1718,"items_purged":["Strike_G+1","Writhe"],"score":803,"play_id":"bbe4fa2c-fb35-4e02-a33e-83cb090f9c71","local_time":"20210117200114","is_ascension_mode":true,"campfire_choices":[{"data":"Blade Dance","floor":6,"key":"SMITH"},{"data":"Cloak And Dagger","floor":11,"key":"SMITH"},{"data":"Deflect","floor":13,"key":"SMITH"},{"floor":15,"key":"REST"},{"floor":23,"key":"DIG"},{"floor":25,"key":"DIG"},{"floor":28,"key":"DIG"},{"floor":30,"key":"REST"},{"floor":32,"key":"REST"},{"floor":40,"key":"DIG"},{"floor":45,"key":"DIG"},{"floor":49,"key":"REST"}],"circlet_count":0,"master_deck":["Strike_G","Strike_G+1","Strike_G","Defend_G","Defend_G","Defend_G","Survivor","Neutralize","Bouncing Flask","Blade Dance+1","Deflect+1","Cloak And Dagger+1","Accuracy","Corpse Explosion","CurseOfTheBell","Catalyst","Envenom","Dodge and Roll+1","After Image+1","Dagger Spray+1","Poisoned Stab+1","Accuracy","Cloak And Dagger","Infinite Blades+1","Cloak And Dagger+1"],"relics":["Ring of the Snake","Bag of Preparation","Mercury Hourglass","Happy Flower","Calling Bell","MealTicket","White Beast Statue","Shovel","Red Mask","Ornamental Fan","Calipers","Anchor","Blue Candle","Singing Bowl","InkBottle","HornCleat","Astrolabe","Frozen Egg 2","Mummified Hand","Dead Branch"],"acts_visited":["Exordium","TheCity","TheBeyond"],"potions_floor_usage":[19,20,20,22,27,31,31,33,33,41],"damage_taken":[{"damage":0,"enemies":"Small Slimes","floor":1,"turns":3},{"damage":0,"enemies":"Jaw Worm","floor":5,"turns":4},{"damage":5,"enemies":"2 Louse","floor":7,"turns":3},{"damage":0,"enemies":"Large Slime","floor":10,"turns":4},{"damage":17,"enemies":"Lagavulin","floor":14,"turns":5},{"damage":6,"enemies":"Slime Boss","floor":16,"turns":7},{"damage":1,"enemies":"3 Byrds","floor":18,"turns":3},{"damage":16,"enemies":"Masked Bandits","floor":19,"turns":5},{"damage":6,"enemies":"2 Thieves","floor":20,"turns":3},{"damage":19,"enemies":"Shelled Parasite and Fungi","floor":22,"turns":4},{"damage":3,"enemies":"Slavers","floor":27,"turns":3},{"damage":15,"enemies":"Centurion and Healer","floor":29,"turns":3},{"damage":17,"enemies":"Book of Stabbing","floor":31,"turns":5},{"damage":39,"enemies":"Automaton","floor":33,"turns":11},{"damage":6,"enemies":"3 Darklings","floor":35,"turns":4},{"damage":1,"enemies":"Orb Walker","floor":36,"turns":4},{"damage":26,"enemies":"Transient","floor":41,"turns":5},{"damage":15,"enemies":"4 Shapes","floor":44,"turns":5},{"damage":17,"enemies":"Spire Growth","floor":46,"turns":5},{"damage":0,"enemies":"Sphere and 2 Shapes","floor":48,"turns":3},{"damage":40,"enemies":"Time Eater","floor":50,"turns":7}],"seed_played":"-6519404870366079471","potions_obtained":[{"floor":10,"key":"GamblersBrew"},{"floor":18,"key":"Fire Potion"},{"floor":19,"key":"EntropicBrew"},{"floor":22,"key":"Block Potion"},{"floor":27,"key":"SkillPotion"},{"floor":29,"key":"Explosive Potion"},{"floor":31,"key":"Weak Potion"},{"floor":33,"key":"BlessingOfTheForge"},{"floor":35,"key":"Dexterity Potion"},{"floor":36,"key":"Fire Potion"},{"floor":41,"key":"Strength Potion"}],"is_trial":false,"path_per_floor":["M","$","?","?","M","R","M","?","T","M","R","?","R","E","R","B",null,"M","?","M","?","M","R","$","R","T","E","R","M","R","E","R","B",null,"M","M","?","$","?","R","M","?","T","M","R","M","$","M","R","B",null],"character_chosen":"THE_SILENT","items_purchased":["Blade Dance","Deflect","Envenom","Calipers","Accuracy","Cloak And Dagger","Infinite Blades+1","GhostInAJar"],"campfire_rested":4,"item_purchase_floors":[2,2,24,24,38,38,47,47],"current_hp_per_floor":[77,77,62,62,62,62,57,57,57,57,57,76,76,59,77,71,77,76,60,54,54,35,35,50,50,50,49,49,36,60,43,67,30,83,79,80,87,87,87,87,63,63,63,50,50,35,50,50,77,37],"gold":92,"neow_bonus":"TEN_PERCENT_HP_BONUS","is_daily":false,"chose_seed":false,"campfire_upgraded":3,"win_rate":0.0,"timestamp":1610935274,"path_taken":["M","$","?","?","M","R","M","?","T","?","R","?","R","E","R","BOSS","M","?","M","?","?","R","$","R","T","E","R","M","R","E","R","BOSS","M","M","?","?","?","R","M","?","T","M","R","M","$","M","R","BOSS"],"items_purchased_type":["Card","Card","Card","Relic","Card","Card","Card","Potion"],"build_version":"2020-12-22","purchased_purges":2,"victory":true,"max_hp_per_floor":[77,77,77,77,77,77,77,77,77,77,77,77,77,77,77,77,77,77,77,77,77,77,77,77,77,77,79,79,81,81,81,81,83,83,85,87,87,87,87,87,89,89,89,91,91,93,93,93,93,93],"card_choices":[{"not_picked":["Quick Slash","Dagger Spray"],"picked":"Bouncing Flask","floor":1},{"not_picked":["Crippling Poison","PiercingWail"],"picked":"Cloak And Dagger","floor":5},{"not_picked":["Acrobatics","Eviscerate","Bane"],"picked":"SKIP","floor":7},{"not_picked":["Poisoned Stab","Bouncing Flask","Escape Plan"],"picked":"SKIP","floor":10},{"not_picked":["Caltrops","Choke"],"picked":"Accuracy","floor":14},{"not_picked":["Venomology","Die Die Die"],"picked":"Corpse Explosion","floor":16},{"not_picked":["Underhanded Strike","Choke"],"picked":"Catalyst","floor":18},{"not_picked":["Poisoned Stab","Crippling Poison","Reflex"],"picked":"SKIP","floor":20},{"not_picked":["Bane","Dagger Throw","Reflex"],"picked":"SKIP","floor":22},{"not_picked":["Flying Knee","Blur","PiercingWail"],"picked":"Singing Bowl","floor":27},{"not_picked":["Backflip","Underhanded Strike","Deadly Poison"],"picked":"Singing Bowl","floor":29},{"not_picked":["Deflect+1","Outmaneuver"],"picked":"Dodge and Roll+1","floor":31},{"not_picked":["After Image","Venomology","Grand Finale"],"picked":"Singing Bowl","floor":33},{"not_picked":["Quick Slash","Prepared","Catalyst+1"],"picked":"Singing Bowl","floor":35},{"not_picked":["PiercingWail","Sucker Punch","Quick Slash"],"picked":"Singing Bowl","floor":36},{"not_picked":["Setup","Reflex+1","Sucker Punch+1"],"picked":"Singing Bowl","floor":41},{"not_picked":["Skewer","Dash","Bane"],"picked":"Singing Bowl","floor":44},{"not_picked":["Slice+1","Prepared+1","Poisoned Stab"],"picked":"Singing Bowl","floor":46},{"not_picked":["Quick Slash","Poisoned Stab"],"picked":"Cloak And Dagger+1","floor":48}],"player_experience":271965,"relics_obtained":[{"floor":9,"key":"Mercury Hourglass"},{"floor":14,"key":"Happy Flower"},{"floor":17,"key":"MealTicket"},{"floor":17,"key":"White Beast Statue"},{"floor":17,"key":"Shovel"},{"floor":19,"key":"Red Mask"},{"floor":23,"key":"Ornamental Fan"},{"floor":25,"key":"Anchor"},{"floor":26,"key":"Blue Candle"},{"floor":27,"key":"Singing Bowl"},{"floor":28,"key":"InkBottle"},{"floor":31,"key":"HornCleat"},{"floor":40,"key":"Frozen Egg 2"},{"floor":43,"key":"Mummified Hand"},{"floor":45,"key":"Dead Branch"}],"event_choices":[{"damage_healed":0,"gold_gain":0,"player_choice":"Entered Light","damage_taken":15,"max_hp_gain":0,"max_hp_loss":0,"event_name":"Shining Light","floor":3,"gold_loss":0,"cards_upgraded":["Strike_G","Strike_G"]},{"damage_healed":0,"gold_gain":175,"player_choice":"AGREE","damage_taken":0,"max_hp_gain":0,"max_hp_loss":0,"event_name":"Liars Game","floor":4,"gold_loss":0,"cards_obtained":["Doubt"]},{"damage_healed":0,"gold_gain":30,"player_choice":"Searched \u00273\u0027 times","damage_taken":0,"relics_obtained":["Bag of Preparation"],"max_hp_gain":0,"max_hp_loss":0,"event_name":"Dead Adventurer","floor":8,"gold_loss":0},{"damage_healed":19,"gold_gain":0,"player_choice":"Healed","damage_taken":0,"max_hp_gain":0,"max_hp_loss":0,"event_name":"The Cleric","floor":12,"gold_loss":35},{"damage_healed":0,"gold_gain":0,"player_choice":"Fought Bandits","damage_taken":0,"max_hp_gain":0,"max_hp_loss":0,"event_name":"Masked Bandits","floor":19,"gold_loss":0},{"cards_removed":["Doubt"],"damage_healed":0,"gold_gain":0,"player_choice":"Purged","damage_taken":0,"max_hp_gain":0,"max_hp_loss":0,"event_name":"Purifier","floor":21,"gold_loss":0},{"damage_healed":22,"gold_gain":0,"player_choice":"Writhe","damage_taken":0,"max_hp_gain":0,"max_hp_loss":0,"event_name":"Winding Halls","floor":37,"gold_loss":0,"cards_obtained":["Writhe"]},{"damage_healed":0,"gold_gain":222,"player_choice":"Wore Mask","damage_taken":0,"max_hp_gain":0,"max_hp_loss":0,"event_name":"Tomb of Lord Red Mask","floor":42,"gold_loss":0}],"is_beta":false,"boss_relics":[{"not_picked":["Pandora\u0027s Box","Cursed Key"],"picked":"Calling Bell"},{"not_picked":["Runic Dome","Coffee Dripper"],"picked":"Astrolabe"}],"items_purged_floors":[24,47],"is_endless":false,"potions_floor_spawned":[10,18,19,20,22,27,29,31,33,35,36,41,44,46,48],"ascension_level":3}}