{"host":"7qoz5gmva6til3yp","time":1610995537,"event":{"mods":["AchievementEnabler","BaseMod","Minty Spire (QoL Compilation)","StSLib","SuperFastMode"],"gold_per_floor":[111,122,122,141,141,141,153,170,170,170,204,204,216,58,58,158,158,176,187,28,28,80,114,128,128,128,28,53,67,100,110,110,213,213,231,38,51,44,54,54,54,54],"floor_reached":41,"language":"KOR","playtime":1850,"items_purged":["Strike_P","Defend_P","Strike_P","Defend_P"],"score":684,"play_id":"7e41c6fb-be15-4e15-ae70-e0e297db4131","local_time":"20210119034537","is_ascension_mode":true,"campfire_choices":[{"data":"Eruption","floor":6.0,"key":"SMITH"},{"floor":10.0,"key":"REST"},{"data":"TalkToTheHand","floor":12.0,"key":"SMITH"},{"data":"Ragnarok","floor":15.0,"key":"SMITH"},{"data":"Defend_P","floor":32.0,"key":"PURGE"},{"data":"Strike_P+1","floor":40.0,"key":"PURGE"}],"circlet_count":0,"master_deck":["Eruption+1","Vigilance","FlyingSleeves","TalkToTheHand+1","EmptyFist+1","Ragnarok+1","Blasphemy+1","ClearTheMind+1","DeusExMachina+1","MentalFortress","Halt+1","WreathOfFlame+1","SpiritShield+1","MentalFortress"],"relics":["PureWater","Bag of Marbles","Toxic Egg 2","Whetstone","Kunai","Black Star","Blood Vial","White Beast Statue","Peace Pipe","Pen Nib","Letter Opener","Mango","Coffee Dripper","Happy Flower"],"acts_visited":["Exordium","TheCity","TheBeyond"],"potions_floor_usage":[],"damage_taken":[{"damage":0.0,"enemies":"Small Slimes","floor":1.0,"turns":5.0},{"damage":8.0,"enemies":"Jaw Worm","floor":2.0,"turns":6.0},{"damage":0.0,"enemies":"Cultist","floor":4.0,"turns":2.0},{"damage":0.0,"enemies":"Looter","floor":7.0,"turns":2.0},{"damage":15.0,"enemies":"Exordium Thugs","floor":8.0,"turns":6.0},{"damage":9.0,"enemies":"Lagavulin","floor":11.0,"turns":5.0},{"damage":0.0,"enemies":"Blue Slaver","floor":13.0,"turns":2.0},{"damage":9.0,"enemies":"Hexaghost","floor":16.0,"turns":6.0},{"damage":0.0,"enemies":"Chosen","floor":18.0,"turns":3.0},{"damage":13.0,"enemies":"Shell Parasite","floor":19.0,"turns":5.0},{"damage":29.0,"enemies":"Slavers","floor":23.0,"turns":2.0},{"damage":17.0,"enemies":"Centurion and Healer","floor":24.0,"turns":4.0},{"damage":68.0,"enemies":"Gremlin Leader","floor":28.0,"turns":7.0},{"damage":5.0,"enemies":"Sentry and Sphere","floor":29.0,"turns":3.0},{"damage":23.0,"enemies":"Slavers","floor":30.0,"turns":3.0},{"damage":1.0,"enemies":"Snake Plant","floor":31.0,"turns":2.0},{"damage":85.0,"enemies":"Automaton","floor":33.0,"turns":8.0},{"damage":0.0,"enemies":"Orb Walker","floor":35.0,"turns":1.0},{"damage":10.0,"enemies":"3 Darklings","floor":37.0,"turns":3.0},{"damage":38.0,"enemies":"Sphere and 2 Shapes","floor":39.0,"turns":5.0},{"damage":36,"enemies":"Nemesis","floor":41,"turns":2}],"seed_played":"-6916718877869567370","potions_obtained":[{"floor":2.0,"key":"Regen Potion"},{"floor":8.0,"key":"GamblersBrew"},{"floor":21.0,"key":"LiquidMemories"},{"floor":21.0,"key":"Dexterity Potion"},{"floor":21.0,"key":"SkillPotion"},{"floor":23.0,"key":"Fire Potion"},{"floor":24.0,"key":"Fruit Juice"},{"floor":28.0,"key":"DuplicationPotion"},{"floor":30.0,"key":"Regen Potion"},{"floor":31.0,"key":"Fire Potion"},{"floor":33.0,"key":"Strength Potion"},{"floor":35.0,"key":"Explosive Potion"},{"floor":37.0,"key":"Energy Potion"}],"is_trial":false,"path_per_floor":["M","M","?","M","T","R","M","M","T","R","E","R","M","$","R","B",null,"M","M","$","?","$","E","M","?","T","$","E","M","E","M","R","B",null,"M","$","M","$","M","R","E"],"character_chosen":"WATCHER","items_purchased":["Ragnarok","DeusExMachina+1","MentalFortress","MentalFortress","Happy Flower"],"campfire_rested":1,"item_purchase_floors":[14,20,22,36,38],"current_hp_per_floor":[65,57,45,45,45,45,45,30,30,51,42,42,42,42,42,47,66,66,53,53,53,53,24,9,9,9,9,36,33,26,27,27,9,71,73,73,65,65,29,29,0,0],"gold":54,"neow_bonus":"REMOVE_CARD","is_daily":false,"chose_seed":false,"campfire_upgraded":3,"win_rate":0.0,"timestamp":1610995537,"path_taken":["M","M","?","M","?","R","M","M","T","R","E","R","?","$","R","BOSS","M","M","$","?","?","E","M","?","T","$","E","M","E","?","R","BOSS","M","$","M","$","M","R","E"],"items_purchased_type":["Card","Card","Card","Card","Relic"],"build_version":"2020-12-22","purchased_purges":4,"victory":false,"max_hp_per_floor":[72,72,72,72,72,72,72,72,72,72,72,72,72,72,72,72,72,72,72,72,72,72,72,72,72,72,72,77,77,91,91,91,91,91,91,91,91,91,91,91,91,91],"card_choices":[{"not_picked":["Protect","FollowUp","FlyingSleeves"],"picked":"SKIP","floor":1.0},{"not_picked":["Vengeance","CrushJoints"],"picked":"FlyingSleeves","floor":2.0},{"not_picked":["CrushJoints","Halt"],"picked":"TalkToTheHand","floor":4.0},{"not_picked":["DeceiveReality+1","BattleHymn"],"picked":"EmptyFist","floor":7.0},{"not_picked":["SashWhip","Halt+1","DeceiveReality+1"],"picked":"SKIP","floor":8.0},{"not_picked":["Meditate+1","FollowUp","Nirvana"],"picked":"SKIP","floor":11.0},{"not_picked":["Conclude","Swivel+1","EmptyFist"],"picked":"SKIP","floor":13.0},{"not_picked":["Alpha+1","Judgement+1"],"picked":"Blasphemy+1","floor":16.0},{"not_picked":["FollowUp","Evaluate+1"],"picked":"ClearTheMind+1","floor":18.0},{"not_picked":["FlyingSleeves","PathToVictory+1","ReachHeaven"],"picked":"SKIP","floor":19.0},{"not_picked":["BowlingBash","Ragnarok"],"picked":"Halt+1","floor":23.0},{"not_picked":["JustLucky","PathToVictory+1","Evaluate+1"],"picked":"SKIP","floor":24.0},{"not_picked":["Weave+1","FollowUp","Protect+1"],"picked":"SKIP","floor":28.0},{"not_picked":["Study","Fasting2","Evaluate+1"],"picked":"SKIP","floor":29.0},{"not_picked":["Consecrate","Wireheading"],"picked":"WreathOfFlame+1","floor":30.0},{"not_picked":["Tantrum","SignatureMove+1","CrushJoints"],"picked":"SKIP","floor":31.0},{"not_picked":["ConjureBlade+1","Blasphemy+1"],"picked":"SpiritShield+1","floor":33.0},{"not_picked":["CutThroughFate","EmptyBody+1","Protect+1"],"picked":"SKIP","floor":35.0},{"not_picked":["CrushJoints","JustLucky+1","Wallop"],"picked":"SKIP","floor":37.0},{"not_picked":["Consecrate","Conclude","FlurryOfBlows+1"],"picked":"SKIP","floor":39.0}],"player_experience":395992,"relics_obtained":[{"floor":5.0,"key":"Toxic Egg 2"},{"floor":9.0,"key":"Whetstone"},{"floor":11.0,"key":"Kunai"},{"floor":23.0,"key":"Blood Vial"},{"floor":23.0,"key":"White Beast Statue"},{"floor":26.0,"key":"Peace Pipe"},{"floor":28.0,"key":"Pen Nib"},{"floor":28.0,"key":"Letter Opener"},{"floor":30.0,"key":"Mango"}],"event_choices":[{"damage_healed":0.0,"max_hp_gain":0.0,"max_hp_loss":0.0,"gold_gain":0.0,"event_name":"Scrap Ooze","player_choice":"Success","floor":3.0,"gold_loss":0.0,"damage_taken":12.0,"relics_obtained":["Bag of Marbles"]},{"damage_healed":0.0,"max_hp_gain":0.0,"max_hp_loss":0.0,"gold_gain":0.0,"event_name":"Lab","player_choice":"Got Potions","floor":21.0,"gold_loss":0.0,"damage_taken":0.0},{"cards_removed":["Strike_P"],"damage_healed":0.0,"max_hp_gain":0.0,"max_hp_loss":0.0,"gold_gain":0.0,"event_name":"Purifier","player_choice":"Purged","floor":25.0,"gold_loss":0.0,"damage_taken":0.0}],"is_beta":false,"boss_relics":[{"not_picked":["HolyWater","SacredBark"],"picked":"Black Star"},{"not_picked":["VioletLotus","Runic Dome"],"picked":"Coffee Dripper"}],"items_purged_floors":[22,27,36,38],"is_endless":false,"potions_floor_spawned":[2,8,23,24,28,29,30,31,33,35,37,39],"killed_by":"Nemesis","ascension_level":8}}