{"host":"m1hsm1cztz438mir","time":1610984453,"event":{"mods":["2.2 Compatiblity","AchievementEnabler","Act Like it!","Aspiration","BaseMod","Better Altar","Better Match","Better Sensory Stone","Better Skull","Better Third Choice","Colored Map","Glutton Mod","Minty Spire (QoL Compilation)","Permanent Neow","Relic Stats","Replay The Spire","Shop Mod","StSLib","The Fake Hero"],"gold_per_floor":[516,531,608,620,632,659,659,679,706,740,758,243,268,346,346,448,448,467,467,485,399,413,440,440,471,550,550,578,578,592,612,612,707,707,720,739,324,0,16,16,16,36,36,61,61,61,74,102,102,102,102,102,50,78,78],"floor_reached":56,"language":"ENG","playtime":4470,"items_purged":["ReplayTheSpireMod:Splinters","Doubt","ReplayTheSpireMod:Doomed","Injury","luka_mod:Surrender"],"score":1463,"play_id":"95b6611d-1dd0-49d8-b9af-d71bc5b45163","local_time":"20210118154053","is_ascension_mode":true,"campfire_choices":[{"data":"luka_mod:Salt","floor":7.0,"key":"SMITH"},{"data":"luka_mod:AngryLuka","floor":15.0,"key":"SMITH"},{"data":"luka_mod:Erubetie","floor":24.0,"key":"SMITH"},{"data":"luka_mod:Request","floor":27.0,"key":"SMITH"},{"data":"luka_mod:Erubetie","floor":29.0,"key":"SMITH"},{"data":"luka_mod:Request","floor":32.0,"key":"SMITH"},{"data":"luka_mod:Request","floor":40.0,"key":"SMITH"},{"floor":49.0,"key":"RECALL"},{"data":"Replay:Sssssssssshield","floor":52.0,"key":"SMITH"}],"circlet_count":1,"master_deck":["luka_mod:StrikeLukaOne+1","luka_mod:StrikeLukaTwo+1","luka_mod:StrikeLukaThree+1","luka_mod:StrikeLukaFour+1","luka_mod:StrikeLukaFive+1","luka_mod:StrikeLukaSix+1","luka_mod:Salt+1","luka_mod:Guard+1","luka_mod:Wait+1","luka_mod:Edging+1","luka_mod:FlailWildly+1","luka_mod:Meditation+1","Glutton:Flail+1","luka_mod:StrikeLukaSix+1","luka_mod:Sylph+1","luka_mod:StrikeLuka+1","luka_mod:Request+1","luka_mod:Request+1","luka_mod:FlashKill+1","luka_mod:NinefoldRakshasa+1","luka_mod:SuperAttack+1","luka_mod:AlicesGuard+1","luka_mod:Undine+1","luka_mod:RestrictedStrike+1","luka_mod:AngryLuka+1","luka_mod:Erubetie+1","luka_mod:NinefoldRakshasa+1","luka_mod:RestrictedStrike+1","Panache+1","luka_mod:Request+1","luka_mod:Erubetie+1","luka_mod:StrikeLuka+1","luka_mod:StrikeLuka+1","luka_mod:Granberia+1","luka_mod:SpoilerForm+1","luka_mod:Undine+1","luka_mod:Gnome+1","luka_mod:AlicesGuard+1","Replay:Sssssssssshield+1","Replay:Sssssssssshield","luka_mod:NotVerySharp"],"relics":["luka_mod:KeepsakeRing","Lizard Tail","CaptainsWheel","Bag of Preparation","The Courier","HornCleat","MerchantsRug","Bottled Tornado","Circlet","FossilizedHelix","aspiration:RitualStick","Anchor","Frozen Egg 2","Chameleon Ring","Replay:Cursed D8","Mark of the Bloom","Thread and Needle"],"acts_visited":["Exordium","TheCity","TheBeyond","TheEnding"],"potions_floor_usage":[55,55],"damage_taken":[{"damage":3.0,"enemies":"Cultist","floor":1.0,"turns":3.0},{"damage":15.0,"enemies":"Jaw Worm","floor":2.0,"turns":2.0},{"damage":9.0,"enemies":"Small Slimes","floor":4.0,"turns":3.0},{"damage":11.0,"enemies":"Looter","floor":5.0,"turns":3.0},{"damage":4.0,"enemies":"Gremlin Nob","floor":6.0,"turns":3.0},{"damage":31.0,"enemies":"3 Louse","floor":8.0,"turns":4.0},{"damage":6.0,"enemies":"Lagavulin","floor":10.0,"turns":5.0},{"damage":17.0,"enemies":"Gremlin Gang","floor":11.0,"turns":4.0},{"damage":9.0,"enemies":"3 Sentries","floor":13.0,"turns":5.0},{"damage":3.0,"enemies":"Hexaghost","floor":16.0,"turns":5.0},{"damage":0.0,"enemies":"Spheric Guardian","floor":18.0,"turns":3.0},{"damage":7.0,"enemies":"Shell Parasite","floor":20.0,"turns":3.0},{"damage":0.0,"enemies":"Shelled Parasite and Fungi","floor":22.0,"turns":4.0},{"damage":16.0,"enemies":"Gremlin Leader","floor":23.0,"turns":6.0},{"damage":26.0,"enemies":"Book of Stabbing","floor":25.0,"turns":8.0},{"damage":6.0,"enemies":"Replay:Snechameleon","floor":28.0,"turns":5.0},{"damage":0.0,"enemies":"Sentry and Sphere","floor":30.0,"turns":5.0},{"damage":3.0,"enemies":"Chosen and Byrds","floor":31.0,"turns":5.0},{"damage":0.0,"enemies":"Automaton","floor":33.0,"turns":8.0},{"damage":0.0,"enemies":"3 Darklings","floor":35.0,"turns":2.0},{"damage":0.0,"enemies":"Orb Walker","floor":36.0,"turns":3.0},{"damage":0.0,"enemies":"Writhing Mass","floor":39.0,"turns":6.0},{"damage":0.0,"enemies":"Spire Growth","floor":42.0,"turns":4.0},{"damage":0.0,"enemies":"Nemesis","floor":44.0,"turns":7.0},{"damage":0.0,"enemies":"Jaw Worm Horde","floor":47.0,"turns":2.0},{"damage":8.0,"enemies":"Awakened One","floor":50.0,"turns":7.0},{"damage":4.0,"enemies":"Shield and Spear","floor":54.0,"turns":4.0},{"damage":5,"enemies":"The Heart","floor":55,"turns":7}],"seed_played":"5168033110848568312","potions_obtained":[{"floor":1.0,"key":"SpeedPotion"},{"floor":2.0,"key":"Cursed Concoction"},{"floor":3.0,"key":"FearPotion"},{"floor":3.0,"key":"LifebloodPotion"},{"floor":6.0,"key":"Cursed Concoction"},{"floor":11.0,"key":"Swift Potion"},{"floor":16.0,"key":"Toxic Potion"},{"floor":22.0,"key":"Languid Potion"},{"floor":25.0,"key":"Fire Potion"},{"floor":33.0,"key":"LifebloodPotion"}],"is_trial":false,"path_per_floor":["M","M","?","M","M","E","R","M","T","E","M","$","E","T","R","B",null,"M","?","M","$","M","E","R","E","T","R","E","R","M","M","R","B",null,"M","M","$","?","M","R","?","M","T","E","?","?","M","$","R","B",null,"R","$","E","B",null],"character_chosen":"LUKA_CLASS","items_purchased":["HornCleat","MerchantsRug","luka_mod:AlicesGuard","luka_mod:Undine","luka_mod:RestrictedStrike","Panache","luka_mod:Request","luka_mod:SpoilerForm+1","luka_mod:Undine+1","luka_mod:Gnome+1","Elixir","Cursed Concoction"],"campfire_rested":0,"item_purchase_floors":[12,12,12,12,12,21,21,37,37,37,37,37],"current_hp_per_floor":[37,22,22,33,40,36,36,25,25,40,40,40,31,31,31,28,40,40,32,25,25,25,24,24,14,14,14,28,28,40,37,37,37,40,40,40,40,40,40,40,38,38,38,38,38,38,38,38,38,30,30,30,30,26,21],"gold":78,"neow_bonus":"ONE_RARE_RELIC","is_daily":false,"chose_seed":false,"campfire_upgraded":8,"win_rate":0.0,"timestamp":1610984453,"path_taken":["M","M","?","M","?","E","R","M","T","E","M","$","E","?","R","BOSS","M","?","M","$","M","E","R","E","T","R","E","R","M","M","R","BOSS","M","M","$","?","M","R","?","M","T","E","?","?","M","$","R","BOSS","R","$","E","BOSS"],"items_purchased_type":["Relic","Relic","Card","Card","Card","Card","Card","Card","Card","Card","Potion","Potion"],"build_version":"2020-12-22","purchased_purges":5,"victory":true,"max_hp_per_floor":[40,40,40,40,40,40,40,40,40,40,40,40,40,40,40,40,40,40,40,40,40,40,40,40,40,40,40,40,40,40,40,40,40,40,40,40,40,40,40,40,38,38,38,38,38,38,38,38,38,38,38,38,38,38,38],"relic_stats":{"Lizard Tail":0,"Mark of the Bloom":76,"counters":[28,126],"Bag of Preparation":[44],"obtain_stats":[{"MerchantsRug":12,"Regal Pillow":43,"Mark of the Bloom":45,"luka_mod:KeepsakeRing":0,"Circlet":17,"Blue Doll":44,"Thread and Needle":54,"The Courier":10,"Bag of Preparation":9,"Replay:Ancient Bell":17,"aspiration:SeaSaltIceCream":17,"Replay:Kaleidoscope":23,"Bottled Tornado":13,"Frozen Egg 2":26,"aspiration:RitualStick":19,"Lizard Tail":0,"CaptainsWheel":6,"Replay:Baseball":17,"Anchor":25,"HornCleat":12,"Chameleon Ring":28,"Replay:Cursed D8":34,"Red Mask":38,"FossilizedHelix":17},{"MerchantsRug":8,"Regal Pillow":23,"Mark of the Bloom":24,"luka_mod:KeepsakeRing":0,"Circlet":10,"Blue Doll":24,"Thread and Needle":27,"The Courier":7,"Bag of Preparation":6,"Replay:Ancient Bell":10,"aspiration:SeaSaltIceCream":10,"Replay:Kaleidoscope":14,"Bottled Tornado":9,"Frozen Egg 2":15,"aspiration:RitualStick":11,"Lizard Tail":0,"CaptainsWheel":5,"Replay:Baseball":10,"Anchor":15,"HornCleat":8,"Chameleon Ring":16,"Replay:Cursed D8":19,"Red Mask":21,"FossilizedHelix":10},{"MerchantsRug":27,"Regal Pillow":99,"Mark of the Bloom":106,"luka_mod:KeepsakeRing":0,"Circlet":37,"Blue Doll":106,"Thread and Needle":119,"The Courier":23,"Bag of Preparation":18,"Replay:Ancient Bell":37,"aspiration:SeaSaltIceCream":37,"Replay:Kaleidoscope":53,"Bottled Tornado":32,"Frozen Egg 2":61,"aspiration:RitualStick":40,"Lizard Tail":0,"CaptainsWheel":14,"Replay:Baseball":37,"Anchor":61,"HornCleat":27,"Chameleon Ring":66,"Replay:Cursed D8":84,"Red Mask":89,"FossilizedHelix":37}],"aspiration:RitualStick":[1]},"card_choices":[{"not_picked":["luka_mod:EarthRumblingDecapitation","luka_mod:DemonDecapitation"],"picked":"luka_mod:Sylph","floor":1.0},{"not_picked":["luka_mod:OiAlice","luka_mod:Overexert"],"picked":"luka_mod:StrikeLuka","floor":2.0},{"not_picked":["luka_mod:EarthSlash","luka_mod:StressRelief"],"picked":"luka_mod:Request","floor":4.0},{"not_picked":["luka_mod:WindSlash","luka_mod:Overexert"],"picked":"luka_mod:Request","floor":5.0},{"not_picked":["luka_mod:PeacePreach","luka_mod:Struggle"],"picked":"luka_mod:FlashKill","floor":6.0},{"not_picked":["luka_mod:WindSlash","luka_mod:Intense","luka_mod:Struggle"],"picked":"SKIP","floor":8.0},{"not_picked":["luka_mod:SmallBody","luka_mod:RestrictedStrike"],"picked":"luka_mod:NinefoldRakshasa","floor":10.0},{"not_picked":["luka_mod:DemonSkullBeheading","luka_mod:StrikeLuka"],"picked":"luka_mod:SuperAttack","floor":11.0},{"not_picked":["luka_mod:Gnome","luka_mod:RestrictedStrike"],"picked":"luka_mod:AngryLuka","floor":13.0},{"not_picked":["luka_mod:Alice","luka_mod:AlicesFist"],"picked":"luka_mod:Erubetie","floor":16.0},{"not_picked":["luka_mod:Surrender","Writhe"],"picked":"ReplayTheSpireMod:Doomed","floor":17.0},{"not_picked":["Regret","Replay:Hysterical Blindness"],"picked":"Doubt","floor":17.0},{"not_picked":["Voices","Decay"],"picked":"Injury","floor":17.0},{"not_picked":["luka_mod:FireSlash","luka_mod:Cutscene"],"picked":"luka_mod:NinefoldRakshasa","floor":18.0},{"not_picked":["luka_mod:DemonSkullBeheading","luka_mod:Feel"],"picked":"luka_mod:RestrictedStrike","floor":20.0},{"not_picked":["luka_mod:Feel","luka_mod:FireSlash","luka_mod:Intense"],"picked":"SKIP","floor":22.0},{"not_picked":["luka_mod:FireSlash","luka_mod:AlicesGuard"],"picked":"luka_mod:Erubetie","floor":23.0},{"not_picked":["luka_mod:IliasesJudgement","luka_mod:FireSlash"],"picked":"luka_mod:StrikeLuka","floor":25.0},{"not_picked":["luka_mod:SmallBody+1","luka_mod:Request","luka_mod:HeavenlyDemonRevival"],"picked":"SKIP","floor":28.0},{"not_picked":["luka_mod:Calm","luka_mod:WaterSlash"],"picked":"luka_mod:StrikeLuka","floor":30.0},{"not_picked":["luka_mod:ThunderThrust","luka_mod:Feel","luka_mod:VaporizingRebellionSword"],"picked":"SKIP","floor":31.0},{"not_picked":["luka_mod:Alice","luka_mod:SpoilerForm+1"],"picked":"luka_mod:Granberia+1","floor":33.0},{"not_picked":["luka_mod:BladeOfRagingFire","luka_mod:StressRelief","luka_mod:HeroicStrike"],"picked":"SKIP","floor":35.0},{"not_picked":["luka_mod:WaterSlash","luka_mod:Overexert+1","luka_mod:FlashKill+1"],"picked":"SKIP","floor":36.0},{"not_picked":["luka_mod:IliasesJudgement+1","luka_mod:BladeOfRagingFire+1","luka_mod:StressRelief"],"picked":"SKIP","floor":39.0},{"not_picked":["luka_mod:Struggle","luka_mod:Intense+1","luka_mod:IliasesJudgement"],"picked":"SKIP","floor":42.0},{"not_picked":["luka_mod:StressRelief+1","luka_mod:FlashKill+1"],"picked":"luka_mod:AlicesGuard+1","floor":44.0},{"not_picked":["Mind Blast","Master of Strategy"],"picked":"Replay:Sssssssssshield","floor":46.0},{"not_picked":["Trip","Panacea"],"picked":"Replay:Sssssssssshield","floor":46.0},{"not_picked":["luka_mod:SmallBody+1","luka_mod:WaterSlash"],"picked":"luka_mod:NotVerySharp","floor":47.0},{"not_picked":["luka_mod:FireSlash","luka_mod:StrikeLuka","luka_mod:SereneDemonSword+1"],"picked":"SKIP","floor":54.0}],"player_experience":317218,"relics_obtained":[{"floor":6.0,"key":"CaptainsWheel"},{"floor":9.0,"key":"Bag of Preparation"},{"floor":10.0,"key":"The Courier"},{"floor":13.0,"key":"Bottled Tornado"},{"floor":23.0,"key":"Replay:Kaleidoscope"},{"floor":25.0,"key":"Anchor"},{"floor":26.0,"key":"Frozen Egg 2"},{"floor":28.0,"key":"Chameleon Ring"},{"floor":43.0,"key":"Regal Pillow"},{"floor":44.0,"key":"Blue Doll"},{"floor":54.0,"key":"Thread and Needle"}],"event_choices":[{"damage_healed":0.0,"max_hp_gain":0.0,"max_hp_loss":0.0,"gold_gain":0.0,"event_name":"Tomb of Lord Red Mask","player_choice":"Paid","floor":38.0,"gold_loss":324.0,"damage_taken":0.0,"relics_obtained":["Red Mask"]},{"damage_healed":0.0,"max_hp_gain":0.0,"max_hp_loss":2.0,"gold_gain":0.0,"event_name":"Winding Halls","player_choice":"Max HP","floor":41.0,"gold_loss":0.0,"damage_taken":0.0},{"damage_healed":0.0,"max_hp_gain":0.0,"max_hp_loss":0.0,"gold_gain":0.0,"event_name":"MindBloom","player_choice":"Upgrade","floor":45.0,"gold_loss":0.0,"damage_taken":0.0,"cards_upgraded":["luka_mod:StrikeLukaOne","luka_mod:StrikeLukaTwo","luka_mod:StrikeLukaThree","luka_mod:StrikeLukaFour","luka_mod:StrikeLukaFive","luka_mod:StrikeLukaSix","luka_mod:Guard","luka_mod:Wait","luka_mod:Edging","luka_mod:FlailWildly","luka_mod:Meditation","Glutton:Flail","luka_mod:StrikeLukaSix","luka_mod:Sylph","luka_mod:StrikeLuka","luka_mod:FlashKill","luka_mod:NinefoldRakshasa","luka_mod:SuperAttack","luka_mod:AlicesGuard","luka_mod:Undine","luka_mod:RestrictedStrike","luka_mod:NinefoldRakshasa","luka_mod:RestrictedStrike","Panache","luka_mod:StrikeLuka","luka_mod:StrikeLuka"],"relics_obtained":["Mark of the Bloom"]},{"damage_healed":0.0,"max_hp_gain":0.0,"max_hp_loss":0.0,"gold_gain":3.0,"event_name":"betterStone:BetterStone","player_choice":"1","floor":46.0,"gold_loss":0.0,"damage_taken":0.0}],"is_beta":false,"boss_relics":[{"not_picked":["Velvet Choker","Black Star"],"picked":"Replay:Ancient Bell"},{"not_picked":["Potion Belt","Gremlin Food"],"picked":"Replay:Baseball"},{"not_picked":["Replay:Bottled Eggs","Replay:Bottled Flurry"],"picked":"aspiration:SeaSaltIceCream"},{"not_picked":["Calipers","WingedGreaves"],"picked":"FossilizedHelix"},{"not_picked":["aspiration:RitualDagger","ReplayTheSpireMod:DimensionalGlitch"],"picked":"Replay:Cursed D8"}],"items_purged_floors":[12,21,37,48,53],"is_endless":false,"potions_floor_spawned":[1,2,6,11,16,22,25,28,33,39],"ascension_level":2}}