{"host":"daa8jqyg4gqfaysm","time":1610969397,"event":{"mods":["BaseMod","Colored Powertips","Minty Spire (QoL Compilation)","StSLib"],"gold_per_floor":[109,109,122,132,151,151,181,3,3,13,28,28,55,74,74,74,74],"floor_reached":16,"language":"ENG","playtime":462,"items_purged":["Strike_G"],"score":278,"play_id":"ced69a4d-170b-4fea-8cbb-43779929f2a4","local_time":"20210118192957","is_ascension_mode":true,"campfire_choices":[{"data":"Blade Dance","floor":6,"key":"SMITH"},{"data":"Finisher","floor":12,"key":"SMITH"},{"data":"Calculated Gamble","floor":15,"key":"SMITH"}],"circlet_count":0,"master_deck":["AscendersBane","Strike_G","Strike_G","Strike_G","Strike_G","Defend_G","Defend_G+1","Defend_G","Defend_G+1","Defend_G","Survivor","Neutralize+1","Endless Agony","Blade Dance+1","Calculated Gamble+1","Predator","Finisher+1","Masterful Stab","Malaise","Dagger Spray"],"relics":["Ring of the Snake","War Paint","Smiling Mask","Shuriken","Pear"],"acts_visited":["Exordium"],"potions_floor_usage":[5],"damage_taken":[{"damage":1,"enemies":"Jaw Worm","floor":1,"turns":4},{"damage":3,"enemies":"Cultist","floor":3,"turns":5},{"damage":1,"enemies":"Small Slimes","floor":4,"turns":3},{"damage":4,"enemies":"3 Louse","floor":5,"turns":4},{"damage":22,"enemies":"3 Sentries","floor":7,"turns":10},{"damage":0,"enemies":"Blue Slaver","floor":10,"turns":2},{"damage":0,"enemies":"Looter","floor":11,"turns":1},{"damage":0,"enemies":"Gremlin Nob","floor":13,"turns":1},{"damage":4,"enemies":"Exordium Thugs","floor":14,"turns":4},{"damage":38,"enemies":"Slime Boss","floor":16,"turns":3}],"seed_played":"1206610043428957237","potions_obtained":[{"floor":1,"key":"Swift Potion"},{"floor":4,"key":"Ancient Potion"},{"floor":11,"key":"Strength Potion"}],"is_trial":false,"path_per_floor":["M","?","M","M","M","R","E","$","T","M","M","R","E","M","R","B"],"character_chosen":"THE_SILENT","items_purchased":["Predator","PowerPotion"],"campfire_rested":0,"item_purchase_floors":[8,8],"current_hp_per_floor":[58,58,55,54,50,50,28,28,28,28,28,28,38,34,34,0,0],"gold":74,"neow_bonus":"RANDOM_COMMON_RELIC","is_daily":false,"chose_seed":false,"campfire_upgraded":3,"win_rate":0.0,"timestamp":1610969397,"path_taken":["M","?","?","?","M","R","E","$","T","M","M","R","E","M","R","BOSS"],"items_purchased_type":["Card","Potion"],"build_version":"2020-12-22","purchased_purges":1,"victory":false,"max_hp_per_floor":[66,66,66,66,66,66,66,66,66,66,66,66,76,76,76,76,76],"card_choices":[{"not_picked":["Concentrate","Accuracy"],"picked":"Endless Agony","floor":1},{"not_picked":["Reflex","Deflect","Concentrate"],"picked":"SKIP","floor":3},{"not_picked":["Endless Agony","Heel Hook"],"picked":"Blade Dance","floor":4},{"not_picked":["Infinite Blades","Prepared","Bane"],"picked":"SKIP","floor":5},{"not_picked":["Eviscerate","Well Laid Plans"],"picked":"Calculated Gamble","floor":7},{"not_picked":["Bouncing Flask","Noxious Fumes"],"picked":"Finisher","floor":10},{"not_picked":["Eviscerate","Sucker Punch"],"picked":"Masterful Stab","floor":11},{"not_picked":["All Out Attack","Flying Knee"],"picked":"Malaise","floor":13},{"not_picked":["Setup","Bane"],"picked":"Dagger Spray","floor":14}],"player_experience":835782,"relics_obtained":[{"floor":7,"key":"Smiling Mask"},{"floor":9,"key":"Shuriken"},{"floor":13,"key":"Pear"}],"event_choices":[{"damage_healed":0,"gold_gain":0,"player_choice":"Upgraded","damage_taken":0,"max_hp_gain":0,"max_hp_loss":0,"event_name":"Upgrade Shrine","floor":2,"gold_loss":0,"cards_upgraded":["Neutralize"]}],"is_beta":false,"boss_relics":[],"items_purged_floors":[8],"is_endless":false,"potions_floor_spawned":[1,4,10,11,13],"killed_by":"Slime Boss","ascension_level":20}}