{"host":"fkig9nrckec4xsh0","time":1610935468,"event":{"mods":["BaseMod","Colored Map","Minty Spire (QoL Compilation)","Quick Restart","Replay The Spire","StSLib"],"gold_per_floor":[113,160,160,177,327,356,366,391,469,493,493,505,505,505,505,604,604,618,210,233,233,0,0,0,0],"floor_reached":24,"language":"ENG","playtime":630,"items_purged":["Doubt","Bash"],"score":540,"play_id":"31d10441-61b7-4300-ada5-3f6c15a3f486","local_time":"20210117210428","is_ascension_mode":true,"campfire_choices":[{"data":"Feed","floor":11,"key":"SMITH"},{"floor":23,"key":"REST"}],"circlet_count":0,"master_deck":["AscendersBane","Strike_R","Strike_R","Strike_R+1","Strike_R+1","Strike_R+1","Defend_R+1","Defend_R","Defend_R","Spot Weakness","Perfected Strike","Headbutt+1","Feed+1","Perfected Strike","Impervious","Wild Strike","Pommel Strike","The Bomb","Survey Options","Flash of Steel"],"relics":["Burning Blood","NeowsBlessing","Replay:Towering Pillar of Hats","ReplayTheSpireMod:Lightbulb","Garlic","Bronze Scales","Golden Idol","Black Star","Toolbox","Simple Rune","Nilry\u0027s Codex","ReplayTheSpireMod:ShopPack"],"acts_visited":["Exordium","TheCity"],"potions_floor_usage":[7,8,8,16,16,18,24],"damage_taken":[{"damage":0,"enemies":"Jaw Worm","floor":1,"turns":1},{"damage":0,"enemies":"2 Louse","floor":4,"turns":1},{"damage":0,"enemies":"3 Sentries","floor":6,"turns":1},{"damage":0,"enemies":"Small Slimes","floor":7,"turns":3},{"damage":20,"enemies":"Gremlin Nob","floor":8,"turns":4},{"damage":5,"enemies":"2 Fungi Beasts","floor":12,"turns":3},{"damage":0,"enemies":"Slime Boss","floor":16,"turns":5},{"damage":47,"enemies":"Shell Parasite","floor":18,"turns":6},{"damage":6,"enemies":"Chosen","floor":20,"turns":5},{"damage":38,"enemies":"Replay:Snechameleon","floor":24,"turns":3}],"seed_played":"3743231397760356584","potions_obtained":[{"floor":2,"key":"SteroidPotion"},{"floor":2,"key":"LifebloodPotion"},{"floor":7,"key":"Block Potion"},{"floor":8,"key":"Adrenaline Potion"},{"floor":12,"key":"Energy Potion"},{"floor":16,"key":"PowerPotion"},{"floor":18,"key":"PowerPotion"}],"is_trial":false,"path_per_floor":["M","?","?","M","?","E","M","E","T","T","R","M","?","?","R_BF","B",null,"M","$","M","?","$","R","E"],"character_chosen":"IRONCLAD","items_purchased":["Toolbox","Simple Rune","ReplayTheSpireMod:ShopPack"],"campfire_rested":1,"item_purchase_floors":[19,19,22],"current_hp_per_floor":[74,50,43,49,49,55,61,47,47,47,47,52,52,52,30,40,67,30,30,30,9,9,33,0,0],"gold":0,"neow_bonus":"THREE_ENEMY_KILL","is_daily":false,"chose_seed":false,"campfire_upgraded":1,"win_rate":0.0,"timestamp":1610935468,"path_taken":["M","?","?","M","?","E","M","E","T","?","R","?","?","?","R_BF","BOSS","M","$","M","?","$","R","E"],"items_purchased_type":["Relic","Relic","Relic"],"build_version":"2020-12-22","purchased_purges":2,"victory":false,"max_hp_per_floor":[75,75,75,75,75,75,75,75,75,75,75,79,79,72,72,76,76,80,80,80,80,80,80,80,80],"card_choices":[{"not_picked":["Replay:Undeath\u0027s Touch","Flex"],"picked":"Spot Weakness","floor":1},{"not_picked":["Dropkick","Replay:Undeath\u0027s Touch"],"picked":"Perfected Strike","floor":2},{"not_picked":["Second Wind","Intimidate","Entrench"],"picked":"SKIP","floor":4},{"not_picked":["Dropkick","Run Through"],"picked":"Headbutt","floor":6},{"not_picked":["Sentinel","Spot Weakness"],"picked":"Feed","floor":7},{"not_picked":["Battle Trance","Hemokinesis"],"picked":"Perfected Strike","floor":8},{"not_picked":["Sword Boomerang","Armaments","Iron Wave"],"picked":"SKIP","floor":12},{"not_picked":["Reaper","Barricade"],"picked":"Impervious","floor":16},{"not_picked":["Massacre","ReplayTheSpireMod:Muscle Training"],"picked":"Wild Strike","floor":18},{"not_picked":["Twin Strike","Heavy Blade"],"picked":"Pommel Strike","floor":20},{"not_picked":["Sadistic Nature","Transmutation"],"picked":"The Bomb","floor":22},{"not_picked":["Impatience","The Bomb"],"picked":"Survey Options","floor":22},{"not_picked":["Replay:Sssssssssstrike","ReplayUltimateDefense"],"picked":"Flash of Steel","floor":22}],"player_experience":345741,"relics_obtained":[{"floor":6,"key":"Replay:Towering Pillar of Hats"},{"floor":8,"key":"ReplayTheSpireMod:Lightbulb"},{"floor":9,"key":"Garlic"},{"floor":10,"key":"Bronze Scales"},{"floor":21,"key":"Nilry\u0027s Codex"}],"event_choices":[{"cards_removed":["Defend_R"],"damage_healed":0,"gold_gain":0,"player_choice":"Card Removal","damage_taken":7,"max_hp_gain":0,"max_hp_loss":0,"event_name":"Golden Wing","floor":3,"gold_loss":0},{"damage_healed":0,"gold_gain":150,"player_choice":"AGREE","damage_taken":0,"max_hp_gain":0,"max_hp_loss":0,"event_name":"Liars Game","floor":5,"gold_loss":0,"cards_obtained":["Doubt"]},{"damage_healed":0,"gold_gain":0,"player_choice":"Lose Max HP","damage_taken":0,"relics_obtained":["Golden Idol"],"max_hp_gain":0,"max_hp_loss":7,"event_name":"Golden Idol","floor":14,"gold_loss":0},{"damage_healed":0,"gold_gain":0,"player_choice":"Entered Light","damage_taken":22,"max_hp_gain":0,"max_hp_loss":0,"event_name":"Shining Light","floor":15,"gold_loss":0,"cards_upgraded":["Defend_R","Strike_R"]},{"damage_healed":0,"gold_gain":0,"player_choice":"Obtained Book","damage_taken":21,"max_hp_gain":0,"max_hp_loss":0,"event_name":"Cursed Tome","floor":21,"gold_loss":0}],"is_beta":false,"boss_relics":[{"not_picked":["Black Blood","Snecko Eye"],"picked":"Black Star"}],"items_purged_floors":[19,22],"is_endless":false,"potions_floor_spawned":[7,8,12,16,18],"killed_by":"Replay:Snechameleon","ascension_level":19}}