{"host":"m4zn6rtsd36lrr22","time":1610959341,"event":{"mods":["2.2 Compatiblity","Act Like it!","BaseMod","Better Synergies","CapriCore","Colored Map","Custom Start","Gensokyo","GungeonMod","HololiveMod","Ironclad Rager","Lobotomy","LobotomyExtend","Luminous","Minty Spire (QoL Compilation)","Permanent Neow","Prisma Mod","Quick Restart","Rare Cards Sparkle","Reimu（博丽灵梦）","Relic Stats","Remilia（蕾米莉亚）","Replay The Spire","RumiaBox-露米娅的神秘盒子","Ryuuou龙王","Shop Mod","Spicy Shops","StSLib","The Animator","The Immortal","The Senshi","Waifu the Spire","WarShipGirlsR/战舰少女R mod","【功能Mod】混沌之环修复补丁"],"gold_per_floor":[120,139,153,11,11,11,11,11,11,26,26,45,45,45,45,345,345],"floor_reached":16,"language":"ZHS","playtime":786,"items_purged":[],"score":90,"play_id":"e31e4065-7f96-48e4-86bd-110119b60e68","local_time":"20210118164221","is_ascension_mode":false,"campfire_choices":[],"circlet_count":0,"master_deck":["SpecialBullet","SpecialBullet","SpecialBullet","SpecialBullet","SpecialBullet","SpecialBullet","SpecialBullet","SpecialBullet","ControlCode","InformationCode","WelfareCode","TheSmile","UniverseFragment","Soda","Penitence","SpecialBullet","Gensokyo:LockedMedkit","RecordCode","Clumsy","Regret_ego","CherryBlossoms","Horn","Soda+1","SecurityCode"],"relics":["CogitoBucket","RabbitCall","LetterFromLob","Gensokyo:LunaticRedEyes","Gensokyo:NagashiBinaDoll","Golden Egg","MagicDraw3"],"acts_visited":["Gensokyo:Gensokyo"],"potions_floor_usage":[],"damage_taken":[{"damage":7,"enemies":"Gensokyo:Gryphon","floor":1,"turns":3},{"damage":6,"enemies":"Gensokyo:3_Fairies","floor":2,"turns":4},{"damage":2,"enemies":"Gensokyo:Python","floor":3,"turns":4},{"damage":32,"enemies":"Gensokyo:VengefulSpirit","floor":10,"turns":8},{"damage":17,"enemies":"Gensokyo:Kitsune","floor":12,"turns":4},{"damage":29,"enemies":"Gensokyo:Kokoro","floor":16,"turns":5}],"seed_played":"-5477750172639663696","potions_obtained":[{"floor":2,"key":"Elixir"},{"floor":3,"key":"Regen Potion"},{"floor":12,"key":"Reflective Coating"}],"is_trial":false,"path_per_floor":["M","M","M","COS","?","R","$","?","T","M","R","M","?","?","R","B"],"character_chosen":"Angela","items_purchased":[],"campfire_rested":0,"item_purchase_floors":[],"current_hp_per_floor":[63,60,61,61,61,61,61,61,61,34,34,19,19,19,19,0,0],"gold":345,"neow_bonus":"ONE_RANDOM_RARE_CARD","is_daily":false,"chose_seed":false,"campfire_upgraded":0,"win_rate":0.0,"timestamp":1610959341,"path_taken":["M","M","M","COS","?","R","$","?","T","M","R","?","?","?","R","BOSS"],"items_purchased_type":[],"build_version":"2020-12-22","purchased_purges":0,"victory":false,"max_hp_per_floor":[70,70,70,70,70,70,70,70,70,70,70,70,70,70,70,70,70],"relic_stats":{"counters":[6,28],"obtain_stats":[{"RabbitCall":0,"Golden Egg":9,"CogitoBucket":0,"DemoMod:GlassGuonStoneRelic":2,"Gensokyo:NagashiBinaDoll":8,"LetterFromLob":1,"MagicDraw3":16,"Gensokyo:LunaticRedEyes":5},{"RabbitCall":0,"Golden Egg":3,"CogitoBucket":0,"DemoMod:GlassGuonStoneRelic":2,"Gensokyo:NagashiBinaDoll":3,"LetterFromLob":1,"MagicDraw3":6,"Gensokyo:LunaticRedEyes":3},{"RabbitCall":0,"Golden Egg":11,"CogitoBucket":0,"DemoMod:GlassGuonStoneRelic":7,"Gensokyo:NagashiBinaDoll":11,"LetterFromLob":3,"MagicDraw3":27,"Gensokyo:LunaticRedEyes":11}]},"card_choices":[{"not_picked":["WallGazer","MHz"],"picked":"UniverseFragment","floor":1},{"not_picked":["FeatherOfHonor"],"picked":"Soda","floor":1},{"not_picked":["Justitia"],"picked":"Penitence","floor":2},{"not_picked":["FourthMatchFlame","Beak"],"picked":"SKIP","floor":3},{"not_picked":["TodaysExpression"],"picked":"Regret_ego","floor":10},{"not_picked":["BigBird","OldLady"],"picked":"CherryBlossoms","floor":12},{"not_picked":["Penitence"],"picked":"Horn","floor":12}],"player_experience":313519,"relics_obtained":[{"floor":1,"key":"LetterFromLob"},{"floor":9,"key":"Golden Egg"}],"event_choices":[],"is_beta":false,"boss_relics":[],"items_purged_floors":[],"is_endless":false,"potions_floor_spawned":[2,3,12],"killed_by":"Gensokyo:Kokoro","ascension_level":0}}