{"host":"jvd5k9mqzerszifx","time":1610988962,"event":{"mods":["AchievementEnabler","Act Like it!","BaseMod","Better Note","Better Third Choice","Colored Map","Colored Powertips","Conspire","DeckTracker","Gensokyo","GungeonMod","Hallownest","Hermit","Hubris","Infinite Spire","Jorbs\u0027s Wanderer Trilogy","Koishi","Marisa（F雨　魔理沙）","Minty Spire (QoL Compilation)","MostiFishMod","Relic Stats","Replay The Spire","Reworked Bosses","Spicy Shops","StSLib","The Administrix","The Bug Knight","The Cursed","The Factory","The Hierophant","The Jungle","The Servant 0.9.4","【功能Mod】聪明的最终Boss"],"gold_per_floor":[151,190,140,140,24,111,111,189,189,291,46,79,175,259,259,553,553,610,80,80,80,80,155,35,116,116,116,170,215,257,290,344,344,344,638,638,689,689,689,689,689,764,854,959,959,959,1064,1064,1100,1169,1169,1169,1169,1169,33,156,156],"floor_reached":58,"language":"ZHS","playtime":3210,"items_purged":[],"score":1897,"play_id":"87fca58d-cedd-4823-8aee-6021488b2a14","local_time":"20210119005602","is_ascension_mode":true,"campfire_choices":[{"data":"TheCursedMod:Strike_TheCursed","floor":7.0,"key":"PURGE"},{"data":"TheCursedMod:Strike_TheCursed","floor":7.0,"key":"PURGE"},{"data":"TheCursedMod:Defend_TheCursed","floor":7.0,"key":"PURGE"},{"data":"TheCursedMod:Defend_TheCursed","floor":7.0,"key":"PURGE"},{"data":"TheCursedMod:Strike_TheCursed","floor":7.0,"key":"SMITH"},{"data":"TheCursedMod:Defend_TheCursed","floor":7.0,"key":"SMITH"},{"data":"TheCursedMod:CursedWand","floor":7.0,"key":"SMITH"},{"data":"TheCursedMod:CleanUpWorkshop","floor":7.0,"key":"SMITH"},{"data":"TheCursedMod:Torture","floor":7.0,"key":"SMITH"},{"data":"TheCursedMod:Stretching","floor":7.0,"key":"SMITH"},{"data":"TheCursedMod:SpreadPlague","floor":7.0,"key":"SMITH"},{"data":"TheCursedMod:Defend_TheCursed+1","floor":7.0,"key":"PURGE"},{"data":"TheCursedMod:Strike_TheCursed+1","floor":7.0,"key":"PURGE"},{"floor":7.0,"key":"RECALL"},{"data":"TheCursedMod:CircleOfBlood","floor":15.0,"key":"SMITH"},{"data":"TheCursedMod:StingEye","floor":15.0,"key":"SMITH"},{"data":"TheCursedMod:SmokeScreen","floor":15.0,"key":"SMITH"},{"data":"TheCursedMod:CursedShiv","floor":15.0,"key":"SMITH"},{"data":"TheCursedMod:CircleOfFlame","floor":15.0,"key":"SMITH"},{"floor":15.0,"key":"REST"},{"data":"TheCursedMod:AntiAging","floor":27.0,"key":"SMITH"},{"data":"TheCursedMod:Stretching","floor":27.0,"key":"SMITH"},{"data":"TheCursedMod:Hemoplague","floor":27.0,"key":"SMITH"},{"data":"TheCursedMod:Hemoplague","floor":27.0,"key":"SMITH"},{"data":"TheCursedMod:LuckyCharm","floor":27.0,"key":"SMITH"},{"floor":27.0,"key":"REST"},{"data":"TheCursedMod:CircleOfCorruption","floor":33.0,"key":"SMITH"},{"floor":33.0,"key":"REST"},{"data":"TheCursedMod:CursedRelics","floor":46.0,"key":"SMITH"},{"data":"TheCursedMod:Hemoplague","floor":46.0,"key":"SMITH"},{"floor":46.0,"key":"REST"},{"data":"TheCursedMod:BlessingInDisguise","floor":51.0,"key":"SMITH"},{"floor":51.0,"key":"REST"},{"floor":54.0,"key":"REST"}],"circlet_count":0,"master_deck":["TheCursedMod:CursedWand+1","TheCursedMod:CleanUpWorkshop+1","TheCursedMod:Dregs","TheCursedMod:Torture+1","TheCursedMod:Stretching+1","TheCursedMod:SpreadPlague+1","TheCursedMod:CircleOfBlood+1","TheCursedMod:StingEye+1","TheCursedMod:SmokeScreen+1","TheCursedMod:CursedShiv+1","TheCursedMod:CircleOfFlame+1","TheCursedMod:AntiAging+1","TheCursedMod:Stretching+1","TheCursedMod:Evocation+1","TheCursedMod:HellfireBreathing+1","TheCursedMod:Hemoplague+1","TheCursedMod:HellfireBreathing+1","TheCursedMod:Hemoplague+1","TheCursedMod:LuckyCharm+1","TheCursedMod:SpitefulPlan+1","TheCursedMod:TroublousMinions+1","TheCursedMod:ReleasedKnowledge+1","TheCursedMod:CircleOfCorruption+1","TheCursedMod:CursedRelics+1","TheCursedMod:Hemoplague+1","TheCursedMod:BlessingInDisguise+1","TheCursedMod:CursedBlade+1","TheCursedMod:VoidForm","TheCursedMod:Mangle","TheCursedMod:Stretching+1"],"relics":["Uniform","Peace Pipe","Ginger","Turnip","Unceasing Top","Omamori","Ice Cream","The Courier","Medical Kit","WingedGreaves","HandDrill","Frozen Eye","Blue Candle","Civilization","DaveBox","BionicSphere","SynthV:TestCard","infinitespire:Cubic Diamond","ChiLing","Chi","Ling","DemoMod:GlassGuonStoneRelic","Strawberry","Smiling Mask","Singing Bowl","DemoMod:BlueGuonStone","ReplayTheSpireMod:Shallot","Blue Doll","Bag of Marbles","SlaversCollar","Replay:Wax Seal","DemoMod:WhiteGuonStone","Replay:Bottled Eggs","Question Card","SynthV","FossilizedHelix","DemoMod:RatBoots","DemoMod:ResourcefulSack","DemoMod:PartiallyEatenCheese","GuanYuAspect","TheCursedMod:OminousMark","hubris:Potato","Gensokyo:DualWield","Akabeko","Gremlin Food","CeramicFish","TheCursedMod:SoulVessel","hubris:HerbalPaste","infinitespire:Golems Mask","TheCursedMod:BloodyHarpoon","Pen Nib","conspire:GiftBox","Bottled Tornado"],"acts_visited":["Exordium","Exordium","theJungle:Jungle","Gensokyo:Gensokyoest","TheEnding"],"potions_floor_usage":[],"damage_taken":[{"damage":0.0,"enemies":"Small Slimes","floor":1.0,"turns":4.0},{"damage":0.0,"enemies":"Jaw Worm","floor":2.0,"turns":3.0},{"damage":2.0,"enemies":"3 Sentries","floor":6.0,"turns":2.0},{"damage":3.0,"enemies":"Lagavulin","floor":8.0,"turns":2.0},{"damage":3.0,"enemies":"HollowMod:MossKnight","floor":10.0,"turns":2.0},{"damage":2.0,"enemies":"2 Louse","floor":12.0,"turns":1.0},{"damage":3.0,"enemies":"Lagavulin","floor":13.0,"turns":2.0},{"damage":3.0,"enemies":"3 Sentries","floor":14.0,"turns":1.0},{"damage":12.0,"enemies":"Fading Forest","floor":16.0,"turns":10.0},{"damage":1.0,"enemies":"theJungle:MUSHROOMGANG","floor":18.0,"turns":1.0},{"damage":2.0,"enemies":"theJungle:MamaSnecko","floor":23.0,"turns":4.0},{"damage":2.0,"enemies":"theJungle:Cassacara","floor":25.0,"turns":3.0},{"damage":0.0,"enemies":"DemoMod:2_Veteran_bullet_kins_and_red_shotgun_kin","floor":28.0,"turns":1.0},{"damage":1.0,"enemies":"DemoMod:Veteran_shot_gun_kin_and_red_shotgun_kin","floor":29.0,"turns":2.0},{"damage":1.0,"enemies":"DemoMod:Red_and_blue_shotgun_kin_with_gunsinger","floor":30.0,"turns":1.0},{"damage":1.0,"enemies":"DemoMod:2_Mousers","floor":31.0,"turns":2.0},{"damage":0.0,"enemies":"DemoMod:Veteran_shot_gun_kin_and_blue_shotgun_kin_with_gunsinger","floor":32.0,"turns":2.0},{"damage":2.0,"enemies":"DemoMod:ResourcefulRat","floor":35.0,"turns":7.0},{"damage":0.0,"enemies":"Gensokyo:AncientGuardian","floor":37.0,"turns":3.0},{"damage":0.0,"enemies":"Gensokyo:Marisa","floor":42.0,"turns":3.0},{"damage":0.0,"enemies":"Gensokyo:Kasen","floor":43.0,"turns":3.0},{"damage":0.0,"enemies":"Gensokyo:Marisa","floor":44.0,"turns":2.0},{"damage":0.0,"enemies":"Gensokyo:Kasen","floor":47.0,"turns":3.0},{"damage":0.0,"enemies":"Gensokyo:3_Boulders","floor":49.0,"turns":1.0},{"damage":0.0,"enemies":"Gensokyo:SeedOfUnknown","floor":50.0,"turns":3.0},{"damage":0.0,"enemies":"Gensokyo:Scarlet_Devils","floor":52.0,"turns":5.0},{"damage":0,"enemies":"Shield and Spear","floor":56,"turns":3},{"damage":1,"enemies":"The Heart","floor":57,"turns":6}],"seed_played":"-6543254775147246526","potions_obtained":[{"floor":2.0,"key":"Reflective Coating"},{"floor":8.0,"key":"Adrenaline Potion"},{"floor":10.0,"key":"LiquidMemories"},{"floor":13.0,"key":"Toxic Potion"}],"is_trial":false,"path_per_floor":["M","M","?","?","$","E","R","E","T","E","$","M","E","E","R","B",null,"M","$","?","?","T","E","$","E","T","R","M","M","M","M","M","R","B","B",null,"M","AVR","?","?","?","E","E","E","T","R","E","?","M","M","R","B",null,"R","$","E","B",null],"character_chosen":"THE_CURSED","items_purchased":["ChiLing","ReplayTheSpireMod:Shallot","DemoMod:GnawedKey","Replay:Wax Seal","DemoMod:WhiteGuonStone","TheCursedMod:Evocation+1","TheCursedMod:HellfireBreathing","TheCursedMod:Hemoplague","TheCursedMod:HellfireBreathing","TheCursedMod:Hemoplague","TheCursedMod:LuckyCharm","SynthV","TheCursedMod:SoulVessel","hubris:HerbalPaste","infinitespire:Golems Mask","TheCursedMod:BloodyHarpoon","Pen Nib","conspire:GiftBox","TheCursedMod:Mangle"],"campfire_rested":6,"item_purchase_floors":[5,11,11,19,19,19,19,19,19,19,19,24,55,55,55,55,55,55,55],"current_hp_per_floor":[77,80,80,80,80,91,91,95,95,102,102,110,120,131,143,156,158,176,176,176,176,176,194,194,217,219,219,242,268,293,317,345,347,372,402,201,218,218,218,218,218,245,272,302,302,315,328,328,348,379,395,409,421,421,421,438,465],"gold":156,"neow_bonus":"REMOVE_CARD","is_daily":false,"chose_seed":false,"campfire_upgraded":21,"win_rate":0.0,"timestamp":1610988962,"path_taken":["M","M","?","?","?","E","R","E","T","E","$","?","E","E","R","BOSS","M","$","?","?","?","E","?","E","T","R","M","M","M","M","M","R","BOSS","BOSS","M","AVR","?","?","?","E","E","E","T","R","E","?","?","M","R","BOSS","R","$","E","BOSS"],"items_purchased_type":["Relic","Relic","Relic","Relic","Relic","Card","Card","Card","Card","Card","Card","Relic","Relic","Relic","Relic","Relic","Relic","Relic","Card"],"build_version":"2020-12-22","purchased_purges":0,"victory":true,"max_hp_per_floor":[77,80,80,80,80,93,93,100,100,108,108,118,129,143,143,158,158,176,176,176,176,176,195,195,219,219,219,242,269,294,319,347,347,372,402,201,231,231,231,231,231,258,285,315,315,315,340,340,367,395,395,421,421,421,421,449,474],"relic_stats":{"Singing Bowl":16,"counters":[29,84],"Blue Candle":[6],"CeramicFish":135,"Pen Nib":[0],"Ginger":[6],"Medical Kit":[13],"Smiling Mask":0,"Question Card":31,"Peace Pipe":8,"Turnip":[6],"HandDrill":[22],"obtain_stats":[{"Ice Cream":0,"DemoMod:BlueGuonStone":10,"Chi":5,"CeramicFish":47,"infinitespire:Cubic Diamond":4,"DemoMod:GlassGuonStoneRelic":6,"Uniform":4,"Ginger":0,"Bottled Tornado":56,"hubris:HerbalPaste":55,"GuanYuAspect":36,"Strawberry":6,"infinitespire:Golems Mask":55,"HandDrill":0,"Replay:Wax Seal":19,"TheCursedMod:BlackMagic101":0,"Blue Candle":0,"Pen Nib":55,"DemoMod:RatBoots":36,"Question Card":23,"Akabeko":42,"SlaversCollar":17,"Ling":5,"conspire:GiftBox":55,"ReplayTheSpireMod:Shallot":11,"BionicSphere":1,"DemoMod:ResourcefulSack":36,"Unceasing Top":0,"ChiLing":5,"TheCursedMod:SoulVessel":55,"TheCursedMod:BloodyHarpoon":55,"DaveBox":0,"Singing Bowl":9,"SynthV":24,"Blue Doll":13,"DemoMod:WhiteGuonStone":19,"Smiling Mask":8,"Gensokyo:DualWield":40,"Frozen Eye":0,"Civilization":0,"WingedGreaves":0,"DemoMod:GnawedKey":11,"Replay:Bottled Eggs":22,"Gremlin Food":43,"DemoMod:PartiallyEatenCheese":36,"The Courier":0,"Omamori":0,"Medical Kit":0,"Peace Pipe":0,"SynthV:TestCard":1,"TheCursedMod:OminousMark":36,"Turnip":0,"Bag of Marbles":14,"FossilizedHelix":25,"hubris:Potato":38},{"Ice Cream":0,"DemoMod:BlueGuonStone":5,"Chi":2,"CeramicFish":24,"infinitespire:Cubic Diamond":2,"DemoMod:GlassGuonStoneRelic":3,"Uniform":2,"Ginger":0,"Bottled Tornado":28,"hubris:HerbalPaste":27,"GuanYuAspect":19,"Strawberry":3,"infinitespire:Golems Mask":27,"HandDrill":0,"Replay:Wax Seal":10,"TheCursedMod:BlackMagic101":0,"Blue Candle":0,"Pen Nib":27,"DemoMod:RatBoots":19,"Question Card":11,"Akabeko":21,"SlaversCollar":9,"Ling":2,"conspire:GiftBox":27,"ReplayTheSpireMod:Shallot":5,"BionicSphere":1,"DemoMod:ResourcefulSack":19,"Unceasing Top":0,"ChiLing":2,"TheCursedMod:SoulVessel":27,"TheCursedMod:BloodyHarpoon":27,"DaveBox":0,"Singing Bowl":4,"SynthV":11,"Blue Doll":7,"DemoMod:WhiteGuonStone":10,"Smiling Mask":4,"Gensokyo:DualWield":20,"Frozen Eye":0,"Civilization":0,"WingedGreaves":0,"DemoMod:GnawedKey":5,"Replay:Bottled Eggs":10,"Gremlin Food":22,"DemoMod:PartiallyEatenCheese":19,"The Courier":0,"Omamori":0,"Medical Kit":0,"Peace Pipe":0,"SynthV:TestCard":1,"TheCursedMod:OminousMark":19,"Turnip":0,"Bag of Marbles":8,"FossilizedHelix":12,"hubris:Potato":20},{"Ice Cream":0,"DemoMod:BlueGuonStone":13,"Chi":7,"CeramicFish":66,"infinitespire:Cubic Diamond":7,"DemoMod:GlassGuonStoneRelic":9,"Uniform":7,"Ginger":0,"Bottled Tornado":78,"hubris:HerbalPaste":75,"GuanYuAspect":52,"Strawberry":9,"infinitespire:Golems Mask":75,"HandDrill":0,"Replay:Wax Seal":28,"TheCursedMod:BlackMagic101":0,"Blue Candle":0,"Pen Nib":75,"DemoMod:RatBoots":52,"Question Card":32,"Akabeko":58,"SlaversCollar":27,"Ling":7,"conspire:GiftBox":75,"ReplayTheSpireMod:Shallot":13,"BionicSphere":4,"DemoMod:ResourcefulSack":52,"Unceasing Top":0,"ChiLing":7,"TheCursedMod:SoulVessel":75,"TheCursedMod:BloodyHarpoon":75,"DaveBox":0,"Singing Bowl":11,"SynthV":32,"Blue Doll":16,"DemoMod:WhiteGuonStone":28,"Smiling Mask":11,"Gensokyo:DualWield":55,"Frozen Eye":0,"Civilization":0,"WingedGreaves":0,"DemoMod:GnawedKey":13,"Replay:Bottled Eggs":28,"Gremlin Food":61,"DemoMod:PartiallyEatenCheese":52,"The Courier":0,"Omamori":0,"Medical Kit":0,"Peace Pipe":0,"SynthV:TestCard":4,"TheCursedMod:OminousMark":52,"Turnip":0,"Bag of Marbles":17,"FossilizedHelix":35,"hubris:Potato":55}],"Unceasing Top":[15]},"card_choices":[{"not_picked":["TheCursedMod:Obscuration","TheCursedMod:Stigma"],"picked":"TheCursedMod:Torture","floor":1.0},{"not_picked":["TheCursedMod:Obscuration","TheCursedMod:LuckyCharm","TheCursedMod:ReleasedStrength","TheCursedMod:BlessingInDisguise"],"picked":"TheCursedMod:Stretching","floor":2.0},{"not_picked":["TheCursedMod:CursedMace","TheCursedMod:VitalStrike","TheCursedMod:LuckyCharm","TheCursedMod:CursedBoomerang"],"picked":"TheCursedMod:SpreadPlague","floor":6.0},{"not_picked":["TheCursedMod:LuckyCharm","TheCursedMod:FleshFromBone","TheCursedMod:ManaCirculation","TheCursedMod:HellsGateOpen"],"picked":"TheCursedMod:CircleOfBlood","floor":8.0},{"not_picked":["TheCursedMod:PrepareRite","TheCursedMod:VoidForm","TheCursedMod:SpitefulPray","TheCursedMod:TacticalStrike"],"picked":"TheCursedMod:StingEye","floor":10.0},{"not_picked":["TheCursedMod:FuryStrike","TheCursedMod:Grudge","TheCursedMod:SpitefulStrike","TheCursedMod:CircleOfBlood"],"picked":"TheCursedMod:SmokeScreen","floor":12.0},{"not_picked":["TheCursedMod:Stigma","TheCursedMod:VitalStrike","TheCursedMod:CircleOfFlame","TheCursedMod:CursedBlade"],"picked":"TheCursedMod:CursedShiv","floor":13.0},{"not_picked":["TheCursedMod:SmokeScreen","TheCursedMod:AbyssShockwave","TheCursedMod:PrepareRite","TheCursedMod:RavingStaff"],"picked":"TheCursedMod:CircleOfFlame","floor":14.0},{"not_picked":["TheCursedMod:VoidForm","TheCursedMod:Neurasthenia","TheCursedMod:ManaCirculation","TheCursedMod:DarkBarrier"],"picked":"TheCursedMod:AntiAging","floor":16.0},{"not_picked":["TheCursedMod:FuryStrike","TheCursedMod:CursedMace","TheCursedMod:RapidMovement","TheCursedMod:TacticalStrike+1"],"picked":"TheCursedMod:Stretching","floor":18.0},{"not_picked":["TheCursedMod:WearCloak","TheCursedMod:Stigma","TheCursedMod:RapidMovement+1","TheCursedMod:CursedArmor"],"picked":"TheCursedMod:SpitefulPlan+1","floor":23.0},{"not_picked":["TheCursedMod:Evocation","TheCursedMod:CircleOfFocus","TheCursedMod:RapidMovement","TheCursedMod:AshesToAshes","TheCursedMod:ReleasedStrength","TheCursedMod:CircleOfAmplification"],"picked":"Singing Bowl","floor":25.0},{"not_picked":["TheCursedMod:AshesToAshes","TheCursedMod:HellsGateOpen+1","TheCursedMod:CircleOfBlood","TheCursedMod:SaltUponWound+1","TheCursedMod:UltimatePain"],"picked":"TheCursedMod:TroublousMinions+1","floor":28.0},{"not_picked":["TheCursedMod:Stigma+1","TheCursedMod:Torture+1","TheCursedMod:SpitefulStrike+1","TheCursedMod:DoubleShield","TheCursedMod:RapidMovement+1","TheCursedMod:WearCloak+1"],"picked":"Singing Bowl","floor":29.0},{"not_picked":["TheCursedMod:TacticalStrike+1","TheCursedMod:SurpriseAttack","TheCursedMod:FuryStrike+1","TheCursedMod:RavingStaff+1","TheCursedMod:FleshFromBone+1"],"picked":"TheCursedMod:ReleasedKnowledge+1","floor":30.0},{"not_picked":["TheCursedMod:CursedMace+1","TheCursedMod:VitalStrike","TheCursedMod:NeowsMight","TheCursedMod:WearCloak+1","TheCursedMod:SurpriseAttack"],"picked":"TheCursedMod:CircleOfCorruption","floor":31.0},{"not_picked":["TheCursedMod:AshesToAshes","TheCursedMod:CursedArmor+1","TheCursedMod:AbyssShockwave+1","TheCursedMod:BloodBarrier+1","TheCursedMod:WearCloak","TheCursedMod:RapidMovement"],"picked":"SKIP","floor":32.0},{"not_picked":["DemoMod:Elimentaler"],"picked":"Singing Bowl","floor":35.0},{"not_picked":["TheCursedMod:Neurasthenia","TheCursedMod:DemonicPact","TheCursedMod:ForbiddenAlchemy","TheCursedMod:VoidForm","TheCursedMod:NeowsMight"],"picked":"TheCursedMod:CursedRelics","floor":35.0},{"not_picked":["TheCursedMod:CircleOfFocus+1","TheCursedMod:Obscuration","TheCursedMod:Wield","TheCursedMod:CursedMace+1","TheCursedMod:AbyssShockwave+1"],"picked":"TheCursedMod:Hemoplague","floor":36.0},{"not_picked":["TheCursedMod:CursedAmulet","TheCursedMod:LuckyCharm+1","TheCursedMod:SurpriseAttack","TheCursedMod:RapidMovement","TheCursedMod:CursedStaff","TheCursedMod:CircleOfBlood"],"picked":"Singing Bowl","floor":37.0},{"not_picked":["TheCursedMod:ForbiddenAlchemy","TheCursedMod:SurpriseAttack+1","TheCursedMod:CursedBoomerang+1","TheCursedMod:CursedAmulet","TheCursedMod:StingEye+1","TheCursedMod:AbyssShockwave+1"],"picked":"Singing Bowl","floor":42.0},{"not_picked":["TheCursedMod:AntiAging","TheCursedMod:LuckyCharm+1","TheCursedMod:VitalStrike","TheCursedMod:SmokeScreen+1","TheCursedMod:RavingStaff","TheCursedMod:CursedAmulet+1"],"picked":"Singing Bowl","floor":43.0},{"not_picked":["TheCursedMod:CircleOfWindfury","TheCursedMod:CursedMace+1","TheCursedMod:TroublousMinions","TheCursedMod:CircleOfFlame+1","TheCursedMod:LuckyCharm+1","TheCursedMod:SpitefulStrike+1"],"picked":"Singing Bowl","floor":44.0},{"not_picked":["TheCursedMod:SmokeScreen+1","TheCursedMod:CursedAmulet+1","TheCursedMod:Obscuration+1","TheCursedMod:CircleOfFlame","TheCursedMod:CircleOfBlood+1"],"picked":"TheCursedMod:BlessingInDisguise","floor":47.0},{"not_picked":["TheCursedMod:VitalStrike","TheCursedMod:NeowsMight","TheCursedMod:FleshFromBone","TheCursedMod:CircleOfFocus","TheCursedMod:SpitefulStrike+1","TheCursedMod:StingEye"],"picked":"Singing Bowl","floor":49.0},{"not_picked":["TheCursedMod:RapidMovement","TheCursedMod:SoulCrush+1","TheCursedMod:SmokeScreen","TheCursedMod:Neurasthenia","TheCursedMod:TacticalStrike"],"picked":"TheCursedMod:CursedBlade+1","floor":50.0},{"not_picked":["TheCursedMod:StunningStrike","TheCursedMod:DemonicPact","TheCursedMod:CircleOfAbyss"],"picked":"TheCursedMod:VoidForm","floor":55},{"not_picked":["TheCursedMod:ReleasedKnowledge+1","TheCursedMod:PrepareRite+1","TheCursedMod:SoulCrush","TheCursedMod:Grudge","TheCursedMod:AbyssShockwave"],"picked":"TheCursedMod:Stretching+1","floor":56}],"player_experience":289358,"relics_obtained":[{"floor":1.0,"key":"SynthV:TestCard"},{"floor":6.0,"key":"Strawberry"},{"floor":8.0,"key":"Smiling Mask"},{"floor":9.0,"key":"Singing Bowl"},{"floor":10.0,"key":"DemoMod:BlueGuonStone"},{"floor":13.0,"key":"Blue Doll"},{"floor":14.0,"key":"Bag of Marbles"},{"floor":22.0,"key":"Replay:Bottled Eggs"},{"floor":23.0,"key":"Question Card"},{"floor":25.0,"key":"FossilizedHelix"},{"floor":36.0,"key":"DemoMod:RatBoots"},{"floor":36.0,"key":"DemoMod:ResourcefulSack"},{"floor":36.0,"key":"DemoMod:PartiallyEatenCheese"},{"floor":36.0,"key":"GuanYuAspect"},{"floor":36.0,"key":"TheCursedMod:OminousMark"},{"floor":42.0,"key":"Akabeko"},{"floor":43.0,"key":"Gremlin Food"},{"floor":47.0,"key":"CeramicFish"},{"floor":56,"key":"Bottled Tornado"}],"event_choices":[{"cards_removed":["TheCursedMod:Defend_TheCursed"],"damage_healed":0.0,"max_hp_gain":0.0,"max_hp_loss":0.0,"gold_gain":0.0,"event_name":"The Cleric","player_choice":"Card Removal","floor":3.0,"gold_loss":50.0,"damage_taken":0.0},{"damage_healed":0.0,"max_hp_gain":0.0,"max_hp_loss":0.0,"gold_gain":0.0,"event_name":"conspire:Investor","player_choice":"Leave","floor":21.0,"gold_loss":0.0,"damage_taken":0.0}],"is_beta":false,"boss_relics":[{"not_picked":["Ectoplasm","Snecko Eye"],"picked":"SlaversCollar"},{"not_picked":[]}],"items_purged_floors":[],"is_endless":false,"potions_floor_spawned":[2,8,10,13,16,23,29,31,35,37,43,49,50],"ascension_level":2}}