{"host":"ss2ocoam53r2lno0","time":1610989450,"event":{"mods":["Act Like it!","BaseMod","ChefMod","Clockwork Mod","Colored Powertips","Curses Come First","Displayed Cursed Tome","Downfall","Evolution","Googly Eyes","Hallownest","Highlight Path","Minty Spire (QoL Compilation)","Poor People Problems","Rare Cards Sparkle","Robot Space Explorer","Shade Mod","Shop Mod","Spicy Shops","StSLib","The Marked"],"gold_per_floor":[109,120,120,140,156,156,81,93,93,93,151,151,151,101,101,206,206,217,66,66,77,77,77,95,95,164,164,196,196,211,245,245,345,345,345,345],"floor_reached":35,"language":"ENG","playtime":2619,"items_purged":["Clockwork:Strike"],"score":653,"play_id":"12775560-204c-4691-928e-7e20a45c00fb","local_time":"20210118180410","is_ascension_mode":true,"campfire_choices":[{"data":"Clockwork:SpurOn","floor":6.0,"key":"SMITH"},{"floor":10.0,"key":"REST"},{"floor":13.0,"key":"REST"},{"floor":15.0,"key":"REST"},{"floor":23.0,"key":"REST"},{"floor":25.0,"key":"REST"},{"floor":27.0,"key":"REST"},{"floor":32.0,"key":"REST"}],"circlet_count":0,"master_deck":["AscendersBane","Clockwork:Strike","Clockwork:Strike","Clockwork:Shield","Clockwork:Shield","Clockwork:Shield","Clockwork:Tinker","Clockwork:WarmUp","Clockwork:SpurOn+1","Clockwork:RevUp","Clockwork:Clone","Clockwork:Efficiency","Clockwork:OccamsRazor","Clockwork:CraftMomentumEngine"],"relics":["Clockwork:MomentumEngine","EVO:Axolotl","Calipers","Blue Candle","Blood Vial","sneckomod:SneckoTalon","Happy Flower","Frozen Egg 2","Peace Pipe","Matryoshka","SlaversCollar"],"acts_visited":["Exordium","TheCity","TheBeyond"],"potions_floor_usage":[33,35],"damage_taken":[{"damage":1.0,"enemies":"Cultist","floor":1.0,"turns":8.0},{"damage":7.0,"enemies":"Small Slimes","floor":2.0,"turns":6.0},{"damage":16.0,"enemies":"Jaw Worm","floor":4.0,"turns":7.0},{"damage":20.0,"enemies":"3 Louse","floor":5.0,"turns":8.0},{"damage":14.0,"enemies":"Blue Slaver","floor":8.0,"turns":7.0},{"damage":31.0,"enemies":"Lagavulin Event","floor":11.0,"turns":11.0},{"damage":34.0,"enemies":"The Guardian","floor":16.0,"turns":8.0},{"damage":2.0,"enemies":"Shell Parasite","floor":18.0,"turns":7.0},{"damage":46.0,"enemies":"3 Byrds","floor":21.0,"turns":6.0},{"damage":26.0,"enemies":"Cultist and Chosen","floor":24.0,"turns":5.0},{"damage":21.0,"enemies":"Book of Stabbing","floor":28.0,"turns":5.0},{"damage":17.0,"enemies":"Snake Plant","floor":30.0,"turns":5.0},{"damage":18.0,"enemies":"Gremlin Leader","floor":31.0,"turns":4.0},{"damage":7,"enemies":"Automaton","floor":33,"turns":8},{"damage":74,"enemies":"Orb Walker","floor":35,"turns":8}],"seed_played":"3724087516988875634","potions_obtained":[{"floor":4.0,"key":"BlessingOfTheForge"},{"floor":8.0,"key":"Explosive Potion"},{"floor":20.0,"key":"Guardian:BlockOnCardUsePotion"},{"floor":20.0,"key":"CultistPotion"},{"floor":33,"key":"SpeedPotion"}],"is_trial":false,"path_per_floor":["M","M","?","M","M","R","$","M","T","R","?","?","R","?","R","B",null,"M","$","?","M","$","R","M","R","T","R","E","?","M","E","R","B",null,"M"],"character_chosen":"CLOCKWORK","items_purchased":["Happy Flower"],"campfire_rested":7,"item_purchase_floors":[19],"current_hp_per_floor":[76,69,69,53,33,33,33,19,19,42,11,4,27,27,50,18,62,62,62,62,18,18,41,17,40,40,63,44,44,29,13,36,31,66,0,0],"gold":345,"neow_bonus":"ONE_RARE_RELIC","is_daily":false,"chose_seed":false,"campfire_upgraded":1,"win_rate":0.0,"timestamp":1610989450,"path_taken":["M","M","?","?","M","R","$","M","T","R","?","?","R","?","R","BOSS","M","$","?","?","$","R","M","R","T","R","E","?","M","E","R","BOSS","M"],"items_purchased_type":["Relic"],"build_version":"2020-12-22","purchased_purges":1,"victory":false,"max_hp_per_floor":[77,77,77,77,77,77,77,77,77,77,77,77,77,77,77,77,77,77,77,77,77,77,77,77,77,77,77,77,77,77,77,77,77,77,77,77],"card_choices":[{"not_picked":["Clockwork:Improve","Clockwork:HeadStart"],"picked":"Clockwork:SpurOn","floor":1.0},{"not_picked":["Clockwork:AdaptiveCannon","Clockwork:CraftSomewhatSmoothStone","Clockwork:AdaptiveShield"],"picked":"SKIP","floor":2.0},{"not_picked":["Clockwork:ReserveSystems","Clockwork:Redundancy"],"picked":"Clockwork:RevUp","floor":4.0},{"not_picked":["Clockwork:HeadStart","Clockwork:LogisticRegression"],"picked":"Clockwork:Clone","floor":5.0},{"not_picked":["Clockwork:PerfectedStrike","Clockwork:Improve"],"picked":"Clockwork:Efficiency","floor":8.0},{"not_picked":["Clockwork:Enhance","Clockwork:SpurOn"],"picked":"Clockwork:OccamsRazor","floor":11.0},{"not_picked":["Clockwork:ReactiveNanites","Clockwork:WindupStrike"],"picked":"Clockwork:CraftMomentumEngine","floor":16.0},{"not_picked":["Clockwork:Enhance","Clockwork:TiltAWhirl","Clockwork:LogisticRegression"],"picked":"SKIP","floor":18.0},{"not_picked":["Clockwork:Enhance+1","Clockwork:Improve","Clockwork:Redundancy"],"picked":"SKIP","floor":21.0},{"not_picked":["Clockwork:FalseStart","Clockwork:Pluck","Clockwork:Selectivity"],"picked":"SKIP","floor":24.0},{"not_picked":["Clockwork:SearchingStrike","Clockwork:Pluck","Clockwork:ForgeStrike"],"picked":"SKIP","floor":28.0},{"not_picked":["Clockwork:Strangle","Clockwork:SystemHardening","Clockwork:Clone"],"picked":"SKIP","floor":30.0},{"not_picked":["Clockwork:EnthusiasticStrike","Clockwork:Friction","Clockwork:SearingStrike"],"picked":"SKIP","floor":31.0},{"not_picked":["Clockwork:Randomization","Clockwork:CraftQuicksilverHourglass"],"picked":"Clockwork:CraftMomentumEngine","floor":33}],"player_experience":778053,"relics_obtained":[{"floor":9.0,"key":"Blue Candle"},{"floor":11.0,"key":"Blood Vial"},{"floor":26.0,"key":"Frozen Egg 2"},{"floor":28.0,"key":"Peace Pipe"},{"floor":31.0,"key":"Matryoshka"}],"event_choices":[{"damage_healed":0.0,"max_hp_gain":0.0,"max_hp_loss":0.0,"gold_gain":0.0,"event_name":"Match and Keep!","player_choice":"0 cards matched","floor":3.0,"gold_loss":0.0,"damage_taken":0.0,"cards_obtained":[]},{"damage_healed":0.0,"max_hp_gain":0.0,"max_hp_loss":0.0,"gold_gain":0.0,"event_name":"Dead Adventurer","player_choice":"Searched \u00271\u0027 times","floor":11.0,"gold_loss":0.0,"damage_taken":0.0},{"cards_removed":["Clockwork:Shield"],"damage_healed":0.0,"max_hp_gain":0.0,"max_hp_loss":0.0,"gold_gain":0.0,"event_name":"Golden Wing","player_choice":"Card Removal","floor":12.0,"gold_loss":0.0,"damage_taken":7.0},{"cards_removed":["Clockwork:Strike"],"damage_healed":0.0,"max_hp_gain":0.0,"max_hp_loss":0.0,"gold_gain":0.0,"event_name":"The Cleric","player_choice":"Card Removal","floor":14.0,"gold_loss":50.0,"damage_taken":0.0},{"damage_healed":0.0,"max_hp_gain":0.0,"max_hp_loss":0.0,"gold_gain":0.0,"event_name":"Lab","player_choice":"Got Potions","floor":20.0,"gold_loss":0.0,"damage_taken":0.0}],"is_beta":false,"boss_relics":[{"not_picked":["Runic Dome","Ectoplasm"],"picked":"sneckomod:SneckoTalon"},{"not_picked":["Fusion Hammer","Pandora\u0027s Box"],"picked":"SlaversCollar"}],"items_purged_floors":[7],"is_endless":false,"potions_floor_spawned":[4,8,11,24,30,33],"killed_by":"Orb Walker","ascension_level":12}}