{"host":"ss2ocoam53r2lno0","time":1610985368,"event":{"mods":["Act Like it!","BaseMod","ChefMod","Clockwork Mod","Colored Powertips","Curses Come First","Displayed Cursed Tome","Downfall","Evolution","Googly Eyes","Hallownest","Highlight Path","Minty Spire (QoL Compilation)","Poor People Problems","Rare Cards Sparkle","Robot Space Explorer","Shade Mod","Shop Mod","Spicy Shops","StSLib","The Marked"],"gold_per_floor":[112,129,129,140,151,151,101,101,170,170,95,110,110,125,125,223,223,234,234,247,53,3,33,33,68,68,99,116,127,127,127,127,225,225,243,293,311,11,30,30,48,78,151,185,185,213,258,10,10,10],"floor_reached":51,"language":"ENG","playtime":3347,"items_purged":["Clockwork:Strike","Clockwork:Tinker+1","Doubt"],"score":1419,"play_id":"54f923b9-738a-470f-8200-56c3b7d29314","local_time":"20210118165608","is_ascension_mode":true,"campfire_choices":[{"data":"Clockwork:SnapKeep","floor":6.0,"key":"SMITH"},{"data":"Clockwork:SnapKeep","floor":8.0,"key":"SMITH"},{"data":"Clockwork:Tinker","floor":10.0,"key":"SMITH"},{"data":"Clockwork:Shield","floor":13.0,"key":"SMITH"},{"data":"Clockwork:Shield","floor":15.0,"key":"SMITH"},{"floor":24.0,"key":"REST"},{"floor":30.0,"key":"REST"},{"floor":32.0,"key":"REST"},{"data":"Clockwork:PerfectForm","floor":40.0,"key":"SMITH"},{"floor":45.0,"key":"REST"},{"floor":49,"key":"REST"}],"circlet_count":0,"master_deck":["AscendersBane","Clockwork:Shield+1","Clockwork:Shield+1","Clockwork:SnapKeep+1","Clockwork:SnapKeep+1","Clockwork:Tinker+1","Clockwork:PerfectForm+1"],"relics":["Clockwork:MomentumEngine","EVO:Axolotl","Pear","SlaversCollar","Membership Card","DollysMirror","War Paint","Oddly Smooth Stone","Shuriken","Question Card","Philosopher\u0027s Stone","Torii","Turnip","Lee\u0027s Waffle","Blood Vial","Toy Ornithopter","Letter Opener","Gremlin Horn","PreservedInsect","Prayer Wheel","HandDrill","Bronze Scales","Centennial Puzzle"],"acts_visited":["Exordium","TheCity","TheBeyond"],"potions_floor_usage":[50,50],"damage_taken":[{"damage":0.0,"enemies":"2 Louse","floor":1.0,"turns":7.0},{"damage":1.0,"enemies":"Jaw Worm","floor":2.0,"turns":9.0},{"damage":1.0,"enemies":"Cultist","floor":4.0,"turns":6.0},{"damage":16.0,"enemies":"Blue Slaver","floor":5.0,"turns":10.0},{"damage":17.0,"enemies":"Gremlin Gang","floor":12.0,"turns":7.0},{"damage":6.0,"enemies":"Lots of Slimes","floor":14.0,"turns":11.0},{"damage":0.0,"enemies":"The Guardian","floor":16.0,"turns":10.0},{"damage":12.0,"enemies":"Chosen","floor":18.0,"turns":9.0},{"damage":15.0,"enemies":"3 Byrds","floor":20.0,"turns":6.0},{"damage":0.0,"enemies":"Gremlin Leader","floor":23.0,"turns":5.0},{"damage":0.0,"enemies":"Book of Stabbing","floor":25.0,"turns":6.0},{"damage":3.0,"enemies":"Gremlin Leader","floor":27.0,"turns":5.0},{"damage":0.0,"enemies":"Centurion and Healer","floor":28.0,"turns":6.0},{"damage":2.0,"enemies":"Snake Plant","floor":29.0,"turns":4.0},{"damage":6.0,"enemies":"Automaton","floor":33.0,"turns":7.0},{"damage":0.0,"enemies":"3 Shapes","floor":35.0,"turns":4.0},{"damage":5.0,"enemies":"Mind Bloom Boss Battle","floor":36.0,"turns":3.0},{"damage":0.0,"enemies":"3 Darklings","floor":37.0,"turns":4.0},{"damage":0.0,"enemies":"Sphere and 2 Shapes","floor":39.0,"turns":4.0},{"damage":0.0,"enemies":"Maw","floor":41.0,"turns":3.0},{"damage":0.0,"enemies":"Giant Head","floor":42.0,"turns":3.0},{"damage":24.0,"enemies":"Nemesis","floor":44.0,"turns":3.0},{"damage":0,"enemies":"Reptomancer","floor":46,"turns":2},{"damage":12,"enemies":"2 Orb Walkers","floor":47,"turns":5},{"damage":33,"enemies":"Time Eater","floor":50,"turns":3}],"seed_played":"-2332875556815825761","potions_obtained":[{"floor":2.0,"key":"champ:CounterPotion"},{"floor":5.0,"key":"hexamod:SoulburnPotion"},{"floor":35.0,"key":"Fruit Juice"},{"floor":44.0,"key":"SmokeBomb"},{"floor":46,"key":"Ancient Potion"},{"floor":47,"key":"DuplicationPotion"}],"is_trial":false,"path_per_floor":["M","M","?","M","M","R","?","R","T","R","$","M","R","M","R","B",null,"M","?","M","$","$","E","R","E","T","E","M","M","R","?","R","B",null,"M","?","M","$","M","R","M","E","T","E","R","E","?","$","R","B",null],"character_chosen":"CLOCKWORK","items_purchased":["Membership Card","DollysMirror","Turnip","Lee\u0027s Waffle","Blood Vial","HandDrill","Bronze Scales","Centennial Puzzle"],"campfire_rested":5,"item_purchase_floors":[21,21,38,38,38,48,48,48],"current_hp_per_floor":[77,76,69,68,52,52,52,52,62,62,62,45,45,39,39,39,81,69,69,54,54,54,54,82,82,82,79,79,77,95,76,100,94,99,104,99,99,112,112,112,112,112,112,88,112,112,100,100,112,79],"gold":10,"neow_bonus":"UPGRADE_CARD","is_daily":false,"chose_seed":false,"campfire_upgraded":6,"win_rate":0.0,"timestamp":1610985368,"path_taken":["M","M","?","M","M","R","?","R","T","R","?","M","R","?","R","BOSS","M","?","?","?","$","E","R","E","T","E","?","M","R","?","R","BOSS","M","?","M","$","M","R","M","E","T","E","R","E","?","$","R","BOSS"],"items_purchased_type":["Relic","Relic","Relic","Relic","Relic","Relic","Relic","Relic"],"build_version":"2020-12-22","purchased_purges":3,"victory":true,"max_hp_per_floor":[85,85,85,85,85,85,85,85,95,95,95,95,95,95,95,95,95,95,95,95,95,95,95,95,95,95,95,95,95,95,100,100,100,100,105,105,105,112,112,112,112,112,112,112,112,112,112,112,112,112],"card_choices":[{"not_picked":["Clockwork:ForgeStrike","Clockwork:CraftSomewhatSmoothStone"],"picked":"Clockwork:SnapKeep","floor":1.0},{"not_picked":["Clockwork:Friction","Clockwork:Selectivity","Clockwork:ForgeStrike"],"picked":"SKIP","floor":2.0},{"not_picked":["Clockwork:ReserveSystems","Clockwork:ForgeStrike"],"picked":"Clockwork:CraftMomentumEngine","floor":4.0},{"not_picked":["Clockwork:ChargingBlade","Clockwork:AdaptiveCannon"],"picked":"Clockwork:SnapKeep","floor":5.0},{"not_picked":["Clockwork:Redundancy","Clockwork:Roundhouse"],"picked":"Clockwork:Downsize","floor":12.0},{"not_picked":["Clockwork:InertialShield","Clockwork:ForgeStrike","Clockwork:Pluck"],"picked":"SKIP","floor":14.0},{"not_picked":["Clockwork:DefectiveParts","Clockwork:SiegeStrike"],"picked":"Clockwork:CraftMomentumEngine","floor":16.0},{"not_picked":["Clockwork:ReserveSystems","Clockwork:ForgeStrike","Clockwork:Redundancy"],"picked":"SKIP","floor":18.0},{"not_picked":["Clockwork:Pluck","Clockwork:Friction+1","Clockwork:AssemblyLine"],"picked":"SKIP","floor":20.0},{"not_picked":["Clockwork:Redundancy+1","Clockwork:ReserveSystems+1","Clockwork:LogisticRegression"],"picked":"SKIP","floor":23.0},{"not_picked":["Clockwork:ChargingShield","Clockwork:SpurOn","Clockwork:CogToss+1"],"picked":"SKIP","floor":25.0},{"not_picked":["Clockwork:LiteraryArmor+1","Clockwork:ChargingShield","Clockwork:Downsize"],"picked":"SKIP","floor":27.0},{"not_picked":["Clockwork:Selectivity+1","Clockwork:SpurOn+1","Clockwork:Clone+1","Clockwork:PerfectedStrike+1"],"picked":"SKIP","floor":28.0},{"not_picked":["Clockwork:SystemScan+1","Clockwork:ChargingShield+1","Clockwork:SnapKeep","Clockwork:SystemHardening"],"picked":"SKIP","floor":29.0},{"not_picked":["Clockwork:AeonShield","Clockwork:CraftMomentumEngine","Clockwork:Strangle"],"picked":"Clockwork:PerfectForm","floor":33.0},{"not_picked":["Clockwork:Roundhouse+1","Clockwork:ElasticNanites+1","Clockwork:ReserveSystems+1","Clockwork:Improve"],"picked":"SKIP","floor":35.0},{"not_picked":["Clockwork:CogBarrier+1","Clockwork:LogisticRegression+1","Clockwork:CogShield+1","Clockwork:Pluck+1"],"picked":"SKIP","floor":37.0},{"not_picked":["Clockwork:AdaptiveShield","Clockwork:QuantumStrike+1","Clockwork:Friction","Clockwork:SnapKeep+1"],"picked":"SKIP","floor":39.0},{"not_picked":["Clockwork:SearchingStrike+1","Clockwork:PerfectedShield","Clockwork:SearingStrike+1","Clockwork:Pluck+1"],"picked":"SKIP","floor":41.0},{"not_picked":["Clockwork:Roundhouse+1","Clockwork:ElasticNanites","Clockwork:Improve","Clockwork:ZeroPointEnergy"],"picked":"SKIP","floor":42.0},{"not_picked":["Clockwork:CraftVarja","Clockwork:TimeOut","Clockwork:Strangle","Clockwork:SpringShield"],"picked":"SKIP","floor":44.0},{"not_picked":["Clockwork:ForgeStrike","Clockwork:CraftQuicksilverHourglass","Clockwork:ChargingBlade+1","Clockwork:HoardingStrike"],"picked":"SKIP","floor":46}],"player_experience":774706,"relics_obtained":[{"floor":9.0,"key":"Pear"},{"floor":23.0,"key":"War Paint"},{"floor":25.0,"key":"Oddly Smooth Stone"},{"floor":26.0,"key":"Shuriken"},{"floor":27.0,"key":"Question Card"},{"floor":36.0,"key":"Torii"},{"floor":42.0,"key":"Toy Ornithopter"},{"floor":43.0,"key":"Letter Opener"},{"floor":44.0,"key":"Gremlin Horn"},{"floor":46,"key":"PreservedInsect"},{"floor":47,"key":"Prayer Wheel"}],"event_choices":[{"cards_removed":["Clockwork:Strike"],"damage_healed":0.0,"max_hp_gain":0.0,"max_hp_loss":0.0,"gold_gain":0.0,"event_name":"Golden Wing","player_choice":"Card Removal","floor":3.0,"gold_loss":0.0,"damage_taken":7.0},{"cards_removed":["Clockwork:Strike"],"damage_healed":0.0,"max_hp_gain":0.0,"max_hp_loss":0.0,"gold_gain":0.0,"event_name":"The Cleric","player_choice":"Card Removal","floor":7.0,"gold_loss":50.0,"damage_taken":0.0},{"cards_removed":["Clockwork:WarmUp"],"damage_healed":0.0,"max_hp_gain":0.0,"max_hp_loss":0.0,"gold_gain":0.0,"event_name":"Bonfire Elementals","player_choice":"Offered Basic","floor":19.0,"gold_loss":0.0,"damage_taken":0.0},{"damage_healed":0.0,"max_hp_gain":5.0,"max_hp_loss":0.0,"gold_gain":0.0,"event_name":"Forgotten Altar","player_choice":"Shed Blood","floor":31.0,"gold_loss":0.0,"damage_taken":24.0},{"damage_healed":0.0,"max_hp_gain":0.0,"max_hp_loss":0.0,"gold_gain":0.0,"event_name":"MindBloom","player_choice":"Fight","floor":36.0,"gold_loss":0.0,"damage_taken":0.0},{"damage_healed":0,"gold_gain":0,"player_choice":"Fight","damage_taken":0,"max_hp_gain":0,"max_hp_loss":0,"event_name":"Mysterious Sphere","floor":47,"gold_loss":0}],"is_beta":false,"boss_relics":[{"not_picked":["Ectoplasm","Velvet Choker"],"picked":"SlaversCollar"},{"not_picked":["Runic Pyramid","expansioncontent:StudyCardRelic"],"picked":"Philosopher\u0027s Stone"}],"items_purged_floors":[11,22,48],"is_endless":false,"potions_floor_spawned":[2,5,14,16,20,23,29,33,35,44,46,47],"ascension_level":11}}