{"host":"a2lvm7nbw6nkrc91","time":1610949998,"event":{"mods":["BaseMod","Friendly Minions","Hermit","Lobotomy","Minty Spire (QoL Compilation)","Replay The Spire","StSLib"],"gold_per_floor":[116,116,116,116,137,137,157,198,277,301,301,545,589,605,605,736,736,726,726,726],"floor_reached":19,"language":"KOR","playtime":757,"items_purged":[],"score":179,"play_id":"6e262599-0555-4af0-87fa-157e816bde44","local_time":"20210118150638","is_ascension_mode":false,"campfire_choices":[{"data":"hermit:BigShot","floor":6,"key":"SMITH"},{"floor":11,"key":"REST"},{"floor":15,"key":"REST"}],"circlet_count":0,"master_deck":["hermit:Strike_Hermit","hermit:Strike_Hermit","hermit:Strike_Hermit","hermit:Strike_Hermit","hermit:Defend_Hermit","hermit:Defend_Hermit","hermit:Defend_Hermit","hermit:Defend_Hermit","hermit:Snapshot","hermit:Covet","Mercenary","hermit:Headshot","hermit:BigShot+1","HappyTeddy","hermit:Enervate","LaLuna","hermit:Manifest","hermit:Snipe","hermit:Shortfuse","hermit:Vantage","hermit:Coalescence","Woodsman","hermit:Maintenance","NakedNest","hermit:FatalDesire","hermit:Maintenance+1"],"relics":["hermit:Momento","CogitoBucket","Golden Idol","PreservedInsect","Orichalcum","Letter Opener","LuminousBracelet","Bird Faced Urn","Black Star"],"acts_visited":["Exordium","TheCity"],"potions_floor_usage":[8,10],"damage_taken":[{"damage":2,"enemies":"Small Slimes","floor":1,"turns":3},{"damage":6,"enemies":"Jaw Worm","floor":3,"turns":2},{"damage":1,"enemies":"Cultist","floor":5,"turns":3},{"damage":9,"enemies":"Blue Slaver","floor":7,"turns":3},{"damage":7,"enemies":"Gremlin Nob","floor":8,"turns":3},{"damage":37,"enemies":"Lots of Slimes","floor":10,"turns":11},{"damage":12,"enemies":"3 Sentries","floor":13,"turns":5},{"damage":0,"enemies":"Red Slaver","floor":14,"turns":1},{"damage":57,"enemies":"Hexaghost","floor":16,"turns":11},{"damage":25,"enemies":"2 Thieves","floor":18,"turns":4},{"damage":79,"enemies":"3 Byrds","floor":19,"turns":3}],"seed_played":"4080372786400219567","potions_obtained":[{"floor":5,"key":"Languid Potion"},{"floor":7,"key":"hermit:Eclipse"}],"is_trial":false,"path_per_floor":["M","?","M","T","M","R","M","E","T","M","R","?","E","M","R","B",null,"M","M"],"character_chosen":"HERMIT","items_purchased":[],"campfire_rested":2,"item_purchase_floors":[],"current_hp_per_floor":[73,69,63,63,62,62,53,46,46,24,49,16,7,7,32,29,84,68,0,0],"gold":726,"neow_bonus":"","is_daily":false,"chose_seed":false,"campfire_upgraded":1,"win_rate":0.0,"timestamp":1610949998,"path_taken":["M","?","M","?","M","R","M","E","T","M","R","?","E","M","R","BOSS","M","M"],"items_purchased_type":[],"build_version":"2020-12-22","purchased_purges":0,"victory":false,"max_hp_per_floor":[75,69,69,69,69,69,69,69,69,84,84,84,84,84,84,84,84,84,84,84],"card_choices":[{"not_picked":["BeautyBeast","OSAHOGD","CherryBlossoms"],"picked":"Singing Bowl","floor":1},{"not_picked":["MeatLantern","FairyFestival"],"picked":"Mercenary","floor":1},{"not_picked":["hermit:Snipe","hermit:HighCaliber"],"picked":"hermit:Headshot","floor":1},{"not_picked":["OldLady","UniverseFragment","FairyFestival"],"picked":"Singing Bowl","floor":3},{"not_picked":["hermit:HoleUp","hermit:Quickdraw"],"picked":"hermit:BigShot","floor":3},{"not_picked":["Scorched","WallGazer"],"picked":"HappyTeddy","floor":5},{"not_picked":["hermit:Virtue","hermit:Misfire"],"picked":"hermit:Enervate","floor":5},{"not_picked":["WhitesApple","Variant"],"picked":"LaLuna","floor":7},{"not_picked":["hermit:HoleUp","hermit:Roulette"],"picked":"hermit:Manifest","floor":7},{"not_picked":["Scorched","WallGazer","Bloodbath"],"picked":"Singing Bowl","floor":8},{"not_picked":["hermit:FlashPowder","hermit:CalledShot"],"picked":"hermit:Snipe","floor":8},{"not_picked":["MHz","LittlePrince","PunishingBird"],"picked":"Singing Bowl","floor":10},{"not_picked":["hermit:Grudge","hermit:Quickdraw"],"picked":"hermit:Shortfuse","floor":10},{"not_picked":["hermit:CalledShot","hermit:Cheat"],"picked":"hermit:Vantage","floor":12},{"not_picked":["hermit:Snipe","hermit:Midnight"],"picked":"hermit:Coalescence","floor":13},{"not_picked":["MeatLantern","Freischutz"],"picked":"Woodsman","floor":14},{"not_picked":["hermit:Glare","hermit:HoleUp"],"picked":"hermit:Maintenance","floor":14},{"not_picked":["WallGazer","CrumblingArmor"],"picked":"NakedNest","floor":16},{"not_picked":["hermit:Magnum","hermit:HighNoon"],"picked":"hermit:FatalDesire","floor":16},{"not_picked":["GalaxyChild","CherryBlossoms","GreedKing"],"picked":"Singing Bowl","floor":18},{"not_picked":["hermit:Misfire","hermit:Headshot"],"picked":"hermit:Maintenance+1","floor":18}],"player_experience":507424,"relics_obtained":[{"floor":4,"key":"PreservedInsect"},{"floor":8,"key":"Orichalcum"},{"floor":9,"key":"Letter Opener"},{"floor":13,"key":"Bird Faced Urn"}],"event_choices":[{"damage_healed":0,"gold_gain":0,"player_choice":"Lose Max HP","damage_taken":0,"relics_obtained":["Golden Idol"],"max_hp_gain":0,"max_hp_loss":6,"event_name":"Golden Idol","floor":2,"gold_loss":0}],"is_beta":false,"boss_relics":[{"not_picked":["Kintsugi","SacredBark"],"picked":"Black Star"}],"items_purged_floors":[],"is_endless":false,"potions_floor_spawned":[5,7],"killed_by":"3 Byrds","ascension_level":0}}