{"host":"b1nkw8hni90dsvue","time":1610938602,"event":{"mods":["ATMod(阿瑾Mod)","Aspiration","BaseMod","Colored Powertips","Good Game Mod","Jedi Mod","Minty Spire (QoL Compilation)","Remove Card Discount Mod","Replay The Spire","RumiaBox-露米娅的神秘盒子","Shop Mod","StSLib","TestMod","noobMod"],"gold_per_floor":[118,130,143,193,205,233,233,267,313,75,86,103,22,36,36,113,113,134,134,151,171,204,204,237,237,264,294,319,319,334,334,334,422,422,435,162,162,181,214,214,248,271,271,271,315,356,356,140,140,160,178,178,178,12,56,88],"floor_reached":57,"language":"ZHS","playtime":3784,"items_purged":["Shame","Strike_P","Defend_P","Strike_P","Defend_P","Strike_P","Strike_P","Defend_P","Defend_P"],"score":3928,"play_id":"d1775461-4415-4577-b394-8e99d8e713f5","local_time":"20210118105642","is_ascension_mode":true,"campfire_choices":[{"floor":7,"key":"RECALL"},{"data":"Eruption","floor":15,"key":"SMITH"},{"data":"BattleHymn","floor":23,"key":"SMITH"},{"data":"AT_IrregularMenstruation","floor":25,"key":"SMITH"},{"data":"Scrawl","floor":32,"key":"SMITH"},{"data":"Vigilance","floor":40,"key":"SMITH"},{"data":"ReachHeaven","floor":44,"key":"SMITH"},{"data":"Adaptation","floor":47,"key":"SMITH"},{"data":"SashWhip","floor":53,"key":"SMITH"}],"circlet_count":0,"master_deck":["AscendersBane","Eruption+1","Vigilance+1","AT_IrregularMenstruation+1","CarveReality","ReachHeaven+1","SashWhip+1","Prostrate+1","Consecrate","CarveReality","Adaptation+1","Consecrate+1","FollowUp+1","BowlingBash+1","DeusExMachina","BattleHymn+1","FlurryOfBlows+1","Devotion","Scrawl+1","CrushJoints+1","FlurryOfBlows+1","Ragnarok+1","FlurryOfBlows+1","FollowUp+1","FlurryOfBlows+1","WheelKick+1","ReachHeaven+1","SandsOfTime+1","Ragnarok+1"],"relics":["PureWater","AT_ATBox","REME:ComplimentaryCards","ice","testmod-BatchProcessingSystem","Happy Flower","MerchantsRug","ReplayTheSpireMod:CursedCoin","Molten Egg 2","AT_ChloranthyRing","testmod-DeterminationOfClimber","Nloth\u0027s Gift","MagicDraw4","testmod-IndustrialRevolution","Bronze Scales","testmod-Register","Ice Cream","GodSword4","Vajra","Bag of Marbles","Pen Nib","Blue Doll"],"acts_visited":["Exordium","TheCity","TheBeyond","TheEnding"],"potions_floor_usage":[6,12],"damage_taken":[{"damage":7,"enemies":"Cultist","floor":1,"turns":3},{"damage":7,"enemies":"Jaw Worm","floor":2,"turns":2},{"damage":3,"enemies":"2 Louse","floor":3,"turns":4},{"damage":4,"enemies":"Red Slaver","floor":5,"turns":3},{"damage":0,"enemies":"Replay:BlueRogue","floor":6,"turns":2},{"damage":31,"enemies":"Gremlin Nob","floor":8,"turns":4},{"damage":0,"enemies":"Lots of Slimes","floor":11,"turns":3},{"damage":6,"enemies":"Blue Slaver","floor":12,"turns":2},{"damage":0,"enemies":"2 Fungi Beasts","floor":14,"turns":2},{"damage":0,"enemies":"Slime Boss","floor":16,"turns":2},{"damage":0,"enemies":"Chosen","floor":18,"turns":3},{"damage":7,"enemies":"2 Thieves","floor":20,"turns":2},{"damage":0,"enemies":"Sentry and Sphere","floor":21,"turns":3},{"damage":51,"enemies":"Gremlin Leader","floor":24,"turns":2},{"damage":14,"enemies":"Book of Stabbing","floor":27,"turns":2},{"damage":0,"enemies":"Snecko","floor":28,"turns":2},{"damage":0,"enemies":"Cultist and Chosen","floor":30,"turns":2},{"damage":0,"enemies":"Pondfish","floor":33,"turns":3},{"damage":6,"enemies":"3 Darklings","floor":35,"turns":2},{"damage":0,"enemies":"3 Shapes","floor":38,"turns":1},{"damage":0,"enemies":"Writhing Mass","floor":39,"turns":1},{"damage":0,"enemies":"R_Hoarder","floor":41,"turns":2},{"damage":0,"enemies":"3 Darklings","floor":42,"turns":1},{"damage":0,"enemies":"Giant Head","floor":45,"turns":1},{"damage":0,"enemies":"Transient","floor":46,"turns":1},{"damage":0,"enemies":"Awakened One","floor":50,"turns":2},{"damage":0,"enemies":"Donu and Deca","floor":51,"turns":2},{"damage":12,"enemies":"Shield and Spear","floor":55,"turns":2},{"damage":98,"enemies":"The Heart","floor":56,"turns":4}],"seed_played":"-3631383712691822845","potions_obtained":[{"floor":2,"key":"Swift Potion"},{"floor":5,"key":"BlessingOfTheForge"},{"floor":11,"key":"Explosive Potion"},{"floor":16,"key":"BottledMiracle"},{"floor":18,"key":"ColorlessPotion"},{"floor":20,"key":"BottledMiracle"},{"floor":24,"key":"DistilledChaos"},{"floor":28,"key":"Dexterity Potion"},{"floor":39,"key":"Dexterity Potion"},{"floor":42,"key":"Swift Potion"},{"floor":46,"key":"Regen Potion"}],"is_trial":false,"path_per_floor":["M","M","M","?","M","E","R","E","T","$","M","M","?","M","R","B",null,"M","?","M","M","$","R","E","R","T","E","M","?","M","?","R","B",null,"M","$","?","M","M","R","E","M","T","R","E","M","R","$","R","B","B",null,"R","$","E","B",null],"character_chosen":"WATCHER","items_purchased":["MerchantsRug","ReplayTheSpireMod:CursedCoin","Molten Egg 2","Consecrate+1","FollowUp+1","Bronze Scales","testmod-Register","Bag of Marbles","SandsOfTime+1","Pen Nib"],"campfire_rested":0,"item_purchase_floors":[10,10,10,10,36,36,36,48,48,54],"current_hp_per_floor":[54,47,44,38,34,34,34,3,3,3,68,62,62,62,62,62,68,71,71,64,67,67,67,20,20,20,79,79,68,72,68,68,82,84,82,82,86,86,86,86,86,86,86,86,86,86,86,86,86,86,88,88,88,88,87,169],"gold":88,"neow_bonus":"THREE_CARDS","is_daily":false,"chose_seed":false,"campfire_upgraded":8,"win_rate":0.0,"timestamp":1610938602,"path_taken":["M","?","M","?","M","E","R","E","T","$","?","M","?","M","R","BOSS","M","?","M","?","$","R","E","R","T","E","M","?","M","?","R","BOSS","M","$","?","M","?","R","E","?","T","R","E","M","R","$","R","BOSS","BOSS","R","$","E","BOSS"],"items_purchased_type":["Relic","Relic","Relic","Card","Card","Relic","Relic","Relic","Card","Relic"],"build_version":"2020-12-22","purchased_purges":9,"victory":true,"max_hp_per_floor":[68,68,68,68,68,68,68,68,68,68,68,69,69,70,70,70,70,71,71,72,73,73,73,78,78,78,79,79,79,79,79,79,85,85,86,86,86,86,86,86,86,86,86,86,86,86,86,86,86,86,88,88,88,88,90,190],"card_choices":[{"not_picked":["Pray","EmptyFist"],"picked":"CarveReality","floor":0},{"not_picked":["EmptyMind","CutThroughFate"],"picked":"SashWhip","floor":1},{"not_picked":["DeceiveReality","Replay:BluntJabs"],"picked":"Prostrate","floor":2},{"not_picked":["FollowUp","Replay:Hum"],"picked":"Consecrate","floor":3},{"not_picked":["ClearTheMind","Study","Replay:AllIn"],"picked":"SKIP","floor":5},{"not_picked":["PathToVictory","ClearTheMind"],"picked":"CarveReality","floor":6},{"not_picked":["AT_SoftenMuscles","Vault"],"picked":"Adaptation","floor":8},{"not_picked":["Study","Replay:AtTheReady"],"picked":"FollowUp+1","floor":11},{"not_picked":["Replay:Battleflow","Replay:Anticipation"],"picked":"BowlingBash+1","floor":12},{"not_picked":["ClearTheMind","Evaluate","Replay:Battleflow"],"picked":"SKIP","floor":14},{"not_picked":["Alpha","Omniscience"],"picked":"DeusExMachina","floor":16},{"not_picked":["Pray","Crescendo"],"picked":"BattleHymn","floor":18},{"not_picked":["Replay:BluntJabs+1","Pray","WaveOfTheHand"],"picked":"SKIP","floor":20},{"not_picked":["PathToVictory","Crescendo"],"picked":"FlurryOfBlows+1","floor":21},{"not_picked":["Protect","Evaluate"],"picked":"Devotion","floor":24},{"not_picked":["EmptyBody+1","Devotion"],"picked":"Scrawl","floor":27},{"not_picked":["InnerPeace","Protect"],"picked":"CrushJoints+1","floor":28},{"not_picked":["AT_SoftenMuscles","Wireheading"],"picked":"FlurryOfBlows+1","floor":30},{"not_picked":["Judgement","Devotion"],"picked":"Ragnarok+1","floor":33},{"not_picked":["Evaluate+1","EmptyMind+1"],"picked":"FlurryOfBlows+1","floor":35},{"not_picked":["WreathOfFlame","JustLucky+1"],"picked":"FlurryOfBlows+1","floor":38},{"not_picked":["ThirdEye","FlurryOfBlows+1","CutThroughFate+1"],"picked":"SKIP","floor":39},{"not_picked":["AT_RealFormLess+1","Replay:AtTheReady","CutThroughFate+1"],"picked":"SKIP","floor":41},{"not_picked":["Replay:Vibes","ClearTheMind+1"],"picked":"WheelKick+1","floor":42},{"not_picked":["Wallop+1","Alpha"],"picked":"ReachHeaven+1","floor":45},{"not_picked":["CrushJoints+1","WreathOfFlame","Replay:ManipulateFuture"],"picked":"SKIP","floor":46},{"not_picked":["Evaluate","Worship"],"picked":"Ragnarok+1","floor":55}],"player_experience":94417,"relics_obtained":[{"floor":6,"key":"Happy Flower"},{"floor":8,"key":"testmod-BalancedPeriapt"},{"floor":24,"key":"MagicDraw4"},{"floor":26,"key":"testmod-IndustrialRevolution"},{"floor":27,"key":"Gambling Chip"},{"floor":41,"key":"Ice Cream"},{"floor":43,"key":"GodSword4"},{"floor":45,"key":"Vajra"},{"floor":55,"key":"Blue Doll"}],"event_choices":[{"damage_healed":0,"gold_gain":50,"player_choice":"Touch","damage_taken":6,"max_hp_gain":0,"max_hp_loss":0,"event_name":"FaceTrader","floor":4,"gold_loss":0},{"damage_healed":0,"gold_gain":0,"player_choice":"Paid Gold","damage_taken":0,"relics_obtained":["AT_ChloranthyRing"],"max_hp_gain":0,"max_hp_loss":0,"event_name":"WeMeetAgain","floor":13,"gold_loss":81},{"damage_healed":0,"gold_gain":0,"player_choice":"Traded Relic","damage_taken":0,"relics_obtained":["Nloth\u0027s Gift"],"max_hp_gain":0,"max_hp_loss":0,"event_name":"N\u0027loth","floor":19,"relics_lost":["testmod-TestBox"],"gold_loss":0},{"damage_healed":0,"gold_gain":0,"player_choice":"Ignored","damage_taken":11,"max_hp_gain":0,"max_hp_loss":0,"event_name":"恩洛斯的盘子","floor":29,"gold_loss":0},{"damage_healed":0,"gold_gain":0,"player_choice":"Bought 0 Potions","damage_taken":0,"max_hp_gain":0,"max_hp_loss":0,"event_name":"The Woman in Blue","floor":31,"gold_loss":0}],"is_beta":false,"boss_relics":[{"not_picked":["Painkiller Herb","Ectoplasm"],"picked":"testmod-DeterminationOfClimber"},{"not_picked":["testmod-StringDisintegrator","Replay:Ancient Bell","Runic Dome"]}],"items_purged_floors":[10,10,10,10,10,36,36,36,36],"is_endless":false,"potions_floor_spawned":[2,5,11,16,18,20,24,28,30,39,42,45,46],"ascension_level":20}}