{"host":"Kdaddybrian","time":1610934299,"event":{"mods":["AchievementEnabler","BaseMod","Bestiary","Colored Powertips","Minty Spire (QoL Compilation)","Potion Indicator Mod","Quick Restart","Rare Cards Sparkle","Relic Stats","StSLib","Uncapped"],"gold_per_floor":[110,110,129,148,163,163,193,193,193,225,236,236,252,252,252,357,357,367,42,56,69,69,69,69,69],"floor_reached":24,"language":"ENG","playtime":865,"items_purged":["Strike_R"],"score":312,"play_id":"3f6d6223-e146-4d9c-875f-9e6e470c86b2","local_time":"20210117204459","is_ascension_mode":true,"campfire_choices":[{"data":"Bash","floor":6.0,"key":"SMITH"},{"data":"Bloodletting","floor":8.0,"key":"SMITH"},{"floor":15,"key":"REST"},{"floor":23,"key":"REST"}],"circlet_count":0,"master_deck":["AscendersBane","Strike_R+1","Strike_R+1","Strike_R","Strike_R","Defend_R","Defend_R","Defend_R","Defend_R","Bash+1","Twin Strike","Dropkick","Anger","Hemokinesis","Bloodletting+1","Demon Form+1","Cleave","Parasite","Shrug It Off","Impervious","Uppercut","Impervious","Entrench","Sword Boomerang+1","Decay","True Grit+1"],"relics":["Burning Blood","NeowsBlessing","Tiny Chest","Dream Catcher","Kunai","Philosopher\u0027s Stone","DollysMirror"],"acts_visited":["Exordium","TheCity"],"potions_floor_usage":[13,16,18,24],"damage_taken":[{"damage":0.0,"enemies":"2 Louse","floor":1.0,"turns":1.0},{"damage":0.0,"enemies":"Small Slimes","floor":3.0,"turns":1.0},{"damage":0.0,"enemies":"Jaw Worm","floor":4.0,"turns":1.0},{"damage":11.0,"enemies":"Large Slime","floor":5.0,"turns":5.0},{"damage":32.0,"enemies":"Lagavulin","floor":7.0,"turns":6.0},{"damage":42,"enemies":"3 Sentries","floor":10,"turns":9},{"damage":5,"enemies":"Looter","floor":11,"turns":2},{"damage":4,"enemies":"Red Slaver","floor":13,"turns":3},{"damage":40,"enemies":"Slime Boss","floor":16,"turns":7},{"damage":31,"enemies":"3 Byrds","floor":18,"turns":6},{"damage":16,"enemies":"Shell Parasite","floor":20,"turns":5},{"damage":10,"enemies":"Centurion and Healer","floor":21,"turns":6},{"damage":64,"enemies":"Slavers","floor":24,"turns":3}],"seed_played":"-615739310694989866","potions_obtained":[{"floor":7.0,"key":"Energy Potion"},{"floor":11,"key":"DuplicationPotion"},{"floor":16,"key":"GamblersBrew"},{"floor":18,"key":"ElixirPotion"},{"floor":20,"key":"CultistPotion"},{"floor":21,"key":"SpeedPotion"}],"is_trial":false,"path_per_floor":["M","?","M","M","M","R","E","R","T","E","M","?","M","?","R","B",null,"M","$","M","M","?","R","E"],"character_chosen":"IRONCLAD","items_purchased":["DollysMirror","CultistPotion"],"campfire_rested":2,"item_purchase_floors":[19,19],"current_hp_per_floor":[78,62,68,74,69,69,43,43,43,7,8,8,10,30,54,20,65,40,40,30,26,26,50,0,0],"gold":69,"neow_bonus":"THREE_ENEMY_KILL","is_daily":false,"chose_seed":false,"campfire_upgraded":2,"win_rate":0.0,"timestamp":1610934299,"path_taken":["M","?","M","M","M","R","E","R","T","E","M","?","M","?","R","BOSS","M","$","M","M","?","R","E"],"items_purchased_type":["Relic","Potion"],"build_version":"2020-12-18","purchased_purges":1,"victory":false,"max_hp_per_floor":[80,80,80,80,80,80,80,80,80,80,80,80,80,80,80,80,80,80,80,80,80,80,80,80,80],"relic_stats":{"Dream Catcher":2,"counters":[13,55],"Tiny Chest":0,"Kunai":[12],"obtain_stats":[{"Dream Catcher":9,"NeowsBlessing":0,"DollysMirror":19,"Tiny Chest":7,"Philosopher\u0027s Stone":17,"Kunai":10,"Burning Blood":0},{"Dream Catcher":5,"NeowsBlessing":0,"DollysMirror":10,"Tiny Chest":5,"Philosopher\u0027s Stone":9,"Kunai":6,"Burning Blood":0},{"Dream Catcher":14,"NeowsBlessing":0,"DollysMirror":41,"Tiny Chest":14,"Philosopher\u0027s Stone":35,"Kunai":23,"Burning Blood":0}],"Burning Blood":72},"card_choices":[{"not_picked":["Heavy Blade","Sever Soul"],"picked":"Twin Strike","floor":1.0},{"not_picked":["Sword Boomerang","Dual Wield"],"picked":"Dropkick","floor":3.0},{"not_picked":["Blood for Blood","Clothesline"],"picked":"Anger","floor":4.0},{"not_picked":["Headbutt","Warcry"],"picked":"Hemokinesis","floor":5.0},{"not_picked":["Anger","Wild Strike"],"picked":"Bloodletting","floor":7.0},{"not_picked":["Flex","Searing Blow"],"picked":"Demon Form","floor":10},{"not_picked":["Combust","Sentinel"],"picked":"Cleave","floor":11},{"not_picked":["Clash","Anger","Pummel"],"picked":"SKIP","floor":13},{"not_picked":["Anger","Headbutt"],"picked":"Shrug It Off","floor":15},{"not_picked":["Offering","Bludgeon"],"picked":"Impervious","floor":16},{"not_picked":["Heavy Blade","Armaments"],"picked":"Uppercut","floor":18},{"not_picked":["Havoc+1","True Grit"],"picked":"Entrench","floor":20},{"not_picked":["Infernal Blade","Brutality"],"picked":"Sword Boomerang+1","floor":21},{"not_picked":["Sword Boomerang","Heavy Blade+1"],"picked":"True Grit+1","floor":23}],"player_experience":2965655,"relics_obtained":[{"floor":7.0,"key":"Tiny Chest"},{"floor":9.0,"key":"Dream Catcher"},{"floor":10,"key":"Kunai"}],"event_choices":[{"damage_healed":0.0,"max_hp_gain":0.0,"max_hp_loss":0.0,"gold_gain":0.0,"event_name":"Shining Light","player_choice":"Entered Light","floor":2.0,"gold_loss":0.0,"damage_taken":16.0,"cards_upgraded":["Strike_R","Strike_R"]},{"damage_healed":0,"gold_gain":0,"player_choice":"Grow","damage_taken":0,"max_hp_gain":0,"max_hp_loss":0,"event_name":"Living Wall","floor":12,"gold_loss":0,"cards_upgraded":["Demon Form"]},{"damage_healed":20,"gold_gain":0,"player_choice":"Healed and dodged fight","damage_taken":0,"max_hp_gain":0,"max_hp_loss":0,"event_name":"Mushrooms","floor":14,"gold_loss":0,"cards_obtained":["Parasite"]},{"damage_healed":0,"gold_gain":0,"player_choice":"Smashed Altar","damage_taken":0,"max_hp_gain":0,"max_hp_loss":0,"event_name":"Forgotten Altar","floor":22,"gold_loss":0,"cards_obtained":["Decay"]}],"is_beta":true,"boss_relics":[{"not_picked":["Runic Pyramid","Black Star"],"picked":"Philosopher\u0027s Stone"}],"items_purged_floors":[19],"is_endless":false,"potions_floor_spawned":[7,11,16,18,20,21],"killed_by":"Slavers","ascension_level":10}}