{"host":"7krnriczr1b2ou5r","time":1610969332,"event":{"mods":["BaseMod","Keyboard Shortcuts","Marisa£¨Ùöéë¡¡Øª×âÞÞ£©","Minty Spire (QoL Compilation)","Relic Stats","StSLib"],"gold_per_floor":[17,35,35,35,52,77,77,93,143,143,176,188,208,237,237,311,311,323,341,391,407,420,448,462,462,487,500,278,303,203,218,218,293,293,308,308,324,73,85,85,120,120,120,145,163,163,195,214,214,214],"floor_reached":51,"language":"KOR","playtime":2060,"items_purged":["Strike_MRS","Strike_MRS"],"score":1639,"play_id":"81c27fe7-84ea-4586-872d-2616600f9b77","local_time":"20210118202852","is_ascension_mode":true,"campfire_choices":[{"data":"MagicChant","floor":7,"key":"SMITH"},{"data":"UpSweep","floor":10,"key":"SMITH"},{"data":"GalacticHalo","floor":15,"key":"SMITH"},{"data":"UltimateShortwave","floor":25,"key":"SMITH"},{"data":"MillisecondPulsars","floor":32,"key":"SMITH"},{"floor":40,"key":"REST"},{"floor":42,"key":"REST"},{"floor":49,"key":"REST"}],"circlet_count":0,"master_deck":["AscendersBane","Defend_MRS","Defend_MRS","Defend_MRS","MasterSpark","UpSweep+1","ManaRampage+1","Acceleration","MilkyWay","MagicChant+1","MillisecondPulsars+1","GalacticHalo+1","UltimateShortwave+1","OortCloud+1","SuperNova","ShootTheMoon+1","ManaConvection","EarthLightRay"],"relics":["MiniHakkero","Bird Faced Urn","Sundial","Dream Catcher","Chemical X","Bottled Lightning","Molten Egg 2","Busted Crown","Happy Flower","Ancient Tea Set","TheAbacus","Unceasing Top","Fusion Hammer","Bottled Tornado","Toy Ornithopter","Darkstone Periapt","Ice Cream","Centennial Puzzle"],"acts_visited":["Exordium","TheCity","TheBeyond"],"potions_floor_usage":[14,16,23,50,50],"damage_taken":[{"damage":0,"enemies":"Cultist","floor":1,"turns":3},{"damage":7,"enemies":"2 Louse","floor":2,"turns":2},{"damage":7,"enemies":"Jaw Worm","floor":5,"turns":3},{"damage":20,"enemies":"Lagavulin","floor":6,"turns":4},{"damage":22,"enemies":"Lots of Slimes","floor":8,"turns":3},{"damage":25,"enemies":"3 Sentries","floor":11,"turns":6},{"damage":13,"enemies":"Gremlin Gang","floor":12,"turns":3},{"damage":2,"enemies":"Exordium Thugs","floor":13,"turns":3},{"damage":2,"enemies":"Lagavulin","floor":14,"turns":4},{"damage":24,"enemies":"Slime Boss","floor":16,"turns":7},{"damage":0,"enemies":"3 Byrds","floor":18,"turns":2},{"damage":0,"enemies":"Spheric Guardian","floor":19,"turns":1},{"damage":13,"enemies":"Snecko","floor":21,"turns":4},{"damage":2,"enemies":"Chosen and Byrds","floor":22,"turns":2},{"damage":0,"enemies":"Gremlin Leader","floor":23,"turns":3},{"damage":8,"enemies":"Snake Plant","floor":24,"turns":4},{"damage":0,"enemies":"Snecko","floor":27,"turns":3},{"damage":13,"enemies":"Book of Stabbing","floor":29,"turns":3},{"damage":0,"enemies":"Shelled Parasite and Fungi","floor":31,"turns":2},{"damage":3,"enemies":"Champ","floor":33,"turns":7},{"damage":12,"enemies":"3 Shapes","floor":35,"turns":6},{"damage":7,"enemies":"3 Darklings","floor":37,"turns":3},{"damage":15,"enemies":"Writhing Mass","floor":39,"turns":4},{"damage":13,"enemies":"Reptomancer","floor":41,"turns":3},{"damage":0,"enemies":"Giant Head","floor":44,"turns":5},{"damage":0,"enemies":"Maw","floor":45,"turns":3},{"damage":23,"enemies":"Reptomancer","floor":47,"turns":4},{"damage":0,"enemies":"4 Shapes","floor":48,"turns":2},{"damage":47,"enemies":"Time Eater","floor":50,"turns":5}],"seed_played":"6227629985092855791","potions_obtained":[{"floor":5,"key":"SmokeBomb"},{"floor":8,"key":"GamblersBrew"},{"floor":12,"key":"BottledSpark"},{"floor":16,"key":"SpeedPotion"},{"floor":21,"key":"LiquidBronze"},{"floor":24,"key":"LiquidBronze"},{"floor":27,"key":"Dexterity Potion"}],"is_trial":false,"path_per_floor":["M","M","T","?","M","E","R","M","T","R","E","M","M","E","R","B",null,"M","M","?","M","M","E","M","R","T","M","$","E","$","M","R","B",null,"M","?","M","$","M","R","E","R","T","E","M","?","E","M","R","B",null],"character_chosen":"MARISA","items_purchased":["TheAbacus","Bottled Tornado"],"campfire_rested":3,"item_purchase_floors":[28,38],"current_hp_per_floor":[63,56,56,56,49,29,29,7,7,7,12,29,27,27,27,3,53,53,53,53,42,42,44,40,40,40,44,44,35,35,37,37,38,62,56,56,53,53,44,65,56,70,70,70,70,70,51,59,70,26],"gold":214,"neow_bonus":"TRANSFORM_TWO_CARDS","is_daily":false,"chose_seed":false,"campfire_upgraded":5,"win_rate":0.0,"timestamp":1610969332,"path_taken":["M","M","?","?","M","E","R","M","T","R","E","M","M","E","R","BOSS","M","?","?","?","M","E","M","R","T","M","$","E","$","?","R","BOSS","M","?","M","$","M","R","E","R","T","E","M","?","E","M","R","BOSS"],"items_purchased_type":["Relic","Relic"],"build_version":"2020-12-22","purchased_purges":2,"victory":true,"max_hp_per_floor":[70,70,70,70,70,70,70,70,70,70,70,70,70,70,70,70,70,70,70,70,70,70,70,70,70,70,70,70,70,70,70,70,70,70,70,70,70,70,70,70,70,70,70,70,70,70,70,70,70,70],"relic_stats":{"Darkstone Periapt":0,"Happy Flower":[18],"counters":[29,104],"Dream Catcher":3,"Centennial Puzzle":[3],"Busted Crown":42,"TheAbacus":[90],"Sundial":[18],"Bird Faced Urn":[52],"Chemical X":[0],"obtain_stats":[{"Darkstone Periapt":43,"Ice Cream":44,"Happy Flower":23,"Bottled Tornado":38,"Ancient Tea Set":26,"Dream Catcher":9,"Centennial Puzzle":47,"Busted Crown":17,"TheAbacus":28,"Sundial":6,"Bird Faced Urn":3,"Molten Egg 2":14,"Fusion Hammer":34,"MiniHakkero":0,"Chemical X":11,"Bottled Lightning":11,"Unceasing Top":29,"Toy Ornithopter":41},{"Darkstone Periapt":24,"Ice Cream":25,"Happy Flower":15,"Bottled Tornado":22,"Ancient Tea Set":16,"Dream Catcher":5,"Centennial Puzzle":27,"Busted Crown":10,"TheAbacus":17,"Sundial":4,"Bird Faced Urn":2,"Molten Egg 2":9,"Fusion Hammer":20,"MiniHakkero":0,"Chemical X":6,"Bottled Lightning":6,"Unceasing Top":18,"Toy Ornithopter":24},{"Darkstone Periapt":85,"Ice Cream":90,"Happy Flower":50,"Bottled Tornado":78,"Ancient Tea Set":54,"Dream Catcher":15,"Centennial Puzzle":97,"Busted Crown":38,"TheAbacus":57,"Sundial":12,"Bird Faced Urn":5,"Molten Egg 2":31,"Fusion Hammer":69,"MiniHakkero":0,"Chemical X":20,"Bottled Lightning":21,"Unceasing Top":60,"Toy Ornithopter":85}],"Unceasing Top":[7],"Toy Ornithopter":0},"card_choices":[{"not_picked":["UnstableBomb","MilkyWay"],"picked":"Acceleration","floor":1},{"not_picked":["GrandCross","DoubleSpark"],"picked":"MilkyWay","floor":2},{"not_picked":["Singularity","GrandCross"],"picked":"MagicChant","floor":5},{"not_picked":["DoubleSpark","GalacticHalo","Acceleration"],"picked":"SKIP","floor":6},{"not_picked":["WitchLeyline","WitchOfGreed","IllusionStar"],"picked":"SKIP","floor":8},{"not_picked":["StarBarrage","DarkSpark"],"picked":"MillisecondPulsars","floor":11},{"not_picked":["PowerUp","ShootingEcho","DarkSpark"],"picked":"SKIP","floor":12},{"not_picked":["Acceleration","MagicAbsorber"],"picked":"GalacticHalo","floor":13},{"not_picked":["FinalSpark+1","DC+1","LuminesStrike+1"],"picked":"SKIP","floor":14},{"not_picked":["FinalSpark+1","DC+1","LuminesStrike+1"],"picked":"SKIP","floor":14},{"not_picked":["FinalSpark+1","DC+1","LuminesStrike+1"],"picked":"SKIP","floor":14},{"not_picked":["CollectingQuirk+1","MaximisePower"],"picked":"UltimateShortwave","floor":16},{"not_picked":[],"picked":"OortCloud+1","floor":18},{"not_picked":["UnstableBomb+1"],"picked":"SKIP","floor":19},{"not_picked":["UnstableBomb+1"],"picked":"SKIP","floor":21},{"not_picked":["DC+1"],"picked":"SKIP","floor":22},{"not_picked":["GravityBeat+1"],"picked":"SKIP","floor":23},{"not_picked":["AsteroidBelt"],"picked":"SKIP","floor":24},{"not_picked":["StarBarrage+1"],"picked":"SKIP","floor":27},{"not_picked":["StarBarrage+1"],"picked":"SKIP","floor":27},{"not_picked":["SatelliteIllusion"],"picked":"SKIP","floor":29},{"not_picked":["SporeBomb"],"picked":"SKIP","floor":31},{"not_picked":[],"picked":"SuperNova","floor":33},{"not_picked":[],"picked":"ShootTheMoon+1","floor":35},{"not_picked":["DC+1"],"picked":"SKIP","floor":37},{"not_picked":[],"picked":"ManaConvection","floor":39},{"not_picked":["AsteroidBelt"],"picked":"SKIP","floor":41},{"not_picked":[],"picked":"EarthLightRay","floor":42},{"not_picked":["PowerUp"],"picked":"SKIP","floor":44},{"not_picked":["6A+1"],"picked":"SKIP","floor":45},{"not_picked":["OpenUniverse+1"],"picked":"SKIP","floor":47},{"not_picked":["AsteroidBelt+1"],"picked":"SKIP","floor":48}],"player_experience":1125096,"relics_obtained":[{"floor":3,"key":"Bird Faced Urn"},{"floor":6,"key":"Sundial"},{"floor":9,"key":"Dream Catcher"},{"floor":11,"key":"Bottled Lightning"},{"floor":14,"key":"Molten Egg 2"},{"floor":23,"key":"Happy Flower"},{"floor":26,"key":"Ancient Tea Set"},{"floor":29,"key":"Unceasing Top"},{"floor":41,"key":"Toy Ornithopter"},{"floor":43,"key":"Darkstone Periapt"},{"floor":44,"key":"Ice Cream"},{"floor":47,"key":"Centennial Puzzle"}],"event_choices":[{"damage_healed":0,"gold_gain":0,"player_choice":"Upgraded","damage_taken":0,"max_hp_gain":0,"max_hp_loss":0,"event_name":"Upgrade Shrine","floor":4,"gold_loss":0,"cards_upgraded":["ManaRampage"]},{"damage_healed":0,"gold_gain":50,"player_choice":"Pray","damage_taken":0,"max_hp_gain":0,"max_hp_loss":0,"event_name":"Golden Shrine","floor":20,"gold_loss":0},{"damage_healed":0,"gold_gain":0,"player_choice":"Ignored","damage_taken":0,"max_hp_gain":0,"max_hp_loss":0,"event_name":"Tomb of Lord Red Mask","floor":36,"gold_loss":0},{"cards_removed":["Defend_MRS"],"damage_healed":0,"gold_gain":0,"player_choice":"Purged","damage_taken":0,"max_hp_gain":0,"max_hp_loss":0,"event_name":"Purifier","floor":46,"gold_loss":0}],"is_beta":false,"boss_relics":[{"not_picked":["RampagingMagicTools","Sozu"],"picked":"Busted Crown"},{"not_picked":["Astrolabe","Velvet Choker"],"picked":"Fusion Hammer"}],"items_purged_floors":[28,30],"is_endless":false,"potions_floor_spawned":[5,8,12,16,21,24,27,29,33,35,39,44],"ascension_level":15}}