{"host":"u19jhb6amotr3ucl","time":1610941253,"event":{"mods":["Act Like it!","Astrologer","BaseMod","Better Match","BetterRewards","Conspire","Duelist Mod","Hubris","Infinite Spire","Jorbs\u0027s Wanderer Trilogy","Marisa????????","Minty Spire (QoL Compilation)","Quick Restart","Replay The Spire","Spicy Shops","StSLib","The Animator"],"gold_per_floor":[110,110,110,0,15,15,15],"floor_reached":6,"language":"ENG","playtime":418,"items_purged":[],"score":36,"play_id":"a5e79d72-81df-48fe-b9a4-f54ca1d91ad1","local_time":"20210117224053","is_ascension_mode":true,"campfire_choices":[],"circlet_count":0,"master_deck":["animator:Strike_FullmetalAlchemist","animator:Defend_FullmetalAlchemist","animator:Strike","animator:Strike","animator:Strike","animator:Defend","animator:Defend","animator:Defend","animator:ElricEdward","animator:ElricAlphonse","animator:Ara+1","animator:Vanir","animator:Mitsurugi","Injury","theDuelist:CurseAnubis","Injury","animator:Verdia","animator:Raven","animator:Rider"],"relics":["animator:LivingPicture","animator:TheMissingPiece","Golden Idol","PrismaticShard","Membership Card"],"acts_visited":["Exordium"],"potions_floor_usage":[6],"damage_taken":[{"damage":1,"enemies":"2 Louse","floor":1,"turns":3},{"damage":0,"enemies":"Small Slimes","floor":5,"turns":5},{"damage":70,"enemies":"3 Sentries","floor":6,"turns":10}],"seed_played":"-8182440166711422039","potions_obtained":[{"floor":5,"key":"Fruit Juice"}],"is_trial":false,"path_per_floor":["M","?","?","$","M","E"],"character_chosen":"THE_ANIMATOR","items_purchased":["animator:Ara+1","animator:Vanir","Membership Card","animator:Verdia","animator:Raven"],"campfire_rested":0,"item_purchase_floors":[0,0,4,4,4],"current_hp_per_floor":[65,65,65,65,65,0,0],"gold":15,"neow_bonus":"","is_daily":false,"chose_seed":false,"campfire_upgraded":0,"win_rate":0.0,"timestamp":1610941253,"path_taken":["M","?","?","$","M","E"],"items_purchased_type":["Card","Card","Relic","Card","Card"],"build_version":"2020-12-22","purchased_purges":0,"victory":false,"max_hp_per_floor":[66,66,66,66,66,71,71],"card_choices":[{"not_picked":["animator:Illya","animator:Chung"],"picked":"animator:Mitsurugi","floor":1},{"not_picked":["animator:IrohaTamaki","theDuelist:Berserking"],"picked":"animator:Rider","floor":5}],"player_experience":340423,"relics_obtained":[],"event_choices":[{"damage_healed":0,"gold_gain":0,"player_choice":"Take Wound","damage_taken":0,"relics_obtained":["Golden Idol"],"max_hp_gain":0,"max_hp_loss":0,"event_name":"Golden Idol","floor":2,"gold_loss":0,"cards_obtained":["Injury"]}],"is_beta":false,"boss_relics":[],"items_purged_floors":[],"is_endless":false,"potions_floor_spawned":[5],"killed_by":"3 Sentries","ascension_level":1}}