{"host":"ockkdcgl3b18tfz9","time":1610984843,"event":{"mods":["2.2 Compatiblity","BaseMod","Better Skull","Better Third Choice","BetterRewards","Hermit","Minty Spire (QoL Compilation)","Quick Restart","Replay The Spire","Spicy Shops","StSLib","SuperFastMode","The Jungle"],"gold_per_floor":[344,119,119,132,112,129,129,129,129,180,224,249,214,214,227,227,227,227,227],"floor_reached":17,"language":"ENG","playtime":259,"items_purged":[],"score":217,"play_id":"3bdf6636-9607-41c0-8b96-78cd8ff81c44","local_time":"20210118224723","is_ascension_mode":true,"campfire_choices":[{"floor":6,"key":"REST"},{"data":"Flex","floor":7,"key":"SMITH"},{"data":"Heavy Blade","floor":13,"key":"SMITH"},{"floor":15,"key":"REST"},{"data":"Metallicize","floor":16,"key":"SMITH"}],"circlet_count":0,"master_deck":["Strike_R","Strike_R","Strike_R","Strike_R","Strike_R","Defend_R","Defend_R","Defend_R","Defend_R","Bash","Bloodletting+1","Flex+1","Cleave","Heavy Blade+1","Injury","Metallicize+1","Headbutt"],"relics":["Burning Blood","WingedGreaves","ReplayTheSpireMod:Ring of Exchange","Golden Idol","Ancient Tea Set","Omamori"],"acts_visited":["Exordium"],"potions_floor_usage":[10,10,17,17],"damage_taken":[{"damage":15,"enemies":"Jaw Worm","floor":1,"turns":3},{"damage":6,"enemies":"Cultist","floor":3,"turns":4},{"damage":6,"enemies":"2 Louse","floor":5,"turns":3},{"damage":22,"enemies":"Lagavulin","floor":10,"turns":3},{"damage":16,"enemies":"Looter","floor":11,"turns":4},{"damage":5,"enemies":"2 Fungi Beasts","floor":14,"turns":3},{"damage":77,"enemies":"The Guardian","floor":17,"turns":13}],"seed_played":"-3008877005377462585","potions_obtained":[{"floor":4,"key":"Death Potion"},{"floor":10,"key":"SteroidPotion"},{"floor":11,"key":"Explosive Potion"}],"is_trial":false,"path_per_floor":["M","?","M","?","M","R","R","?","T","E","M","?","R","M","R","R","B"],"character_chosen":"IRONCLAD","items_purchased":["Bloodletting+1","AttackPotion","Dexterity Potion"],"campfire_rested":2,"item_purchase_floors":[0,0,0],"current_hp_per_floor":[7,46,46,46,46,46,70,70,70,70,54,44,64,64,65,80,80,3,3],"gold":227,"neow_bonus":"","is_daily":false,"chose_seed":false,"campfire_upgraded":3,"win_rate":0.0,"timestamp":1610984843,"path_taken":["M","?","M","?","?","R","R","?","T","E","M","?","R","M","R","R","BOSS"],"items_purchased_type":["Card","Potion","Potion"],"build_version":"2020-12-22","purchased_purges":0,"victory":false,"max_hp_per_floor":[85,80,80,80,80,80,80,80,80,80,80,80,80,80,80,80,80,80,80],"card_choices":[{"not_picked":["Inflame","Blood for Blood"],"picked":"Flex","floor":1},{"not_picked":["Exhume","Twin Strike"],"picked":"Cleave","floor":3},{"not_picked":["Armaments","Clash"],"picked":"Heavy Blade","floor":5},{"not_picked":["Whirlwind","Metallicize","Perfected Strike"],"picked":"SKIP","floor":10},{"not_picked":["Whirlwind","Perfected Strike"],"picked":"Metallicize","floor":10},{"not_picked":["Fire Breathing","Massacre","ReplayTheSpireMod:Strike From Hell"],"picked":"SKIP","floor":11},{"not_picked":["Run Through","Hemogenesis"],"picked":"Headbutt","floor":14}],"player_experience":288299,"relics_obtained":[{"floor":2,"key":"ReplayTheSpireMod:Ring of Exchange"},{"floor":9,"key":"Ancient Tea Set"},{"floor":10,"key":"Omamori"}],"event_choices":[{"damage_healed":0,"gold_gain":0,"player_choice":"Bought 1 Potion","damage_taken":0,"max_hp_gain":0,"max_hp_loss":0,"event_name":"The Woman in Blue","floor":4,"gold_loss":0},{"damage_healed":0,"gold_gain":0,"player_choice":"Take Wound","damage_taken":0,"relics_obtained":["Golden Idol"],"max_hp_gain":0,"max_hp_loss":0,"event_name":"Golden Idol","floor":8,"gold_loss":0,"cards_obtained":["Injury"]},{"damage_healed":20,"gold_gain":0,"player_choice":"Healed","damage_taken":0,"max_hp_gain":0,"max_hp_loss":0,"event_name":"The Cleric","floor":12,"gold_loss":35}],"is_beta":false,"boss_relics":[],"items_purged_floors":[],"is_endless":false,"potions_floor_spawned":[5,10,11],"killed_by":"The Guardian","ascension_level":8}}