{"host":"th1rgt4ohg3ajuw6","time":1610937689,"event":{"mods":["Act Like it!","Bard","BaseMod","Downfall","GifTheSpireLib","GungeonMod","Minty Spire (QoL Compilation)","Shop Mod","StSLib","Stuff the Spire"],"gold_per_floor":[99,113,130,580,594,606,606,3,23,35,35,53,53,63,79,79,79],"floor_reached":16,"language":"ENG","playtime":743,"items_purged":[],"score":98,"play_id":"d3ac7920-0e10-484b-bfe2-d403a559fc45","local_time":"20210117184129","is_ascension_mode":false,"campfire_choices":[{"data":"bronze:Replicate","floor":1,"key":"SMITH"},{"data":"expansioncontent:QuickStudy","floor":13,"key":"SMITH"}],"circlet_count":0,"master_deck":["bronze:Strike","bronze:Strike","bronze:Strike","bronze:Strike","bronze:Defend","bronze:Defend","bronze:Defend","bronze:Defend","bronze:Replicate+1","bronze:Goto","bronze:ChosenStrike","bronze:WhirlingStrike","downfall:Icky","downfall:Icky","downfall:Icky","bronze:Iterate","bronze:DarkDash","bronze:Backtrace","bronze:ChildClass","bronze:BronzeOrb","expansioncontent:QuickStudy+1","bronze:DigitalCarnage","bronze:BugBarrage","bronze:BronzeArmor","bronze:DelayedGuard","bronze:Repair"],"relics":["bronze:BronzeCore","Omamori","Meat on the Bone"],"acts_visited":["Exordium"],"potions_floor_usage":[8,10,10,16,16],"damage_taken":[{"damage":7,"enemies":"Small Slimes","floor":2,"turns":4},{"damage":0,"enemies":"Jaw Worm","floor":3,"turns":4},{"damage":6,"enemies":"2 Louse","floor":5,"turns":2},{"damage":17,"enemies":"Large Slime","floor":6,"turns":6},{"damage":4,"enemies":"downfall:FleeingMerchant","floor":8,"turns":4},{"damage":0,"enemies":"2 Fungi Beasts","floor":9,"turns":3},{"damage":0,"enemies":"Exordium Thugs","floor":10,"turns":2},{"damage":0,"enemies":"Exordium Wildlife","floor":12,"turns":1},{"damage":0,"enemies":"Blue Slaver","floor":14,"turns":2},{"damage":0,"enemies":"2 Fungi Beasts","floor":15,"turns":2},{"damage":83,"enemies":"SI_SHIV_ARCHETYPE","floor":16,"turns":10}],"seed_played":"6238822544796468440","potions_obtained":[{"floor":2,"key":"bronze:CleanCodePotion"},{"floor":5,"key":"champ:CounterPotion"},{"floor":6,"key":"AttackPotion"},{"floor":9,"key":"Weak Potion"},{"floor":14,"key":"ColorlessPotion"},{"floor":15,"key":"LiquidBronze"}],"is_trial":false,"path_per_floor":["R","M","M","?","M","M","T","$","M","M","?","M","R","M","M","B"],"character_chosen":"THE_AUTOMATON","items_purchased":["Meat on the Bone","bronze:ChildClass","bronze:BronzeOrb","expansioncontent:QuickStudy"],"campfire_rested":0,"item_purchase_floors":[8,8,8,8],"current_hp_per_floor":[70,63,63,63,57,40,40,36,36,36,80,80,80,80,80,0,0],"gold":79,"neow_bonus":"ONE_RANDOM_RARE_CARD","is_daily":false,"chose_seed":false,"campfire_upgraded":2,"win_rate":0.0,"timestamp":1610937689,"path_taken":["R","M","M","?","M","M","T","$","M","M","?","M","R","M","M","BOSS"],"items_purchased_type":["Relic","Card","Card","Card"],"build_version":"2020-12-22","purchased_purges":0,"victory":false,"max_hp_per_floor":[70,70,70,70,70,70,70,70,70,70,80,80,80,80,80,80,80],"card_choices":[{"not_picked":["bronze:Overheat","bronze:BuggyMess"],"picked":"bronze:ChosenStrike","floor":2},{"not_picked":["bronze:Branch","bronze:ClassDefault"],"picked":"bronze:WhirlingStrike","floor":3},{"not_picked":["bronze:OilSpill","bronze:WildBeam"],"picked":"bronze:Iterate","floor":5},{"not_picked":["bronze:CloningBeam","bronze:FineTuning"],"picked":"bronze:DarkDash","floor":6},{"not_picked":["bronze:WildBeam","bronze:DarkDash"],"picked":"bronze:Backtrace","floor":8},{"not_picked":["bronze:Break","bronze:CutThrough"],"picked":"bronze:DigitalCarnage","floor":9},{"not_picked":["bronze:Turbo","bronze:BuggyMess"],"picked":"bronze:BugBarrage","floor":10},{"not_picked":["bronze:OilSpill","bronze:Allocate"],"picked":"bronze:BronzeArmor","floor":12},{"not_picked":["bronze:Overload","bronze:ForLoop"],"picked":"bronze:DelayedGuard","floor":14},{"not_picked":["bronze:DelayedSlice","bronze:Frontload"],"picked":"bronze:Repair","floor":15}],"player_experience":246129,"relics_obtained":[{"floor":7,"key":"Omamori"}],"event_choices":[],"is_beta":false,"boss_relics":[],"items_purged_floors":[],"is_endless":false,"potions_floor_spawned":[2,5,6,9,14,15],"killed_by":"SI_SHIV_ARCHETYPE","ascension_level":0}}