{"host":"2t0ddmgeopc3yqug","time":1610962062,"event":{"mods":["AchievementEnabler","BaseMod","Colored Map","Colored Powertips","Hermit","Marisa£¨Ùöéë¡¡Øª×âÞÞ£©","Minty Spire (QoL Compilation)","Rare Cards Sparkle","StSLib","SuperFastMode","The Servant 0.9.4","everything is the same but u backflip on backflip"],"gold_per_floor":[110,41,41,116,135,150,150,150,173,26,41,56,56,72,72,72,72],"floor_reached":16,"language":"KOR","playtime":859,"items_purged":["hermit:Strike_Hermit"],"score":92,"play_id":"316aefd7-fa82-4440-bfb2-c51741aaa3c4","local_time":"20210118182742","is_ascension_mode":false,"campfire_choices":[{"data":"hermit:Combo","floor":7.0,"key":"SMITH"},{"floor":15,"key":"REST"}],"circlet_count":0,"master_deck":["hermit:Strike_Hermit","hermit:Strike_Hermit","hermit:Strike_Hermit","hermit:Defend_Hermit","hermit:Defend_Hermit","hermit:Defend_Hermit","hermit:Snapshot","hermit:Covet","hermit:Enervate","hermit:Combo+1","hermit:TrackingShot","Pain","hermit:TakeAim","hermit:Enervate"],"relics":["hermit:Momento","NeowsBlessing","WarpedTongs","Bag of Preparation"],"acts_visited":["Exordium"],"potions_floor_usage":[14,16,16],"damage_taken":[{"damage":0.0,"enemies":"Jaw Worm","floor":1.0,"turns":1.0},{"damage":0.0,"enemies":"Small Slimes","floor":5.0,"turns":1.0},{"damage":0.0,"enemies":"Cultist","floor":6.0,"turns":1.0},{"damage":7.0,"enemies":"Red Slaver","floor":11.0,"turns":4.0},{"damage":13.0,"enemies":"Lots of Slimes","floor":12.0,"turns":3.0},{"damage":0,"enemies":"Gremlin Gang","floor":14,"turns":2},{"damage":68,"enemies":"The Guardian","floor":16,"turns":8}],"seed_played":"-2079743523888662211","potions_obtained":[{"floor":1.0,"key":"BlessingOfTheForge"},{"floor":11.0,"key":"ColorlessPotion"},{"floor":12.0,"key":"Explosive Potion"},{"floor":14,"key":"AttackPotion"}],"is_trial":false,"path_per_floor":["M","$","?","?","M","M","R","?","T","$","M","M","$","M","R","B"],"character_chosen":"HERMIT","items_purchased":["hermit:Combo","hermit:TakeAim"],"campfire_rested":1,"item_purchase_floors":[2,10],"current_hp_per_floor":[75,75,75,64,64,64,64,64,64,64,57,44,44,44,66,0,0],"gold":72,"neow_bonus":"THREE_ENEMY_KILL","is_daily":false,"chose_seed":false,"campfire_upgraded":1,"win_rate":0.0,"timestamp":1610962062,"path_taken":["M","$","?","?","M","M","R","?","T","$","M","?","?","?","R","BOSS"],"items_purchased_type":["Card","Card"],"build_version":"2020-12-22","purchased_purges":1,"victory":false,"max_hp_per_floor":[75,75,75,75,75,75,75,75,75,75,75,75,75,75,75,75,75],"card_choices":[{"not_picked":["hermit:LuckOfTheDraw","hermit:Roulette"],"picked":"hermit:Enervate","floor":1.0},{"not_picked":["hermit:Glare","hermit:BodyArmor","hermit:Vantage"],"picked":"SKIP","floor":5.0},{"not_picked":["hermit:WideOpen","hermit:Ricochet"],"picked":"hermit:TrackingShot","floor":6.0},{"not_picked":["hermit:ShadowCloak","hermit:Shortfuse"],"picked":"hermit:Enervate","floor":11.0},{"not_picked":["hermit:WideOpen","hermit:RoundhouseKick","hermit:Manifest"],"picked":"SKIP","floor":12.0},{"not_picked":["hermit:HoleUp","hermit:Manifest","hermit:Coalescence"],"picked":"SKIP","floor":14}],"player_experience":88366,"relics_obtained":[{"floor":9.0,"key":"Bag of Preparation"}],"event_choices":[{"cards_removed":["hermit:Defend_Hermit"],"damage_healed":0.0,"max_hp_gain":0.0,"max_hp_loss":0.0,"gold_gain":0.0,"event_name":"Living Wall","player_choice":"Forget","floor":3.0,"gold_loss":0.0,"damage_taken":0.0},{"damage_healed":0.0,"max_hp_gain":0.0,"max_hp_loss":0.0,"gold_gain":75.0,"event_name":"World of Goop","player_choice":"Gather Gold","floor":4.0,"gold_loss":0.0,"damage_taken":11.0},{"damage_healed":0.0,"max_hp_gain":0.0,"max_hp_loss":0.0,"gold_gain":0.0,"event_name":"Accursed Blacksmith","player_choice":"Rummage","floor":8.0,"gold_loss":0.0,"damage_taken":0.0,"relics_obtained":["WarpedTongs"],"cards_obtained":["Pain"]}],"is_beta":false,"boss_relics":[],"items_purged_floors":[10],"is_endless":false,"potions_floor_spawned":[1,11,12,14],"killed_by":"The Guardian","ascension_level":0}}