{"host":"f5gffvlv6a66yqkd","time":1610991680,"event":{"mods":["2.2 Compatiblity","Alarm Clock","BaseMod","Colored Map","Custom Start","DeckTracker","Keyboard Shortcuts","Minty Spire (QoL Compilation)","Permanent Neow","Quick Restart","Relic Stats","StSLib","SuperFastMode"],"gold_per_floor":[364,364,65,75,55,80,97,97,97,97,126,142,153,153,153,229,229,248,280,297,24,24,24,42,58,58,58,73,90,90,108,108,108,108],"floor_reached":33,"language":"KOR","playtime":985,"items_purged":["Strike_G"],"score":518,"play_id":"9e8bb2e4-7512-403e-af9e-3070b726675f","local_time":"20210119024120","is_ascension_mode":true,"campfire_choices":[{"data":"Noxious Fumes","floor":8.0,"key":"SMITH"},{"floor":10.0,"key":"REST"},{"data":"Bouncing Flask","floor":15.0,"key":"SMITH"},{"data":"Wraith Form v2","floor":23.0,"key":"SMITH"},{"floor":27.0,"key":"REST"},{"data":"Tactician","floor":30,"key":"SMITH"},{"floor":32,"key":"REST"}],"circlet_count":0,"master_deck":["AscendersBane","Strike_G","Strike_G","Defend_G","Defend_G","Defend_G","Defend_G","Defend_G","Survivor","Neutralize","Dash","Footwork","Backstab","Bouncing Flask+1","Noxious Fumes+1","Footwork","Wraith Form v2+1","Dagger Throw","Die Die Die","Prepared","Acrobatics","Tactician+1","Prepared","PiercingWail","Storm of Steel","Acrobatics","PiercingWail"],"relics":["Ring of the Snake","Mummified Hand","Medical Kit","Strawberry","Anchor","Bag of Preparation","Sozu","Red Mask","Orrery","Torii"],"acts_visited":["Exordium","TheCity"],"potions_floor_usage":[],"damage_taken":[{"damage":1.0,"enemies":"2 Louse","floor":1.0,"turns":3.0},{"damage":0.0,"enemies":"Jaw Worm","floor":4.0,"turns":4.0},{"damage":30.0,"enemies":"Lagavulin","floor":6.0,"turns":7.0},{"damage":0.0,"enemies":"Cultist","floor":7.0,"turns":3.0},{"damage":2.0,"enemies":"3 Sentries","floor":11.0,"turns":7.0},{"damage":0.0,"enemies":"3 Louse","floor":12.0,"turns":2.0},{"damage":0.0,"enemies":"Large Slime","floor":13.0,"turns":6.0},{"damage":8.0,"enemies":"The Guardian","floor":16.0,"turns":9.0},{"damage":1.0,"enemies":"2 Thieves","floor":18.0,"turns":4.0},{"damage":12.0,"enemies":"Masked Bandits","floor":19.0,"turns":5.0},{"damage":2.0,"enemies":"3 Byrds","floor":20.0,"turns":6.0},{"damage":0.0,"enemies":"Snake Plant","floor":24.0,"turns":4.0},{"damage":28.0,"enemies":"Chosen and Byrds","floor":25.0,"turns":6.0},{"damage":1,"enemies":"Snecko","floor":28,"turns":5},{"damage":13,"enemies":"3 Cultists","floor":29,"turns":6},{"damage":2,"enemies":"Shelled Parasite and Fungi","floor":31,"turns":5},{"damage":32,"enemies":"Collector","floor":33,"turns":7}],"seed_played":"-8860467052827805782","potions_obtained":[{"floor":1.0,"key":"GamblersBrew"},{"floor":5.0,"key":"Fire Potion"},{"floor":6.0,"key":"Explosive Potion"},{"floor":12.0,"key":"SkillPotion"}],"is_trial":false,"path_per_floor":["M","?","$","M","?","E","M","R","T","R","E","M","M","?","R","B",null,"M","?","M","$","?","R","M","M","T","R","M","M","R","M","R","B"],"character_chosen":"THE_SILENT","items_purchased":["Medical Kit","Footwork","Backstab","Acrobatics","Orrery"],"campfire_rested":3,"item_purchase_floors":[3,3,3,21,21],"current_hp_per_floor":[43,38,38,38,38,15,15,15,15,36,34,34,34,34,34,26,61,60,48,46,46,46,46,46,18,18,39,38,25,25,23,44,12,12],"gold":108,"neow_bonus":"TWO_FIFTY_GOLD","is_daily":false,"chose_seed":false,"campfire_upgraded":4,"win_rate":0.0,"timestamp":1610991680,"path_taken":["M","?","$","M","?","E","?","R","T","R","E","M","M","?","R","BOSS","M","?","M","$","?","R","M","?","T","R","M","M","R","M","R","BOSS"],"items_purchased_type":["Relic","Card","Card","Card","Relic"],"build_version":"2020-12-22","purchased_purges":1,"victory":false,"max_hp_per_floor":[66,66,66,66,66,73,73,73,73,73,73,73,73,73,73,73,73,73,73,73,73,73,73,73,73,73,73,73,73,73,73,73,73,73],"relic_stats":{"Sozu":3,"Torii":11,"counters":[17,89],"Mummified Hand":[55],"Bag of Preparation":[24],"Medical Kit":[10],"obtain_stats":[{"Sozu":17,"Anchor":9,"Torii":26,"Mummified Hand":2,"Strawberry":6,"Orrery":21,"Bag of Preparation":11,"Red Mask":19,"Medical Kit":3,"Ring of the Snake":0},{"Sozu":8,"Anchor":4,"Torii":13,"Mummified Hand":1,"Strawberry":3,"Orrery":11,"Bag of Preparation":5,"Red Mask":10,"Medical Kit":1,"Ring of the Snake":0},{"Sozu":41,"Anchor":17,"Torii":66,"Mummified Hand":3,"Strawberry":14,"Orrery":56,"Bag of Preparation":24,"Red Mask":50,"Medical Kit":3,"Ring of the Snake":0}],"Ring of the Snake":[34]},"card_choices":[{"not_picked":["Backflip","Accuracy"],"picked":"Dash","floor":1.0},{"not_picked":["Dagger Spray","Blade Dance"],"picked":"Bouncing Flask","floor":4.0},{"not_picked":["Dodge and Roll","Acrobatics"],"picked":"Noxious Fumes","floor":6.0},{"not_picked":["Bouncing Flask","Bane"],"picked":"Footwork","floor":7.0},{"not_picked":["Sucker Punch","Deadly Poison","Outmaneuver"],"picked":"SKIP","floor":11.0},{"not_picked":["Expertise","Caltrops"],"picked":"Wraith Form v2","floor":12.0},{"not_picked":["Setup","Escape Plan","Backstab"],"picked":"SKIP","floor":13.0},{"not_picked":["A Thousand Cuts","After Image"],"picked":"Die Die Die","floor":16.0},{"not_picked":["Dodge and Roll","Setup","Crippling Poison"],"picked":"SKIP","floor":18.0},{"not_picked":["Riddle With Holes","Deadly Poison"],"picked":"Prepared","floor":19.0},{"not_picked":["Infinite Blades","Blur","Finisher"],"picked":"SKIP","floor":20.0},{"not_picked":["Accuracy","Setup"],"picked":"Tactician","floor":21.0},{"not_picked":["Predator","Bullet Time"],"picked":"Prepared","floor":21.0},{"not_picked":["Bullet Time","Blur"],"picked":"PiercingWail","floor":21.0},{"not_picked":["Calculated Gamble","Crippling Poison+1","All Out Attack+1"],"picked":"SKIP","floor":24.0},{"not_picked":["Blade Dance","Setup","Concentrate"],"picked":"SKIP","floor":25.0},{"not_picked":["Dagger Throw+1","Infinite Blades"],"picked":"Acrobatics","floor":28},{"not_picked":["Terror","Deflect"],"picked":"PiercingWail","floor":29},{"not_picked":["Backflip","Dodge and Roll","Prepared"],"picked":"SKIP","floor":31}],"player_experience":1594400,"relics_obtained":[{"floor":6.0,"key":"Strawberry"},{"floor":9.0,"key":"Anchor"},{"floor":11.0,"key":"Bag of Preparation"},{"floor":19.0,"key":"Red Mask"},{"floor":26.0,"key":"Torii"}],"event_choices":[{"damage_healed":0.0,"max_hp_gain":0.0,"max_hp_loss":0.0,"gold_gain":0.0,"event_name":"Scrap Ooze","player_choice":"Success","floor":2.0,"gold_loss":0.0,"damage_taken":5.0,"relics_obtained":["Mummified Hand"]},{"damage_healed":0.0,"max_hp_gain":0.0,"max_hp_loss":0.0,"gold_gain":0.0,"event_name":"The Woman in Blue","player_choice":"Bought 1 Potion","floor":5.0,"gold_loss":0.0,"damage_taken":0.0},{"damage_healed":0.0,"max_hp_gain":0.0,"max_hp_loss":0.0,"gold_gain":0.0,"cards_transformed":["Strike_G"],"event_name":"Living Wall","player_choice":"Change","floor":14.0,"gold_loss":0.0,"damage_taken":0.0,"cards_obtained":["Dagger Throw"]},{"damage_healed":0.0,"max_hp_gain":0.0,"max_hp_loss":0.0,"gold_gain":0.0,"event_name":"Masked Bandits","player_choice":"Fought Bandits","floor":19.0,"gold_loss":0.0,"damage_taken":0.0},{"damage_healed":0.0,"max_hp_gain":0.0,"max_hp_loss":0.0,"gold_gain":0.0,"cards_transformed":["Strike_G"],"event_name":"Transmorgrifier","player_choice":"Transformed","floor":22.0,"gold_loss":0.0,"damage_taken":0.0,"cards_obtained":["Storm of Steel"]}],"is_beta":false,"boss_relics":[{"not_picked":["Fusion Hammer","Busted Crown"],"picked":"Sozu"}],"items_purged_floors":[21],"is_endless":false,"potions_floor_spawned":[1,6,12,20,25,29],"killed_by":"Collector","ascension_level":20}}