{"host":"baymyijz6sxaqj5s","time":1610998950,"event":{"mods":["AchievementEnabler","BaseMod","Colored Map","Colored Powertips","DeckTracker","Highlight Path","KOR Keyword Fix","Keyboard Shortcuts","Minty Spire (QoL Compilation)","StSLib","SuperFastMode","everything is the same but u backflip on backflip"],"gold_per_floor":[116,116,139,157,157,157,171,171,171,171,187,187,204,216,216,321,321,246,98,98,110,129,129,148,148,148],"floor_reached":25,"language":"KOR","playtime":704,"items_purged":[],"score":222,"play_id":"25a16bef-3e40-4ca1-ab80-c9b0c3a03ac3","local_time":"20210119044230","is_ascension_mode":true,"campfire_choices":[{"data":"Survivor","floor":6,"key":"SMITH"},{"data":"Deadly Poison","floor":8,"key":"SMITH"},{"data":"Footwork","floor":15,"key":"SMITH"},{"data":"Burst","floor":23,"key":"SMITH"}],"circlet_count":0,"master_deck":["Strike_G","Strike_G","Strike_G","Defend_G","Defend_G","Defend_G","Defend_G+1","Defend_G","Survivor+1","Neutralize+1","Deadly Poison+1","Terror","Footwork+1","Burst+1","Poisoned Stab+1","Noxious Fumes"],"relics":["Ring of the Snake","Pen Nib","Pantograph","Empty Cage","Lantern"],"acts_visited":["Exordium","TheCity"],"potions_floor_usage":[16,24,25],"damage_taken":[{"damage":0,"enemies":"Cultist","floor":1,"turns":5},{"damage":1,"enemies":"Jaw Worm","floor":4,"turns":3},{"damage":9,"enemies":"Small Slimes","floor":7,"turns":3},{"damage":14,"enemies":"3 Louse","floor":11,"turns":5},{"damage":1,"enemies":"Large Slime","floor":13,"turns":7},{"damage":10,"enemies":"Red Slaver","floor":14,"turns":4},{"damage":24,"enemies":"Hexaghost","floor":16,"turns":11},{"damage":9,"enemies":"2 Thieves","floor":18,"turns":5},{"damage":2,"enemies":"Shell Parasite","floor":21,"turns":5},{"damage":6,"enemies":"Centurion and Healer","floor":22,"turns":10},{"damage":20,"enemies":"Shelled Parasite and Fungi","floor":24,"turns":7},{"damage":45,"enemies":"Gremlin Leader","floor":25,"turns":3}],"seed_played":"4198169151888312242","potions_obtained":[{"floor":4,"key":"Weak Potion"},{"floor":14,"key":"SkillPotion"},{"floor":21,"key":"SteroidPotion"}],"is_trial":false,"path_per_floor":["M","?","T","M","?","R","M","R","T","?","M","?","M","M","R","B",null,"M","$","?","M","M","R","M","E"],"character_chosen":"THE_SILENT","items_purchased":["Lantern"],"campfire_rested":0,"item_purchase_floors":[19],"current_hp_per_floor":[77,62,62,61,61,61,52,52,52,57,43,43,42,32,32,33,82,73,73,73,71,65,65,45,0,0],"gold":148,"neow_bonus":"TEN_PERCENT_HP_BONUS","is_daily":false,"chose_seed":false,"campfire_upgraded":4,"win_rate":0.0,"timestamp":1610998950,"path_taken":["M","?","?","M","?","R","?","R","T","?","M","?","M","M","R","BOSS","M","?","?","M","M","R","?","E"],"items_purchased_type":["Relic"],"build_version":"2020-12-22","purchased_purges":0,"victory":false,"max_hp_per_floor":[77,77,77,77,77,77,77,77,77,82,82,82,82,82,82,82,82,82,82,82,82,82,82,82,82,82],"card_choices":[{"not_picked":["Flying Knee","Riddle With Holes","PiercingWail"],"picked":"SKIP","floor":1},{"not_picked":["Sucker Punch","Dagger Throw"],"picked":"Deadly Poison","floor":4},{"not_picked":["Flying Knee","Endless Agony","Heel Hook"],"picked":"SKIP","floor":7},{"not_picked":["Finisher","Sucker Punch","Underhanded Strike"],"picked":"SKIP","floor":11},{"not_picked":["Footwork","Underhanded Strike","Blade Dance"],"picked":"SKIP","floor":13},{"not_picked":["Phantasmal Killer","Slice"],"picked":"Footwork","floor":14},{"not_picked":["Malaise","Tools of the Trade"],"picked":"Burst","floor":16},{"not_picked":["Sucker Punch","Dodge and Roll"],"picked":"Poisoned Stab+1","floor":18},{"not_picked":["Acrobatics","Heel Hook+1","Slice"],"picked":"SKIP","floor":21},{"not_picked":["Bane","Setup+1"],"picked":"Noxious Fumes","floor":22},{"not_picked":["Underhanded Strike","Choke","Heel Hook"],"picked":"SKIP","floor":24}],"player_experience":62266,"relics_obtained":[{"floor":3,"key":"Pen Nib"},{"floor":9,"key":"Pantograph"}],"event_choices":[{"damage_healed":0,"gold_gain":0,"player_choice":"Entered Light","damage_taken":15,"max_hp_gain":0,"max_hp_loss":0,"event_name":"Shining Light","floor":2,"gold_loss":0,"cards_upgraded":["Neutralize","Defend_G"]},{"damage_healed":0,"gold_gain":0,"player_choice":"2 cards matched","damage_taken":0,"max_hp_gain":0,"max_hp_loss":0,"event_name":"Match and Keep!","floor":5,"gold_loss":0,"cards_obtained":["Wraith Form v2","Terror"]},{"damage_healed":0,"gold_gain":0,"player_choice":"Donut","damage_taken":0,"max_hp_gain":5,"max_hp_loss":0,"event_name":"Big Fish","floor":10,"gold_loss":0},{"cards_removed":["Wraith Form v2"],"damage_healed":0,"gold_gain":0,"player_choice":"Purged","damage_taken":0,"max_hp_gain":0,"max_hp_loss":0,"event_name":"Purifier","floor":12,"gold_loss":0},{"damage_healed":0,"gold_gain":0,"player_choice":"Ignored","damage_taken":0,"max_hp_gain":0,"max_hp_loss":0,"event_name":"Vampires","floor":20,"gold_loss":0}],"is_beta":false,"boss_relics":[{"not_picked":["Black Star","Ectoplasm"],"picked":"Empty Cage"}],"items_purged_floors":[],"is_endless":false,"potions_floor_spawned":[4,14,21],"killed_by":"Gremlin Leader","ascension_level":3}}