{"host":"oehe2dxjvdgux73m","time":1610968503,"event":{"mods":["AchievementEnabler","BaseMod","Colored Map","Colored Powertips","DeckTracker","Keyboard Shortcuts","Minty Spire (QoL Compilation)","Permanent Neow","Quick Restart","StSLib","SuperFastMode"],"gold_per_floor":[116,129,147,147,157,157,192,192,243,254,273,273,287,318,318,318,318],"floor_reached":16,"language":"KOR","playtime":450,"items_purged":[],"score":228,"play_id":"be57831d-59e1-4a76-b200-8c27e89578ca","local_time":"20210118201503","is_ascension_mode":true,"campfire_choices":[{"data":"Dagger Spray","floor":6.0,"key":"SMITH"},{"data":"Neutralize","floor":8.0,"key":"SMITH"},{"floor":12.0,"key":"REST"},{"data":"Bullet Time","floor":15.0,"key":"SMITH"}],"circlet_count":0,"master_deck":["AscendersBane","Strike_G","Strike_G","Strike_G","Strike_G","Strike_G","Defend_G","Defend_G","Defend_G","Defend_G","Defend_G","Survivor","Neutralize+1","Poisoned Stab","Dash","Dagger Spray+1","Bullet Time+1","Dagger Throw"],"relics":["Ring of the Snake","PreservedInsect","Mummified Hand","Centennial Puzzle","Lantern"],"acts_visited":["Exordium"],"potions_floor_usage":[16,16],"damage_taken":[{"damage":0.0,"enemies":"2 Louse","floor":1.0,"turns":3.0},{"damage":5.0,"enemies":"Small Slimes","floor":2.0,"turns":6.0},{"damage":1.0,"enemies":"Cultist","floor":3.0,"turns":4.0},{"damage":8.0,"enemies":"3 Louse","floor":5.0,"turns":4.0},{"damage":18.0,"enemies":"Gremlin Nob","floor":7.0,"turns":4.0},{"damage":12.0,"enemies":"Large Slime","floor":10.0,"turns":5.0},{"damage":1.0,"enemies":"2 Fungi Beasts","floor":11.0,"turns":2.0},{"damage":6.0,"enemies":"Looter","floor":13.0,"turns":2.0},{"damage":6.0,"enemies":"3 Sentries","floor":14.0,"turns":4.0},{"damage":30,"enemies":"Hexaghost","floor":16,"turns":11}],"seed_played":"-359056266672169009","potions_obtained":[{"floor":1.0,"key":"LiquidBronze"},{"floor":3.0,"key":"GhostInAJar"},{"floor":5.0,"key":"FearPotion"}],"is_trial":false,"path_per_floor":["M","M","M","?","M","R","E","R","T","M","M","R","M","E","R","B"],"character_chosen":"THE_SILENT","items_purchased":[],"campfire_rested":1,"item_purchase_floors":[],"current_hp_per_floor":[59,54,53,58,50,50,32,32,32,20,19,40,34,28,28,0,0],"gold":318,"neow_bonus":"RANDOM_COMMON_RELIC","is_daily":false,"chose_seed":false,"campfire_upgraded":3,"win_rate":0.0,"timestamp":1610968503,"path_taken":["M","M","M","?","M","R","E","R","T","M","M","R","M","E","R","BOSS"],"items_purchased_type":[],"build_version":"2020-12-22","purchased_purges":0,"victory":false,"max_hp_per_floor":[66,66,66,71,71,71,71,71,71,71,71,71,71,71,71,71,71],"card_choices":[{"not_picked":["Tactician","Bane","Flying Knee"],"picked":"SKIP","floor":1.0},{"not_picked":["Skewer","PiercingWail"],"picked":"Poisoned Stab","floor":2.0},{"not_picked":["Leg Sweep","Bane"],"picked":"Dash","floor":3.0},{"not_picked":["Poisoned Stab","Flying Knee"],"picked":"Dagger Spray","floor":5.0},{"not_picked":["Poisoned Stab","Deflect","Dodge and Roll"],"picked":"SKIP","floor":7.0},{"not_picked":["Crippling Poison","Underhanded Strike"],"picked":"Bullet Time","floor":10.0},{"not_picked":["Prepared","Dash"],"picked":"Dagger Throw","floor":11.0},{"not_picked":["Expertise","Dagger Throw","Flechettes"],"picked":"SKIP","floor":13.0},{"not_picked":["Sucker Punch","Concentrate","Deflect"],"picked":"SKIP","floor":14.0}],"player_experience":285418,"relics_obtained":[{"floor":7.0,"key":"Mummified Hand"},{"floor":9.0,"key":"Centennial Puzzle"},{"floor":14.0,"key":"Lantern"}],"event_choices":[{"damage_healed":0.0,"max_hp_gain":5.0,"max_hp_loss":0.0,"gold_gain":0.0,"event_name":"Big Fish","player_choice":"Donut","floor":4.0,"gold_loss":0.0,"damage_taken":0.0}],"is_beta":false,"boss_relics":[],"items_purged_floors":[],"is_endless":false,"potions_floor_spawned":[1,3,5,10],"killed_by":"Hexaghost","ascension_level":20}}