{"host":"3j2m8n0ywf988fwb","time":1610954720,"event":{"mods":["2.2 Compatiblity","AchievementEnabler","Aspiration","BaseMod","Bestiary","Better Altar","Better Match","Better Note","Better Sensory Stone","Better Skull","Better Third Choice","CCEM","Colored Map","Colored Powertips","Dark Map","Googly Eyes","Halation","HexUI Lib","Highlight Path","Hubris","Infinite Spire","Jedi Mod","Marked Mod","Mimic Mod","Minty Spire (QoL Compilation)","Random Character Button","Relic Stats","Replay The Spire","Shop Mod","StS++","StSLib","Unceasing Turn Reminder","everything is the same but u backflip on backflip"],"gold_per_floor":[109,109,120,120,120,148,148,181,230,230,274,73,73,102,102,102,102],"floor_reached":16,"language":"ENG","playtime":596,"items_purged":["Strike_G"],"score":212,"play_id":"33e69cb5-bf13-4028-9e9e-2cb49dc88161","local_time":"20210118012520","is_ascension_mode":true,"campfire_choices":[{"data":"Dagger Spray","floor":7,"key":"SMITH"},{"data":"Masterful Stab","floor":10,"key":"SMITH"},{"data":"Footwork","floor":15,"key":"SMITH"}],"circlet_count":0,"master_deck":["AscendersBane","Strike_G","Strike_G","Strike_G","Strike_G","Defend_G","Defend_G+1","Defend_G","Defend_G","Defend_G","Survivor","Neutralize+1","Dagger Spray+1","Cloak And Dagger+1","Masterful Stab+1","Wraith Form v2","Deflect","Fluid Movement","Footwork+1","Tactician","StSpp:TimeParadox"],"relics":["Ring of the Snake","NeowsBlessing","ReplayTheSpireMod:Shallot","Tough Bandages","War Paint","CeramicFish","halation:TwoAmDonut"],"acts_visited":["Exordium"],"potions_floor_usage":[8,11,11],"damage_taken":[{"damage":0,"enemies":"Jaw Worm","floor":1,"turns":1},{"damage":0,"enemies":"2 Louse","floor":3,"turns":1},{"damage":0,"enemies":"3 Sentries","floor":6,"turns":1},{"damage":8,"enemies":"Gremlin Nob","floor":8,"turns":5},{"damage":11,"enemies":"Small Slimes","floor":9,"turns":10},{"damage":17,"enemies":"Lagavulin","floor":11,"turns":7},{"damage":0,"enemies":"Small Slimes","floor":14,"turns":1},{"damage":71,"enemies":"Fading Forest","floor":16,"turns":10}],"seed_played":"-1040214289284732017","potions_obtained":[{"floor":1,"key":"Weak Potion"},{"floor":6,"key":"GamblersBrew"},{"floor":8,"key":"GamblersBrew"}],"is_trial":false,"path_per_floor":["M","?","M","?","T","E","R","E","MIM","R","E","$","?","M","R","B"],"character_chosen":"THE_SILENT","items_purchased":["Footwork","Tactician"],"campfire_rested":0,"item_purchase_floors":[12,12],"current_hp_per_floor":[63,63,63,63,63,63,63,55,44,44,27,27,50,50,50,0,0],"gold":102,"neow_bonus":"THREE_ENEMY_KILL","is_daily":false,"chose_seed":false,"campfire_upgraded":3,"win_rate":0.0,"timestamp":1610954720,"path_taken":["M","?","M","?","?","E","R","E","MIM","R","E","$","?","M","R","BOSS"],"items_purchased_type":["Card","Card"],"build_version":"2020-12-22","purchased_purges":1,"victory":false,"max_hp_per_floor":[70,70,70,70,70,70,70,70,70,70,70,70,70,70,70,70,70],"relic_stats":{"Tough Bandages":[36],"counters":[8,36],"CeramicFish":45,"War Paint":["Defend_G","Cloak And Dagger"],"obtain_stats":[{"Tough Bandages":6,"NeowsBlessing":0,"ReplayTheSpireMod:Shallot":5,"CeramicFish":9,"halation:TwoAmDonut":11,"War Paint":8,"Ring of the Snake":0},{"Tough Bandages":3,"NeowsBlessing":0,"ReplayTheSpireMod:Shallot":2,"CeramicFish":5,"halation:TwoAmDonut":6,"War Paint":4,"Ring of the Snake":0},{"Tough Bandages":3,"NeowsBlessing":0,"ReplayTheSpireMod:Shallot":2,"CeramicFish":18,"halation:TwoAmDonut":25,"War Paint":8,"Ring of the Snake":0}],"Ring of the Snake":[16]},"card_choices":[{"not_picked":["Bane","Outmaneuver"],"picked":"Dagger Spray","floor":1},{"not_picked":["StSpp:Dive","Skewer"],"picked":"Cloak And Dagger","floor":3},{"not_picked":["Dagger Spray","Catalyst"],"picked":"Masterful Stab","floor":6},{"not_picked":["Escape Plan","Backflip"],"picked":"Wraith Form v2","floor":8},{"not_picked":["hubris:TrickCloak","hubris:SlightOfHand"],"picked":"Deflect","floor":9},{"not_picked":["ReplayTheSpireMod:The Works","Skewer"],"picked":"Fluid Movement","floor":11},{"not_picked":["hubris:SlightOfHand","Flying Knee"],"picked":"StSpp:TimeParadox","floor":14}],"player_experience":754836,"relics_obtained":[{"floor":5,"key":"ReplayTheSpireMod:Shallot"},{"floor":6,"key":"Tough Bandages"},{"floor":8,"key":"War Paint"},{"floor":9,"key":"CeramicFish"},{"floor":11,"key":"halation:TwoAmDonut"}],"event_choices":[{"damage_healed":23,"gold_gain":0,"player_choice":"Banana","damage_taken":0,"max_hp_gain":0,"max_hp_loss":0,"event_name":"Big Fish","floor":13,"gold_loss":0}],"is_beta":false,"boss_relics":[],"items_purged_floors":[12],"is_endless":false,"potions_floor_spawned":[1,6,8],"killed_by":"Fading Forest","ascension_level":10}}