{"host":"w05x4i13f2m9joq1","time":1610945732,"event":{"mods":["Act Like it!","Bard","BaseMod","Better Altar","Better Match","Better Note","Better Sensory Stone","Better Skull","Better Third Choice","BetterRewards","Colored Map","Colored Powertips","Duelist Mod","GifTheSpireLib","Googly Eyes","Ironclad Rager","Lobotomy","LobotomyExtend","Marisa????????","Minty Spire (QoL Compilation)","Replay The Spire","Spire Birthday Party","StSLib","The Bug Knight","The Construct","The Hierophant","The IronCluck","The Mystic","TheBandit","everything is the same but u backflip on backflip","slay the spire mod where everything is the same but ironclad has a cowboy hat"],"gold_per_floor":[117,117,1,1,1,34,56,88,125,137,149,161,173,185,18,18,18,114,114,125,125,125,143,143,143],"floor_reached":24,"language":"ENG","playtime":1792,"items_purged":["Injury"],"score":190,"play_id":"6776dd2e-3d5f-45d3-a3ea-3bb9b70c00c9","local_time":"20210117235532","is_ascension_mode":false,"campfire_choices":[{"floor":12,"key":"REST"},{"floor":17,"key":"REST"}],"circlet_count":0,"master_deck":["bard:Strike","bard:Strike","bard:Strike","bard:Defend+1","bard:Defend","bard:Defend","bard:Defend","bard:Riposte","bard:Inspire","bard:CuttingWords","bard:FaerieFire","bard:ViciousMockery","bard:SixFourTime+1","Trip","bard:Doot","bard:MantleOfInspiration","bard:SixFourTime","bard:Parry+1","bard:Haste","bard:QuickSong","bard:Sonata"],"relics":["bard:SelfPlayingFlute","bard:BagPipes","LetterFromLob","MawBank","Juzu Bracelet","ReplayTheSpireMod:CursedCoin","Meat on the Bone","Replay:Grab Bag","Fusion Hammer","Nloth\u0027s Gift"],"acts_visited":["Exordium","TheCity"],"potions_floor_usage":[18,24,24,24],"damage_taken":[{"damage":11,"enemies":"Jaw Worm","floor":1,"turns":6},{"damage":24,"enemies":"3 Sentries","floor":6,"turns":8},{"damage":12,"enemies":"2 Louse","floor":7,"turns":3},{"damage":6,"enemies":"Cultist","floor":8,"turns":4},{"damage":15,"enemies":"The Guardian","floor":18,"turns":18},{"damage":29,"enemies":"Chosen","floor":20,"turns":10},{"damage":15,"enemies":"3 Byrds","floor":23,"turns":6},{"damage":49,"enemies":"3 Cultists","floor":24,"turns":6}],"seed_played":"1520939393787479676","potions_obtained":[{"floor":8,"key":"Ancient Potion"},{"floor":20,"key":"LifebloodPotion"},{"floor":21,"key":"FearPotion"},{"floor":21,"key":"Elixir"}],"is_trial":false,"path_per_floor":["M","?","$","?","$","E","M","M","T","PTL","PTL","R","E","?","$","?","R","B",null,"M","?","?","M","M"],"character_chosen":"BARD","items_purchased":["bard:ViciousMockery","bard:SixFourTime","ReplayTheSpireMod:CursedCoin","Meat on the Bone"],"campfire_rested":2,"item_purchase_floors":[3,3,15,15],"current_hp_per_floor":[59,59,59,59,59,35,23,17,17,17,17,38,38,38,38,38,59,44,70,41,41,41,38,0,0],"gold":143,"neow_bonus":"THREE_CARDS","is_daily":false,"chose_seed":false,"campfire_upgraded":0,"win_rate":0.0,"timestamp":1610945732,"path_taken":["M","?","$","?","$","E","?","M","T","PTL","PTL","R","E","?","$","?","R","BOSS","M","?","?","M","M"],"items_purchased_type":["Card","Card","Relic","Relic"],"build_version":"2020-12-22","purchased_purges":1,"victory":false,"max_hp_per_floor":[70,70,70,70,70,70,70,70,70,70,70,70,70,70,70,70,70,70,70,70,70,70,70,70,70],"card_choices":[{"not_picked":["bard:Fermata","bard:StudiedStrike"],"picked":"bard:CuttingWords","floor":0},{"not_picked":["bard:Sift","bard:Demoralize"],"picked":"bard:FaerieFire","floor":1},{"not_picked":["Purity","Bandage Up"],"picked":"Trip","floor":4},{"not_picked":["bard:EchoEcho","bard:TinyHut"],"picked":"bard:Doot","floor":6},{"not_picked":["bard:StudiedStrike","bard:TinyHut"],"picked":"bard:MantleOfInspiration","floor":7},{"not_picked":["bard:InspiringSong","bard:Sift"],"picked":"bard:SixFourTime","floor":8},{"not_picked":["bard:Wish","bard:Invisibility"],"picked":"bard:Haste","floor":18},{"not_picked":["bard:BestowCurse","bard:Silence"],"picked":"bard:QuickSong","floor":20},{"not_picked":["bard:BucklerBash","bard:GuardPoint"],"picked":"bard:Sonata","floor":23}],"player_experience":87185,"relics_obtained":[{"floor":1,"key":"LetterFromLob"},{"floor":6,"key":"MawBank"},{"floor":9,"key":"Juzu Bracelet"}],"event_choices":[{"damage_healed":0,"gold_gain":1,"player_choice":"1","damage_taken":0,"max_hp_gain":0,"max_hp_loss":0,"event_name":"betterStone:BetterStone","floor":4,"gold_loss":0},{"damage_healed":0,"gold_gain":0,"player_choice":"Forge","damage_taken":0,"max_hp_gain":0,"max_hp_loss":0,"event_name":"Accursed Blacksmith","floor":14,"gold_loss":0,"cards_upgraded":["bard:SixFourTime"]},{"damage_healed":0,"gold_gain":0,"player_choice":"Got Potions","damage_taken":0,"max_hp_gain":0,"max_hp_loss":0,"event_name":"Lab","floor":21,"gold_loss":0},{"damage_healed":0,"gold_gain":0,"player_choice":"Traded Relic","damage_taken":0,"relics_obtained":["Nloth\u0027s Gift"],"max_hp_gain":0,"max_hp_loss":0,"event_name":"N\u0027loth","floor":22,"relics_lost":["Philosopher\u0027s Stone"],"gold_loss":0}],"is_beta":false,"boss_relics":[{"not_picked":["Coffee Dripper","Empty Cage"],"picked":"Replay:Grab Bag"},{"not_picked":["ChewingGum","ReplayTheSpireMod:DimensionalGlitch"],"picked":"Philosopher\u0027s Stone"},{"not_picked":["Runic Dome","bard:DeepVero"],"picked":"Fusion Hammer"},{"not_picked":["Astrolabe","Replay:Drink Me"],"picked":"bard:SelfPlayingFlute"}],"items_purged_floors":[15],"is_endless":false,"potions_floor_spawned":[8,20],"killed_by":"3 Cultists","ascension_level":0}}