{"host":"97k5lqmr6aaz1p9r","time":1610999272,"event":{"mods":["BaseMod","Colored Map","Downfall","Jorbs\u0027s Wanderer Trilogy","Minty Spire (QoL Compilation)","StSLib"],"gold_per_floor":[99,109,124,139,139,158,158,170,170,232,243,272,284,315,326,429,429,329,344,344,344,354,383,383,394,428,76,76,88,88,188,204,306,306,106,122,122,122,211,239,239,259,259,273,50,76,76,90,100,100,100,125,27,27,27,27],"floor_reached":57,"language":"ENG","playtime":11192,"items_purged":["Slimebound:Tackle+1"],"score":1545,"play_id":"72455765-ae7a-4eb5-b8de-4d64d993ec03","local_time":"20210118194752","is_ascension_mode":true,"campfire_choices":[{"data":"Guardian:TwinSlam","floor":1,"key":"SMITH"},{"floor":9,"key":"REST"},{"data":"Guardian:BaubleBeam","floor":18,"key":"SMITH"},{"floor":28,"key":"RECALL"},{"data":"Guardian:Orbwalk","floor":30,"key":"SMITH"},{"data":"Guardian:Preprogram","floor":35,"key":"SMITH"},{"data":"Guardian:PolyBeam","floor":43,"key":"SMITH"},{"data":"Guardian:TimeCapacitor","floor":47,"key":"SMITH"},{"floor":54,"key":"REST"}],"circlet_count":0,"master_deck":["Guardian:CurlUp+1","Guardian:TwinSlam+1","Guardian:Reroute","Guardian:Incinerate","Guardian:PiercingHide+1","Guardian:Orbwalk+1","Guardian:Preprogram+1","Guardian:EvasiveProtocol","Guardian:ExploitGems+1","Guardian:TemporalShield+1","Guardian:Suspension+1","Guardian:BaubleBeam+1","Guardian:PiercingHide+1","Slimebound:Tackle+1","Guardian:BronzeOrb+1","Guardian:CrystalBeam","Guardian:FuturePlans","Panache","Guardian:TimeCapacitor","Guardian:CrystalBeam","Guardian:BronzeArmor+1","Guardian:ArmoredProtocol","Guardian:Clone+1","Guardian:TimeBomb+1","Guardian:PolyBeam+1","Guardian:TimeCapacitor+1","Guardian:Recover+1","Guardian:DonusPower+1","Guardian:Incinerate+1","Guardian:PrismaticBeam+1","Guardian:TimeSifter","Guardian:ShieldCharger+1","Guardian:StasisField+1","Guardian:Suspension+1"],"relics":["Guardian:ModeShifter","Guardian:PickAxe","War Paint","Toxic Egg 2","Gambling Chip","Guardian:PocketSentry","Sozu","downfall:HeartBlessingGreen","Centennial Puzzle","Question Card","MutagenicStrength","Runic Pyramid","downfall:HeartBlessingRed","downfall:HeartBlessingBlue","Oddly Smooth Stone","InkBottle","Molten Egg 2","Letter Opener","Vajra"],"acts_visited":["Exordium","TheCity","TheBeyond","TheEnding"],"potions_floor_usage":[12,14,16,55,55],"damage_taken":[{"damage":0,"enemies":"Small Slimes","floor":2,"turns":2},{"damage":8,"enemies":"2 Louse","floor":3,"turns":2},{"damage":0,"enemies":"Cultist","floor":4,"turns":2},{"damage":0,"enemies":"Cultist","floor":5,"turns":5},{"damage":3,"enemies":"Lots of Slimes","floor":6,"turns":3},{"damage":8,"enemies":"Exordium Thugs","floor":8,"turns":3},{"damage":5,"enemies":"3 Sentries","floor":10,"turns":5},{"damage":8,"enemies":"Large Slime","floor":11,"turns":4},{"damage":12,"enemies":"Gremlin Nob","floor":12,"turns":3},{"damage":2,"enemies":"Exordium Wildlife","floor":13,"turns":2},{"damage":2,"enemies":"Lagavulin","floor":14,"turns":4},{"damage":5,"enemies":"Red Slaver","floor":15,"turns":2},{"damage":3,"enemies":"DF_ARCHETYPE_STREAMLINE","floor":16,"turns":9},{"damage":0,"enemies":"Chosen","floor":19,"turns":3},{"damage":0,"enemies":"3 Byrds","floor":22,"turns":3},{"damage":0,"enemies":"Gremlin Leader","floor":23,"turns":6},{"damage":0,"enemies":"Centurion and Healer","floor":25,"turns":4},{"damage":4,"enemies":"Slavers","floor":26,"turns":4},{"damage":0,"enemies":"downfall:FleeingMerchant","floor":27,"turns":4},{"damage":0,"enemies":"Sentry and Sphere","floor":29,"turns":3},{"damage":0,"enemies":"downfall:Augmenter","floor":31,"turns":4},{"damage":0,"enemies":"Snecko","floor":32,"turns":2},{"damage":0,"enemies":"SI_MIRROR_ARCHETYPE","floor":33,"turns":6},{"damage":0,"enemies":"3 Shapes","floor":36,"turns":2},{"damage":0,"enemies":"downfall:FleeingMerchant","floor":39,"turns":3},{"damage":14,"enemies":"Nemesis","floor":40,"turns":5},{"damage":0,"enemies":"3 Darklings","floor":42,"turns":4},{"damage":0,"enemies":"Transient","floor":44,"turns":5},{"damage":3,"enemies":"Giant Head","floor":46,"turns":6},{"damage":0,"enemies":"Maw","floor":48,"turns":4},{"damage":0,"enemies":"Spire Growth","floor":49,"turns":3},{"damage":17,"enemies":"IC_BLOCK_ARCHETYPE","floor":50,"turns":7},{"damage":24,"enemies":"downfall:CharBossMerchant","floor":52,"turns":6},{"damage":9,"enemies":"downfall:NeowBoss","floor":55,"turns":7},{"damage":22,"enemies":"downfall:NeowBossFinal","floor":56,"turns":9}],"seed_played":"5138529542078012048","potions_obtained":[{"floor":3,"key":"BlessingOfTheForge"},{"floor":8,"key":"DuplicationPotion"},{"floor":11,"key":"ColorlessPotion"},{"floor":13,"key":"PowerPotion"},{"floor":14,"key":"SteroidPotion"}],"is_trial":false,"path_per_floor":["R","M","M","M","?","M","T","M","R","?","M","E","M","E","M","B",null,"R","M","?","?","M","E","T","M","E","$","R","M","R","?","M","B",null,"R","M","?","?","$","E","T","M","R","M","$","E","R","M","M","B",null,"E","$","R","B","B",null],"character_chosen":"GUARDIAN","items_purchased":["Panache","Guardian:TimeCapacitor","Guardian:CrystalBeam","Guardian:BronzeArmor+1","Oddly Smooth Stone","Guardian:TimeCapacitor","Guardian:Gem_Lightblue","Guardian:PrismaticBeam+1","Guardian:Gem_White","Guardian:Gem_Purple","Guardian:Suspension+1"],"campfire_rested":2,"item_purchase_floors":[27,27,27,27,39,39,39,45,45,45,53],"current_hp_per_floor":[56,56,48,48,36,33,33,25,49,44,36,24,22,20,15,12,63,63,63,63,63,63,63,63,63,59,59,59,59,59,59,59,59,75,85,85,85,90,90,76,76,76,76,76,76,73,73,73,73,56,82,58,58,85,76,54],"gold":27,"neow_bonus":"TRANSFORM_TWO_CARDS","is_daily":false,"chose_seed":false,"campfire_upgraded":6,"win_rate":0.0,"timestamp":1610999272,"path_taken":["R","M","M","M","?","M","T","M","R","?","M","E","M","E","M","BOSS","R","M","?","?","M","E","T","M","E","$","R","M","R","?","M","BOSS","R","M","?","?","$","E","T","M","R","?","?","E","R","M","M","BOSS","E","$","R","BOSS","BOSS"],"items_purchased_type":["Card","Card","Card","Card","Relic","Card","Card","Card","Card","Card","Card"],"build_version":"2020-12-22","purchased_purges":1,"victory":true,"max_hp_per_floor":[80,80,80,80,80,80,80,80,80,80,80,80,80,80,80,80,80,80,80,80,80,80,80,80,80,80,80,80,80,80,80,80,80,80,90,90,90,90,90,90,90,90,90,90,90,90,90,90,90,90,90,90,90,90,90,90],"card_choices":[{"not_picked":["Guardian:VentSteam","Guardian:Gem_Red"],"picked":"Guardian:Incinerate","floor":2},{"not_picked":["Guardian:Gem_Lightblue","Guardian:MultiBeam"],"picked":"Guardian:BronzeOrb","floor":3},{"not_picked":["Guardian:TimeBomb","Guardian:Recover"],"picked":"Guardian:PiercingHide","floor":4},{"not_picked":["Guardian:RefractedBeam","Guardian:ShieldCharger"],"picked":"Guardian:Orbwalk","floor":6},{"not_picked":["Guardian:DonusPower","Guardian:Repulse"],"picked":"Guardian:Preprogram","floor":8},{"not_picked":["Guardian:BodySlam","Guardian:Orbwalk"],"picked":"Guardian:EvasiveProtocol","floor":10},{"not_picked":["Guardian:RollAttack","Guardian:WalkerClaw"],"picked":"Guardian:ExploitGems+1","floor":11},{"not_picked":["Guardian:ShieldSpikes+1","Guardian:TimeCapacitor"],"picked":"Guardian:TemporalShield+1","floor":12},{"not_picked":["Guardian:TemporalShield+1","Guardian:GuardianWhirl"],"picked":"Guardian:Gem_Yellow","floor":13},{"not_picked":["Guardian:VentSteam+1","Guardian:WalkerClaw"],"picked":"Guardian:Suspension+1","floor":14},{"not_picked":["Guardian:Planning+1","Guardian:ChargeCore"],"picked":"Guardian:Gem_Red","floor":15},{"not_picked":["Guardian:SphericShield+1","Guardian:FastForward+1"],"picked":"Guardian:BaubleBeam","floor":16},{"not_picked":["Guardian:TimeBomb+1","Guardian:RefractedBeam+1"],"picked":"Guardian:PiercingHide+1","floor":19},{"not_picked":["Guardian:ChargeCore","Guardian:PiercingHide+1"],"picked":"Guardian:Gem_Cyan","floor":22},{"not_picked":["Guardian:BodySlam","Guardian:Gem_Lightblue"],"picked":"Guardian:BronzeOrb+1","floor":23},{"not_picked":["Guardian:Gem_Red","Guardian:Suspension+1"],"picked":"Guardian:CrystalBeam","floor":25},{"not_picked":["Guardian:TimeBomb+1","Guardian:RollAttack"],"picked":"Guardian:FuturePlans","floor":26},{"not_picked":["Guardian:ArmoredProtocol+1","Guardian:RollAttack+1","Guardian:SentryBeam+1"],"picked":"Guardian:Gem_Fragmented","floor":27},{"not_picked":["Guardian:VentSteam+1","Guardian:PiercingHide+1","Guardian:ChargeCore"],"picked":"Guardian:Gem_Green","floor":29},{"not_picked":[],"picked":"J.A.X.+1","floor":31},{"not_picked":["Guardian:Emergency+1","Guardian:ChargeCore","Guardian:Planning+1"],"picked":"Guardian:TimeBomb+1","floor":31},{"not_picked":["Guardian:ChargeCore","Guardian:EvasiveProtocol","Guardian:ShieldCharger+1"],"picked":"Guardian:Gem_Purple","floor":32},{"not_picked":["Guardian:FastForward+1","Guardian:SphericShield+1","Guardian:GatlingBeam"],"picked":"Guardian:Gem_Orange","floor":33},{"not_picked":["Guardian:TemporalStrike+1","Guardian:Gem_Red","Guardian:Recover+1"],"picked":"Guardian:Gem_Cyan","floor":36},{"not_picked":["Guardian:PiercingHide+1","Guardian:Gem_Cyan","Guardian:Gem_Red"],"picked":"Guardian:PolyBeam","floor":39},{"not_picked":["Guardian:Reroute+1","Guardian:BodySlam","Guardian:Gem_Lightblue"],"picked":"Guardian:Recover+1","floor":40},{"not_picked":["Guardian:Recover+1","Guardian:BodySlam+1","Guardian:ShieldCharger+1"],"picked":"Guardian:DonusPower+1","floor":42},{"not_picked":["Guardian:PrimingBeam+1","Guardian:Suspension+1","Guardian:Gem_Green"],"picked":"Guardian:Incinerate+1","floor":44},{"not_picked":["Guardian:TimeBomb+1","Guardian:BodySlam+1","Guardian:PrismaticBeam+1"],"picked":"Guardian:Gem_Fragmented","floor":46},{"not_picked":["Guardian:ChargeCore+1","Guardian:Planning+1","Guardian:PiercingHide+1"],"picked":"Guardian:TimeSifter","floor":48},{"not_picked":["Guardian:BodySlam+1","Guardian:TimeBomb+1","Guardian:Gem_Red"],"picked":"Guardian:ShieldCharger+1","floor":49},{"not_picked":["Guardian:VentSteam+1","Guardian:WalkerClaw+1","Guardian:Gem_Green"],"picked":"Guardian:StasisField+1","floor":52}],"player_experience":683212,"relics_obtained":[{"floor":7,"key":"War Paint"},{"floor":10,"key":"Toxic Egg 2"},{"floor":12,"key":"Gambling Chip"},{"floor":14,"key":"Guardian:PocketSentry"},{"floor":23,"key":"Centennial Puzzle"},{"floor":26,"key":"Question Card"},{"floor":31,"key":"MutagenicStrength"},{"floor":40,"key":"InkBottle"},{"floor":41,"key":"Molten Egg 2"},{"floor":46,"key":"Letter Opener"},{"floor":52,"key":"Vajra"}],"event_choices":[{"cards_removed":["Guardian:BronzeOrb"],"damage_healed":0,"gold_gain":0,"player_choice":"Removed Attack","damage_taken":0,"max_hp_gain":0,"max_hp_loss":0,"event_name":"Falling","floor":37,"gold_loss":0},{"cards_removed":["J.A.X."],"damage_healed":5,"gold_gain":0,"player_choice":"Offered Special","damage_taken":0,"max_hp_gain":0,"max_hp_loss":0,"event_name":"Bonfire Elementals","floor":38,"gold_loss":0}],"is_beta":false,"boss_relics":[{"not_picked":["Black Star","Runic Dome"],"picked":"Sozu"},{"not_picked":["Tiny House","Velvet Choker"],"picked":"Runic Pyramid"}],"items_purged_floors":[53],"is_endless":false,"potions_floor_spawned":[3,8,11,13,14,22,26,29,36,44,46,48],"ascension_level":5}}