{"host":"ekyl8r8j8fco3zlk","time":1610985174,"event":{"mods":["ATMod(阿瑾Mod)","Act Like it!","Arknights The Spire","BaseMod","CapriCore","Decade(王小明)","Friendly Minions","Gensokyo","Lobotomy","LobotomyExtend","Marisa（F雨　魔理沙）","Minty Spire (QoL Compilation)","READ ME - Guardian Mod","Rare Cards Sparkle","Reimu（博丽灵梦）","StSLib","The Alterego","The Immortal","The Jungle","Waifu the Spire","WarShipGirlsR/战舰少女R mod","【遗物卡牌】REMEMod"],"gold_per_floor":[117,129,143,143,143,143,175,175,175,188,199,216,236,264,264,363,363,363,83,97,109,109,109,138,138,138,138,155,172,172,182,182,278,278,294,63,73,85,85,85,85,85],"floor_reached":41,"language":"ZHS","playtime":1511,"items_purged":[],"score":425,"play_id":"dfb97c7c-6bd7-4749-a4dd-4ebbfacc215c","local_time":"20210118235254","is_ascension_mode":false,"campfire_choices":[{"data":"AT_DrawKnifeCut","floor":6.0,"key":"SMITH"},{"data":"ats:Magnetic Hammer","floor":8,"key":"SMITH"},{"floor":15,"key":"REST"},{"data":"ats:Healing Strengthening","floor":23,"key":"SMITH"},{"data":"ats:Encircling Forest","floor":25,"key":"SMITH"},{"data":"ats:Thorns","floor":30,"key":"SMITH"},{"data":"ats:Fractured Body","floor":32,"key":"SMITH"},{"data":"ats:Healing Drone","floor":40,"key":"SMITH"}],"circlet_count":0,"master_deck":["ats:Strike C","ats:Strike G","ats:Strike S","ats:Armor Crushing Shot","ats:Defend","ats:Defend","ats:Defend","ats:Defend","ats:Emotion Absorption","AT_DrawKnifeCut+1","ats:Explosion Area Strengthen","ats:Magnetic Hammer+1","ats:Healing Strengthening+1","ats:Thorns+1","ats:Healing Drone+1","ats:Curse Doll","ats:Encircling Forest+1","ats:Fractured Body+1","ats:Shell Defense","ats:Blood Oath","ats:Powerful Strike+1","ats:Directed Diagnosis+1","ats:Demon Strength","ats:Shadow Raid","ats:Overload","ats:Shadow Assault","ats:Composite Medical Shells","ats:Beaten Up+1"],"relics":["ats:Sanity Plus","AT_ATBox","REME_ComplimentaryCards","LetterFromLob","Unceasing Top","ats:Originium","AT_LudenTempest","REME_LimitBreaker","Meat on the Bone","Mastiff:ReiMu","alterego_mod:FleetingLove","ats:Bonebreaker","AT_ChloranthyRing","ats:Berate"],"acts_visited":["Exordium","TheCity","TheBeyond"],"potions_floor_usage":[7,14,14,24,24,24,41],"damage_taken":[{"damage":0.0,"enemies":"2 Louse","floor":1.0,"turns":3.0},{"damage":5.0,"enemies":"Small Slimes","floor":2.0,"turns":2.0},{"damage":3.0,"enemies":"Jaw Worm","floor":3.0,"turns":4.0},{"damage":10,"enemies":"3 Sentries","floor":7,"turns":4},{"damage":0,"enemies":"Lots of Slimes","floor":10,"turns":1},{"damage":0,"enemies":"Large Slime","floor":11,"turns":3},{"damage":7,"enemies":"Exordium Thugs","floor":12,"turns":2},{"damage":10,"enemies":"Looter","floor":13,"turns":3},{"damage":14,"enemies":"Gremlin Nob","floor":14,"turns":3},{"damage":13,"enemies":"Slime Boss","floor":16,"turns":9},{"damage":0,"enemies":"3 Byrds","floor":20,"turns":3},{"damage":0,"enemies":"Chosen","floor":21,"turns":3},{"damage":18,"enemies":"Book of Stabbing","floor":24,"turns":5},{"damage":25,"enemies":"3 Cultists","floor":28,"turns":5},{"damage":15,"enemies":"Snecko","floor":29,"turns":3},{"damage":10,"enemies":"Chosen and Byrds","floor":31,"turns":4},{"damage":83,"enemies":"Champ","floor":33,"turns":12},{"damage":15,"enemies":"3 Shapes","floor":35,"turns":4},{"damage":33,"enemies":"3 Darklings","floor":37,"turns":4},{"damage":56,"enemies":"Jaw Worm Horde","floor":38,"turns":6},{"damage":86,"enemies":"Nemesis","floor":41,"turns":9}],"seed_played":"-6651920392422025534","potions_obtained":[{"floor":1.0,"key":"FearPotion"},{"floor":2.0,"key":"ats:Emergency Sanity Potion"},{"floor":13,"key":"LiquidMemories"},{"floor":14,"key":"PowerPotion"},{"floor":20,"key":"EssenceOfSteel"},{"floor":21,"key":"Swift Potion"},{"floor":37,"key":"MagicPotion:ReiMu"}],"is_trial":false,"path_per_floor":["M","M","M","?","?","R","E","R","T","M","M","M","M","E","R","B",null,"M","$","M","M","?","R","E","R","T","?","M","M","R","M","R","B",null,"M","$","M","M","?","R","E"],"character_chosen":"DOCTOR_CLASS","items_purchased":["ats:Shell Defense","Mastiff:ReiMu","ats:Blood Oath","ats:Berate","ats:Composite Medical Shells"],"campfire_rested":1,"item_purchase_floors":[19,19,19,36,36],"current_hp_per_floor":[72,67,64,52,45,45,35,35,35,35,35,28,30,16,37,37,72,72,72,72,72,72,72,54,54,54,62,40,37,37,42,42,15,72,63,63,47,33,33,33,0,0],"gold":85,"neow_bonus":"REMOVE_CARD","is_daily":false,"chose_seed":false,"campfire_upgraded":7,"win_rate":0.0,"timestamp":1610985174,"path_taken":["M","M","M","?","?","R","E","R","T","M","M","M","M","E","R","BOSS","M","$","M","M","?","R","E","R","T","?","M","?","R","M","R","BOSS","M","?","M","M","?","R","E"],"items_purchased_type":["Card","Relic","Card","Relic","Card"],"build_version":"2020-12-22","purchased_purges":0,"victory":false,"max_hp_per_floor":[72,72,72,72,72,72,72,72,72,72,72,72,72,72,72,72,72,72,72,72,72,72,72,72,72,72,72,72,72,72,72,72,72,72,72,72,72,72,72,72,72,72],"card_choices":[{"not_picked":["ats:Hammer On","ats:Overload"],"picked":"ats:Explosion Area Strengthen","floor":1.0},{"not_picked":["ats:Consecutive Shot Auto","ats:Cat Scratch"],"picked":"ats:Magnetic Hammer","floor":2.0},{"not_picked":["ats:Hammer On","ats:Collapsing Strike","ats:Childhood Dance"],"picked":"SKIP","floor":3.0},{"not_picked":["ats:Childhood Dance","ats:Consecutive Shot Auto"],"picked":"ats:Healing Strengthening","floor":7},{"not_picked":["ats:LN2 Cannon","ats:Automatic Cover","ats:Ignite"],"picked":"SKIP","floor":10},{"not_picked":["ats:Poison Spread","ats:Spore Proliferation"],"picked":"ats:Thorns","floor":11},{"not_picked":["ats:Mental Burst","ats:Assault Order"],"picked":"ats:Healing Drone","floor":12},{"not_picked":["ats:Ignite","ats:Collapsing Strike"],"picked":"ats:Curse Doll","floor":13},{"not_picked":["ats:Rapid Magazine","ats:Consecutive Shot Auto"],"picked":"ats:Encircling Forest","floor":14},{"not_picked":["ats:Echo Reverb","ats:Durian"],"picked":"ats:Fractured Body","floor":16},{"not_picked":["ats:Cat Scratch","ats:Childhood Dance"],"picked":"ats:Powerful Strike+1","floor":20},{"not_picked":["ats:Thermite Blade","ats:Magnetic Hammer"],"picked":"ats:Directed Diagnosis+1","floor":21},{"not_picked":["ats:Cat Scratch","ats:Disruption Kick"],"picked":"ats:Demon Strength","floor":24},{"not_picked":["ats:Revitalization","ats:Hammer On"],"picked":"ats:Shadow Raid","floor":28},{"not_picked":["ats:Automatic Cover","ats:Blood Oath","ats:Powerful Strike"],"picked":"SKIP","floor":29},{"not_picked":["ats:Ignite","ats:Poison Spread"],"picked":"ats:Overload","floor":31},{"not_picked":["ats:Rat Pack","ats:True Silver Slash"],"picked":"ats:Shadow Assault","floor":33},{"not_picked":["ats:Poison Spread+1","ats:Curse Doll+1","ats:Spore Proliferation"],"picked":"SKIP","floor":35},{"not_picked":["ats:Curse Doll","ats:Explosion Area Strengthen+1"],"picked":"ats:Beaten Up+1","floor":37},{"not_picked":["ats:Volcano","ats:Ignite+1","ats:Poison Spread"],"picked":"SKIP","floor":38}],"player_experience":679397,"relics_obtained":[{"floor":1.0,"key":"LetterFromLob"},{"floor":7,"key":"ats:Originium"},{"floor":7,"key":"AT_LudenTempest"},{"floor":9,"key":"REME_LimitBreaker"},{"floor":14,"key":"ats:Originium"},{"floor":14,"key":"Meat on the Bone"},{"floor":24,"key":"ats:Originium"},{"floor":24,"key":"ats:Bonebreaker"},{"floor":26,"key":"AT_ChloranthyRing"}],"event_choices":[{"damage_healed":0.0,"max_hp_gain":0.0,"max_hp_loss":0.0,"gold_gain":0.0,"event_name":"Scrap Ooze","player_choice":"Success","floor":4.0,"gold_loss":0.0,"damage_taken":12.0,"relics_obtained":["Unceasing Top"]},{"cards_removed":["ats:Strike V"],"damage_healed":0.0,"max_hp_gain":0.0,"max_hp_loss":0.0,"gold_gain":0.0,"event_name":"Golden Wing","player_choice":"Card Removal","floor":5.0,"gold_loss":0.0,"damage_taken":7.0},{"damage_healed":0,"gold_gain":0,"player_choice":"Choice 1","damage_taken":0,"relics_obtained":["alterego_mod:FleetingLove"],"max_hp_gain":0,"max_hp_loss":0,"event_name":"爱的神圣花园","floor":22,"gold_loss":0},{"damage_healed":0,"gold_gain":0,"player_choice":"Memory 1","damage_taken":0,"max_hp_gain":0,"max_hp_loss":0,"event_name":"SensoryStone","floor":39,"gold_loss":0}],"is_beta":false,"boss_relics":[{"not_picked":["Ectoplasm","Velvet Choker","Runic Dome"]},{"not_picked":["RedLine:ReiMu","REME_DemonsWealth"],"picked":"ats:Sanity Plus"}],"items_purged_floors":[],"is_endless":false,"potions_floor_spawned":[1,2,13,14,20,21,29,37],"killed_by":"Nemesis","ascension_level":0}}