{"host":"c6u7e77myxvw4d0m","time":1610995782,"event":{"mods":["AchievementEnabler","BaseMod","Bestiary","Colored Map","Colored Powertips","Minty Spire (QoL Compilation)","Rare Cards Sparkle","Relic Stats","everything is the same but u backflip on backflip"],"gold_per_floor":[119,137,155,155,97,97,129,129,129,129,158,158,158,170,170,244,244,256,181,181,194,207,239,239,259,259,293,273,284,315,342,342,425,425,442,451,470,497,87,112,112,132,157,200,228,258,258,38,38,38],"floor_reached":51,"language":"ENG","playtime":4962,"items_purged":["Strike_G"],"score":1468,"play_id":"1186fbab-47f7-4c28-945e-57f49c98d161","local_time":"20210118204942","is_ascension_mode":true,"campfire_choices":[{"data":"Quick Slash","floor":6.0,"key":"SMITH"},{"floor":10.0,"key":"REST"},{"floor":12.0,"key":"REST"},{"data":"Eviscerate","floor":15.0,"key":"SMITH"},{"floor":24,"key":"REST"},{"floor":32,"key":"REST"},{"data":"Tactician","floor":41,"key":"SMITH"},{"floor":47,"key":"REST"},{"data":"A Thousand Cuts","floor":49,"key":"SMITH"}],"circlet_count":0,"master_deck":["AscendersBane","Strike_G","Strike_G","Defend_G","Defend_G","Defend_G","Defend_G","Defend_G","Survivor+1","Neutralize+1","Quick Slash+1","Eviscerate+1","Dagger Throw","Dagger Spray","Leg Sweep+1","Predator","After Image","Calculated Gamble","Tactician+1","Prepared","Underhanded Strike","Noxious Fumes+1","Unload","Eviscerate+1","Tactician+1","A Thousand Cuts+1","Dagger Throw+1","Terror"],"relics":["Ring of the Snake","Pen Nib","Matryoshka","War Paint","Runic Pyramid","Enchiridion","Happy Flower","Bronze Scales","Singing Bowl","CaptainsWheel","CeramicFish","HoveringKite","Lee\u0027s Waffle","Vajra","Oddly Smooth Stone","Letter Opener","Orichalcum","Kunai","Pocketwatch","Snake Skull"],"acts_visited":["Exordium","TheCity","TheBeyond"],"potions_floor_usage":[16,22,23,27,33,33,44,50,50],"damage_taken":[{"damage":4.0,"enemies":"2 Louse","floor":1.0,"turns":3.0},{"damage":0.0,"enemies":"Jaw Worm","floor":2.0,"turns":4.0},{"damage":0.0,"enemies":"Small Slimes","floor":3.0,"turns":3.0},{"damage":34.0,"enemies":"3 Sentries","floor":7.0,"turns":10.0},{"damage":21.0,"enemies":"Lagavulin","floor":11.0,"turns":6.0},{"damage":0.0,"enemies":"Blue Slaver","floor":14.0,"turns":3.0},{"damage":29,"enemies":"The Guardian","floor":16,"turns":15},{"damage":17,"enemies":"Spheric Guardian","floor":18,"turns":9},{"damage":2,"enemies":"Chosen","floor":21,"turns":7},{"damage":0,"enemies":"Snake Plant","floor":22,"turns":4},{"damage":4,"enemies":"Book of Stabbing","floor":23,"turns":6},{"damage":0,"enemies":"Centurion and Healer","floor":25,"turns":5},{"damage":16,"enemies":"Slavers","floor":27,"turns":6},{"damage":3,"enemies":"Shelled Parasite and Fungi","floor":29,"turns":4},{"damage":3,"enemies":"Gremlin Leader","floor":30,"turns":5},{"damage":0,"enemies":"Snecko","floor":31,"turns":3},{"damage":12,"enemies":"Collector","floor":33,"turns":10},{"damage":3,"enemies":"3 Shapes","floor":35,"turns":6},{"damage":0,"enemies":"Orb Walker","floor":37,"turns":3},{"damage":60,"enemies":"Transient","floor":38,"turns":6},{"damage":24,"enemies":"Reptomancer","floor":40,"turns":8},{"damage":6,"enemies":"3 Darklings","floor":42,"turns":4},{"damage":5,"enemies":"Giant Head","floor":44,"turns":7},{"damage":13,"enemies":"Sphere and 2 Shapes","floor":45,"turns":5},{"damage":0,"enemies":"Nemesis","floor":46,"turns":5},{"damage":3,"enemies":"Time Eater","floor":50,"turns":9}],"seed_played":"-8355882647864440298","potions_obtained":[{"floor":3.0,"key":"Weak Potion"},{"floor":7.0,"key":"SkillPotion"},{"floor":14.0,"key":"SteroidPotion"},{"floor":18,"key":"Regen Potion"},{"floor":21,"key":"Strength Potion"},{"floor":25,"key":"Swift Potion"},{"floor":27,"key":"BlessingOfTheForge"},{"floor":28,"key":"Ancient Potion"},{"floor":30,"key":"Block Potion"},{"floor":37,"key":"Poison Potion"},{"floor":38,"key":"EssenceOfSteel"}],"is_trial":false,"path_per_floor":["M","M","M","?","?","R","E","?","T","R","E","R","?","M","R","B",null,"M","?","?","M","M","E","R","M","T","E","?","M","E","M","R","B",null,"M","?","M","M","$","E","R","M","T","E","M","E","R","$","R","B",null],"character_chosen":"THE_SILENT","items_purchased":["Lee\u0027s Waffle","Vajra","Snake Skull","Dexterity Potion"],"campfire_rested":5,"item_purchase_floors":[39,39,48,48],"current_hp_per_floor":[55,55,55,48,48,48,14,14,14,33,12,31,31,31,31,2,50,33,33,12,10,22,18,37,37,37,23,23,22,21,21,42,30,62,61,61,63,3,83,61,61,55,55,50,37,39,65,65,65,62],"gold":38,"neow_bonus":"UPGRADE_CARD","is_daily":false,"chose_seed":false,"campfire_upgraded":4,"win_rate":0.0,"timestamp":1610995782,"path_taken":["M","M","M","?","?","R","E","?","T","R","E","R","?","M","R","BOSS","M","?","?","M","?","E","R","M","T","E","?","?","E","M","R","BOSS","M","?","M","M","$","E","R","M","T","E","?","E","R","$","R","BOSS"],"items_purchased_type":["Relic","Relic","Relic","Potion"],"build_version":"2020-12-22","purchased_purges":1,"victory":true,"max_hp_per_floor":[66,66,66,66,66,66,66,66,66,66,66,66,66,66,66,66,66,66,66,66,66,66,66,66,66,66,68,68,70,72,72,72,72,72,74,74,76,76,83,85,85,85,85,85,85,87,87,87,87,87],"relic_stats":{"Lee\u0027s Waffle":80,"Happy Flower":[28],"Singing Bowl":14,"counters":[26,156],"CeramicFish":63,"HoveringKite":[39],"Pen Nib":[27],"Snake Skull":[7],"Letter Opener":[46],"War Paint":["Survivor","Leg Sweep"],"Orichalcum":[6],"Bronze Scales":[224],"Kunai":[7],"obtain_stats":[{"Lee\u0027s Waffle":39,"Happy Flower":23,"Singing Bowl":26,"CeramicFish":30,"Enchiridion":20,"HoveringKite":34,"Vajra":39,"Oddly Smooth Stone":40,"Pen Nib":7,"Snake Skull":48,"Letter Opener":43,"War Paint":11,"Orichalcum":43,"CaptainsWheel":27,"Matryoshka":9,"Bronze Scales":26,"Kunai":44,"Ring of the Snake":0,"Runic Pyramid":17,"Pocketwatch":46},{"Lee\u0027s Waffle":20,"Happy Flower":11,"Singing Bowl":12,"CeramicFish":15,"Enchiridion":8,"HoveringKite":17,"Vajra":20,"Oddly Smooth Stone":21,"Pen Nib":4,"Snake Skull":25,"Letter Opener":22,"War Paint":5,"Orichalcum":22,"CaptainsWheel":13,"Matryoshka":4,"Bronze Scales":12,"Kunai":23,"Ring of the Snake":0,"Runic Pyramid":7,"Pocketwatch":25},{"Lee\u0027s Waffle":118,"Happy Flower":70,"Singing Bowl":75,"CeramicFish":90,"Enchiridion":53,"HoveringKite":103,"Vajra":118,"Oddly Smooth Stone":126,"Pen Nib":20,"Snake Skull":147,"Letter Opener":130,"War Paint":26,"Orichalcum":130,"CaptainsWheel":81,"Matryoshka":20,"Bronze Scales":75,"Kunai":137,"Ring of the Snake":0,"Runic Pyramid":44,"Pocketwatch":147}],"Ring of the Snake":[52],"Pocketwatch":[6]},"card_choices":[{"not_picked":["Flying Knee","Blur"],"picked":"Quick Slash","floor":1.0},{"not_picked":["Outmaneuver","Slice"],"picked":"Eviscerate","floor":2.0},{"not_picked":["Blur","Cloak And Dagger"],"picked":"Dagger Throw","floor":3.0},{"not_picked":["Endless Agony","Burst"],"picked":"Dagger Spray","floor":7.0},{"not_picked":["Eviscerate","Concentrate"],"picked":"Leg Sweep","floor":11.0},{"not_picked":["Dodge and Roll","Deadly Poison"],"picked":"Predator","floor":14.0},{"not_picked":["Storm of Steel","Burst"],"picked":"After Image","floor":16},{"not_picked":["Cloak And Dagger+1","Dagger Throw"],"picked":"Calculated Gamble","floor":18},{"not_picked":["Sucker Punch+1","Crippling Poison"],"picked":"Tactician","floor":21},{"not_picked":["Riddle With Holes","Setup"],"picked":"Prepared","floor":22},{"not_picked":["Infinite Blades","Sucker Punch","Skewer"],"picked":"SKIP","floor":23},{"not_picked":["Flying Knee","Poisoned Stab"],"picked":"Underhanded Strike","floor":25},{"not_picked":["Bouncing Flask","Finisher+1","Grand Finale"],"picked":"Singing Bowl","floor":27},{"not_picked":["Quick Slash","Deflect","Blur"],"picked":"Singing Bowl","floor":29},{"not_picked":["Noxious Fumes","Sucker Punch","Bouncing Flask"],"picked":"Singing Bowl","floor":30},{"not_picked":["Deflect","Reflex"],"picked":"Noxious Fumes+1","floor":31},{"not_picked":["Glass Knife","Malaise"],"picked":"Unload","floor":33},{"not_picked":["Quick Slash+1","Prepared","Outmaneuver"],"picked":"Singing Bowl","floor":35},{"not_picked":["Poisoned Stab+1","Riddle With Holes","Accuracy"],"picked":"Singing Bowl","floor":37},{"not_picked":["Dodge and Roll","Reflex+1"],"picked":"Tactician+1","floor":38},{"not_picked":["Bouncing Flask","Masterful Stab","Deadly Poison"],"picked":"Singing Bowl","floor":40},{"not_picked":["Flying Knee+1","Deadly Poison"],"picked":"A Thousand Cuts","floor":42},{"not_picked":["Setup","Infinite Blades+1"],"picked":"Dagger Throw+1","floor":44},{"not_picked":["Choke","Masterful Stab"],"picked":"Terror","floor":45},{"not_picked":["Poisoned Stab","Escape Plan","Cloak And Dagger"],"picked":"Singing Bowl","floor":46}],"player_experience":397497,"relics_obtained":[{"floor":7.0,"key":"Pen Nib"},{"floor":9.0,"key":"Matryoshka"},{"floor":11.0,"key":"War Paint"},{"floor":20,"key":"Enchiridion"},{"floor":23,"key":"Happy Flower"},{"floor":26,"key":"Bronze Scales"},{"floor":26,"key":"Singing Bowl"},{"floor":27,"key":"CaptainsWheel"},{"floor":30,"key":"CeramicFish"},{"floor":40,"key":"Oddly Smooth Stone"},{"floor":43,"key":"Letter Opener"},{"floor":43,"key":"Orichalcum"},{"floor":44,"key":"Kunai"},{"floor":46,"key":"Pocketwatch"}],"event_choices":[{"cards_removed":["Strike_G"],"damage_healed":0.0,"max_hp_gain":0.0,"max_hp_loss":0.0,"gold_gain":0.0,"event_name":"Golden Wing","player_choice":"Card Removal","floor":4.0,"gold_loss":0.0,"damage_taken":7.0},{"damage_healed":0.0,"max_hp_gain":0.0,"max_hp_loss":0.0,"gold_gain":0.0,"event_name":"World of Goop","player_choice":"Left Gold","floor":5.0,"gold_loss":58.0,"damage_taken":0.0},{"damage_healed":0.0,"max_hp_gain":0.0,"max_hp_loss":0.0,"gold_gain":0.0,"event_name":"Liars Game","player_choice":"Ignored","floor":8.0,"gold_loss":0.0,"damage_taken":0.0},{"damage_healed":0.0,"max_hp_gain":0.0,"max_hp_loss":0.0,"gold_gain":0.0,"event_name":"Shining Light","player_choice":"Ignored","floor":13.0,"gold_loss":0.0,"damage_taken":0.0},{"cards_removed":["Strike_G"],"damage_healed":0,"gold_gain":0,"player_choice":"Gave Gold","damage_taken":0,"max_hp_gain":0,"max_hp_loss":0,"event_name":"Beggar","floor":19,"gold_loss":75},{"damage_healed":0,"gold_gain":0,"player_choice":"Obtained Book","damage_taken":21,"max_hp_gain":0,"max_hp_loss":0,"event_name":"Cursed Tome","floor":20,"gold_loss":0},{"damage_healed":0,"gold_gain":0,"player_choice":"Bought 1 Potion","damage_taken":0,"max_hp_gain":0,"max_hp_loss":0,"event_name":"The Woman in Blue","floor":28,"gold_loss":0},{"damage_healed":0,"gold_gain":0,"player_choice":"Copied","damage_taken":0,"max_hp_gain":0,"max_hp_loss":0,"event_name":"Duplicator","floor":36,"gold_loss":0,"cards_obtained":["Eviscerate"]}],"is_beta":false,"boss_relics":[{"not_picked":["Pandora\u0027s Box","SlaversCollar"],"picked":"Runic Pyramid"},{"not_picked":["Tiny House","Black Star"],"picked":"HoveringKite"}],"items_purged_floors":[39],"is_endless":false,"potions_floor_spawned":[3,7,14,18,21,25,27,30,37,38,40],"ascension_level":17}}