{"host":"o7j6aatxjwpw1421","time":1610975591,"event":{"mods":["2.2 Compatiblity","AchievementEnabler","BaseMod","Colored Map","DeckTracker","Highlight Path","Keyboard Shortcuts","Minty Spire (QoL Compilation)","Permanent Neow","Quick Restart","StSLib","SuperFastMode","everything is the same but u backflip on backflip"],"gold_per_floor":[11,28,38,54,74,74,105,118,118,152,152,164,239,269,269,269,269],"floor_reached":16,"language":"KOR","playtime":544,"items_purged":[],"score":222,"play_id":"bd364b1b-d978-45b8-8faa-8ba5758aef18","local_time":"20210118221311","is_ascension_mode":true,"campfire_choices":[{"data":"Tantrum","floor":6.0,"key":"SMITH"},{"floor":15,"key":"REST"}],"circlet_count":0,"master_deck":["AscendersBane","Strike_P","Strike_P","Strike_P","Defend_P","Defend_P","Defend_P","Eruption","Vigilance","Indignation","SignatureMove","Tantrum+1","FearNoEvil","InnerPeace"],"relics":["PureWater","Ornamental Fan","Ancient Tea Set"],"acts_visited":["Exordium"],"potions_floor_usage":[12],"damage_taken":[{"damage":0.0,"enemies":"2 Louse","floor":1.0,"turns":2.0},{"damage":11.0,"enemies":"Jaw Worm","floor":2.0,"turns":5.0},{"damage":0.0,"enemies":"Cultist","floor":3.0,"turns":2.0},{"damage":0.0,"enemies":"3 Louse","floor":4.0,"turns":2.0},{"damage":6.0,"enemies":"Looter","floor":5.0,"turns":2.0},{"damage":22.0,"enemies":"3 Sentries","floor":7.0,"turns":6.0},{"damage":1.0,"enemies":"2 Fungi Beasts","floor":8.0,"turns":2.0},{"damage":0.0,"enemies":"Lagavulin","floor":10.0,"turns":3.0},{"damage":8,"enemies":"Exordium Wildlife","floor":12,"turns":2},{"damage":14,"enemies":"The Guardian","floor":16,"turns":5}],"seed_played":"-5915499752788804948","potions_obtained":[{"floor":3.0,"key":"Weak Potion"},{"floor":5.0,"key":"AttackPotion"},{"floor":7.0,"key":"SkillPotion"},{"floor":10.0,"key":"StancePotion"}],"is_trial":false,"path_per_floor":["M","M","M","M","M","R","E","M","T","E","?","M","?","?","R","B"],"character_chosen":"WATCHER","items_purchased":[],"campfire_rested":1,"item_purchase_floors":[],"current_hp_per_floor":[65,54,54,54,48,48,26,25,25,25,30,22,11,11,34,20,20],"gold":269,"neow_bonus":"TRANSFORM_TWO_CARDS","is_daily":false,"chose_seed":false,"campfire_upgraded":1,"win_rate":0.0,"timestamp":1610975591,"path_taken":["M","M","M","M","M","R","E","M","T","E","?","M","?","?","R","BOSS"],"items_purchased_type":[],"build_version":"2020-12-22","purchased_purges":0,"victory":false,"max_hp_per_floor":[72,72,72,72,72,72,72,72,72,72,77,77,77,77,77,77,77],"card_choices":[{"not_picked":["EmptyBody","LikeWater"],"picked":"Tantrum","floor":1.0},{"not_picked":["CrushJoints","Tantrum","SashWhip"],"picked":"SKIP","floor":2.0},{"not_picked":["Consecrate","Weave","ClearTheMind"],"picked":"SKIP","floor":3.0},{"not_picked":["FlyingSleeves","Pray","Protect"],"picked":"SKIP","floor":4.0},{"not_picked":["Swivel","ForeignInfluence","JustLucky"],"picked":"SKIP","floor":5.0},{"not_picked":["EmptyBody","MasterReality","PathToVictory"],"picked":"SKIP","floor":7.0},{"not_picked":["BattleHymn","Evaluate"],"picked":"FearNoEvil","floor":8.0},{"not_picked":["ThirdEye","Wallop"],"picked":"InnerPeace","floor":10.0},{"not_picked":["WindmillStrike","CrushJoints","Indignation"],"picked":"SKIP","floor":12}],"player_experience":566158,"relics_obtained":[{"floor":7.0,"key":"Ornamental Fan"},{"floor":10.0,"key":"Ancient Tea Set"}],"event_choices":[{"damage_healed":0.0,"max_hp_gain":5.0,"max_hp_loss":0.0,"gold_gain":0.0,"event_name":"Big Fish","player_choice":"Donut","floor":11.0,"gold_loss":0.0,"damage_taken":0.0},{"damage_healed":0,"gold_gain":75,"player_choice":"Gather Gold","damage_taken":11,"max_hp_gain":0,"max_hp_loss":0,"event_name":"World of Goop","floor":13,"gold_loss":0},{"damage_healed":0,"gold_gain":30,"player_choice":"Searched \u00271\u0027 times","damage_taken":0,"max_hp_gain":0,"max_hp_loss":0,"event_name":"Dead Adventurer","floor":14,"gold_loss":0}],"is_beta":false,"boss_relics":[],"items_purged_floors":[],"is_endless":false,"potions_floor_spawned":[3,5,7,10],"killed_by":"The Guardian","ascension_level":12}}