{"host":"og6lam4kt3nibbw0","time":1610989110,"event":{"mods":["AchievementEnabler","BaseMod","Colored Map","DeckTracker","Highlight Path","Keyboard Shortcuts","Minty Spire (QoL Compilation)","Permanent Neow","Quick Restart","StSLib","SuperFastMode"],"gold_per_floor":[110,10,10,20,30,30,62,62,112,126,1,19,19,19,19,96,96,112,112,87,87,87,87,119,119,119,134,134,134],"floor_reached":28,"language":"KOR","playtime":1015,"items_purged":["Defend_G","Strike_G"],"score":472,"play_id":"04afc19c-7f9d-4ee1-881d-d9290c025b89","local_time":"20210119015830","is_ascension_mode":true,"campfire_choices":[{"data":"Neutralize","floor":6.0,"key":"SMITH"},{"data":"Heel Hook","floor":15.0,"key":"SMITH"},{"data":"Acrobatics","floor":23,"key":"SMITH"}],"circlet_count":0,"master_deck":["AscendersBane","Survivor","Neutralize+1","PiercingWail","Underhanded Strike+1","Heel Hook+1","Calculated Gamble","All Out Attack","Slice","Backflip","Prepared","Heel Hook","Parasite","Venomology","Doppelganger","Bouncing Flask","Eviscerate","All Out Attack","Dash","Poisoned Stab","Finisher","Acrobatics+1","Noxious Fumes"],"relics":["Ring of the Snake","TungstenRod","Boot","Centennial Puzzle","Pandora\u0027s Box","Nilry\u0027s Codex","Prayer Wheel","Eternal Feather","Mercury Hourglass"],"acts_visited":["Exordium","TheCity"],"potions_floor_usage":[16,16,19,27,27],"damage_taken":[{"damage":2.0,"enemies":"Cultist","floor":1.0,"turns":4.0},{"damage":0.0,"enemies":"2 Louse","floor":4.0,"turns":3.0},{"damage":6.0,"enemies":"Small Slimes","floor":5.0,"turns":3.0},{"damage":34.0,"enemies":"Gremlin Nob","floor":7.0,"turns":5.0},{"damage":0.0,"enemies":"Red Slaver","floor":10.0,"turns":3.0},{"damage":0.0,"enemies":"Looter","floor":12.0,"turns":4.0},{"damage":22,"enemies":"Slime Boss","floor":16,"turns":9},{"damage":7,"enemies":"Chosen","floor":18,"turns":5},{"damage":0,"enemies":"2 Thieves","floor":19,"turns":1},{"damage":12,"enemies":"Gremlin Leader","floor":24,"turns":5},{"damage":23,"enemies":"Centurion and Healer","floor":27,"turns":6},{"damage":10,"enemies":"Sentry and Sphere","floor":28,"turns":2}],"seed_played":"807011776411357268","potions_obtained":[{"floor":5.0,"key":"Swift Potion"},{"floor":7.0,"key":"Explosive Potion"},{"floor":12.0,"key":"PowerPotion"},{"floor":18,"key":"SkillPotion"}],"is_trial":false,"path_per_floor":["M","$","?","M","M","R","E","?","T","M","$","M","?","?","R","B",null,"M","M","$","?","?","R","E","?","T","M","M"],"character_chosen":"THE_SILENT","items_purchased":["Underhanded Strike","Prepared","Acrobatics"],"campfire_rested":0,"item_purchase_floors":[2,11,20],"current_hp_per_floor":[57,57,57,57,51,51,17,17,17,17,17,17,32,32,32,10,48,41,41,41,24,36,36,24,24,24,1,0,0],"gold":134,"neow_bonus":"ONE_RARE_RELIC","is_daily":false,"chose_seed":false,"campfire_upgraded":3,"win_rate":0.0,"timestamp":1610989110,"path_taken":["M","$","?","M","M","R","E","?","T","M","$","?","?","?","R","BOSS","M","M","$","?","?","R","E","?","T","M","M"],"items_purchased_type":["Card","Card","Card"],"build_version":"2020-12-22","purchased_purges":2,"victory":false,"max_hp_per_floor":[60,60,60,60,60,60,60,60,60,60,60,60,60,60,60,60,60,60,60,60,60,60,60,60,60,60,60,60,60],"card_choices":[{"not_picked":["Flying Knee","Bane"],"picked":"PiercingWail","floor":1.0},{"not_picked":["Outmaneuver","Dagger Spray"],"picked":"Heel Hook","floor":4.0},{"not_picked":["Outmaneuver","Poisoned Stab"],"picked":"Calculated Gamble","floor":5.0},{"not_picked":["Skewer","Doppelganger"],"picked":"All Out Attack","floor":7.0},{"not_picked":["Sucker Punch","Blur"],"picked":"Backflip","floor":10.0},{"not_picked":["Footwork","Backflip"],"picked":"Heel Hook","floor":12.0},{"not_picked":["Storm of Steel","Envenom"],"picked":"Venomology","floor":16},{"not_picked":["Riddle With Holes","Bane","Outmaneuver"],"picked":"SKIP","floor":18},{"not_picked":["Flechettes","Dagger Throw","Catalyst"],"picked":"SKIP","floor":24},{"not_picked":["Concentrate","Finisher"],"picked":"Noxious Fumes","floor":27},{"not_picked":["Outmaneuver+1","Dagger Throw+1","Bane"],"picked":"SKIP","floor":27}],"player_experience":917333,"relics_obtained":[{"floor":7.0,"key":"Boot"},{"floor":9.0,"key":"Centennial Puzzle"},{"floor":21,"key":"Nilry\u0027s Codex"},{"floor":24,"key":"Prayer Wheel"},{"floor":26,"key":"Mercury Hourglass"}],"event_choices":[{"damage_healed":0.0,"max_hp_gain":0.0,"max_hp_loss":0.0,"gold_gain":0.0,"event_name":"Liars Game","player_choice":"Ignored","floor":3.0,"gold_loss":0.0,"damage_taken":0.0},{"damage_healed":0.0,"max_hp_gain":0.0,"max_hp_loss":0.0,"gold_gain":0.0,"cards_transformed":["Strike_G"],"event_name":"Transmorgrifier","player_choice":"Transformed","floor":8.0,"gold_loss":0.0,"damage_taken":0.0,"cards_obtained":["Slice"]},{"damage_healed":15.0,"max_hp_gain":0.0,"max_hp_loss":0.0,"gold_gain":0.0,"event_name":"Mushrooms","player_choice":"Healed and dodged fight","floor":13.0,"gold_loss":0.0,"damage_taken":0.0,"cards_obtained":["Parasite"]},{"damage_healed":0.0,"max_hp_gain":0.0,"max_hp_loss":0.0,"gold_gain":0.0,"event_name":"Upgrade Shrine","player_choice":"Upgraded","floor":14.0,"gold_loss":0.0,"damage_taken":0.0,"cards_upgraded":["Underhanded Strike"]},{"damage_healed":0,"gold_gain":0,"player_choice":"Obtained Book","damage_taken":21,"max_hp_gain":0,"max_hp_loss":0,"event_name":"Cursed Tome","floor":21,"gold_loss":0},{"damage_healed":12,"gold_gain":0,"player_choice":"Heal","damage_taken":0,"max_hp_gain":0,"max_hp_loss":0,"event_name":"The Library","floor":22,"gold_loss":0},{"damage_healed":0,"gold_gain":0,"player_choice":"Gave Potion","damage_taken":0,"relics_obtained":["Eternal Feather"],"max_hp_gain":0,"max_hp_loss":0,"event_name":"WeMeetAgain","floor":25,"gold_loss":0}],"is_beta":false,"boss_relics":[{"not_picked":["Sozu","Velvet Choker"],"picked":"Pandora\u0027s Box"}],"items_purged_floors":[2,11],"is_endless":false,"potions_floor_spawned":[5,7,12,18],"killed_by":"Sentry and Sphere","ascension_level":20}}