{"host":"4axoa1rfjgnprp9l","time":1610959230,"event":{"mods":["2.2 Compatiblity","AchievementEnabler","BaseMod","Colored Map","DeckTracker","Highlight Path","Minty Spire (QoL Compilation)","Permanent Neow","StSLib","SuperFastMode"],"gold_per_floor":[114,127,202,17,28,28,28,28,28,44,44,75,75,91,91,182,182,182,182,182],"floor_reached":19,"language":"KOR","playtime":1822,"items_purged":[],"score":334,"play_id":"c910d30b-5e75-4807-b663-fb748fd32def","local_time":"20210118174030","is_ascension_mode":true,"campfire_choices":[{"data":"Bane","floor":6.0,"key":"SMITH"},{"data":"Deadly Poison","floor":8.0,"key":"SMITH"},{"data":"Well Laid Plans","floor":13,"key":"SMITH"},{"data":"Tools of the Trade","floor":15,"key":"SMITH"}],"circlet_count":0,"master_deck":["AscendersBane","Strike_G","Strike_G","Strike_G","Strike_G","Strike_G","Defend_G","Defend_G","Defend_G","Defend_G","Defend_G","Survivor","Neutralize","Deadly Poison+1","Well Laid Plans+1","Footwork+1","Bane+1","Leg Sweep","Tactician","Tools of the Trade+1","Crippling Poison"],"relics":["Ring of the Snake","The Specimen","Golden Idol","Vajra","Mercury Hourglass","Ectoplasm"],"acts_visited":["Exordium","TheCity"],"potions_floor_usage":[12],"damage_taken":[{"damage":4.0,"enemies":"Small Slimes","floor":1.0,"turns":4.0},{"damage":2.0,"enemies":"Cultist","floor":2.0,"turns":4.0},{"damage":0.0,"enemies":"2 Louse","floor":5.0,"turns":4.0},{"damage":6.0,"enemies":"Exordium Thugs","floor":10.0,"turns":5.0},{"damage":6,"enemies":"Lagavulin","floor":12,"turns":10},{"damage":5,"enemies":"Blue Slaver","floor":14,"turns":4},{"damage":17,"enemies":"Hexaghost","floor":16,"turns":11},{"damage":26,"enemies":"Spheric Guardian","floor":18,"turns":6}],"seed_played":"-347422559017620654","potions_obtained":[{"floor":2.0,"key":"Dexterity Potion"},{"floor":12,"key":"DuplicationPotion"},{"floor":16,"key":"DistilledChaos"}],"is_trial":false,"path_per_floor":["M","M","?","$","M","R","?","R","T","M","?","E","R","M","R","B",null,"M","?"],"character_chosen":"THE_SILENT","items_purchased":["Footwork","Bane","Leg Sweep"],"campfire_rested":0,"item_purchase_floors":[4,4,4],"current_hp_per_floor":[55,53,42,42,42,42,42,42,42,36,36,30,30,25,25,8,43,17,0,0],"gold":182,"neow_bonus":"ONE_RARE_RELIC","is_daily":false,"chose_seed":false,"campfire_upgraded":4,"win_rate":0.0,"timestamp":1610959230,"path_taken":["M","M","?","$","M","R","?","R","T","M","?","E","R","M","R","BOSS","M","?"],"items_purchased_type":["Card","Card","Card"],"build_version":"2020-12-22","purchased_purges":0,"victory":false,"max_hp_per_floor":[60,60,60,60,60,60,54,54,54,54,54,54,54,54,54,54,54,54,54,54],"card_choices":[{"not_picked":["Quick Slash","Flying Knee"],"picked":"Deadly Poison","floor":1.0},{"not_picked":["All Out Attack","Acrobatics"],"picked":"Well Laid Plans","floor":2.0},{"not_picked":["Backflip","Bane"],"picked":"Tactician","floor":5.0},{"not_picked":["Quick Slash","Outmaneuver","Deadly Poison"],"picked":"SKIP","floor":10.0},{"not_picked":["Accuracy","Prepared","Masterful Stab"],"picked":"SKIP","floor":12},{"not_picked":["Choke","Quick Slash"],"picked":"Tools of the Trade","floor":14},{"not_picked":["Sucker Punch","Prepared"],"picked":"Crippling Poison","floor":18}],"player_experience":886774,"relics_obtained":[{"floor":9.0,"key":"Vajra"},{"floor":12,"key":"Mercury Hourglass"}],"event_choices":[{"damage_healed":0.0,"max_hp_gain":0.0,"max_hp_loss":0.0,"gold_gain":75.0,"event_name":"World of Goop","player_choice":"Gather Gold","floor":3.0,"gold_loss":0.0,"damage_taken":11.0},{"damage_healed":0.0,"max_hp_gain":0.0,"max_hp_loss":6.0,"gold_gain":0.0,"event_name":"Golden Idol","player_choice":"Lose Max HP","floor":7.0,"gold_loss":0.0,"damage_taken":0.0,"relics_obtained":["Golden Idol"]},{"damage_healed":0.0,"max_hp_gain":0.0,"max_hp_loss":0.0,"gold_gain":0.0,"event_name":"Upgrade Shrine","player_choice":"Upgraded","floor":11.0,"gold_loss":0.0,"damage_taken":0.0,"cards_upgraded":["Footwork"]},{"damage_healed":0,"gold_gain":0,"player_choice":"Obtained Book","damage_taken":21,"max_hp_gain":0,"max_hp_loss":0,"event_name":"Cursed Tome","floor":19,"gold_loss":0}],"is_beta":false,"boss_relics":[{"not_picked":["Busted Crown","Runic Dome"],"picked":"Ectoplasm"}],"items_purged_floors":[],"is_endless":false,"potions_floor_spawned":[2,12,16,18],"ascension_level":20}}