{"host":"f6f8cjhjgha9mpdq","time":1610959791,"event":{"mods":["BaseMod","Minty Spire (QoL Compilation)","Permanent Neow","StSLib","SuperFastMode"],"gold_per_floor":[119,194,42,59,9,341,341,374,374,406,406,282,296,315,315,393,393,393,393,37,37,37,37,37,37,37,37,37,37,37,37,37,37,37,37,37,37,37,37,37,37,37,37,37,37,37,37,37,37,37,37,37,37,37,37,37],"floor_reached":55,"language":"KOR","playtime":2822,"items_purged":["Dualcast","Defend_B"],"score":1391,"play_id":"007c59be-70f5-4825-98c4-f2cbc5e5b766","local_time":"20210118174951","is_ascension_mode":true,"campfire_choices":[{"data":"Hyperbeam","floor":7.0,"key":"SMITH"},{"data":"Beam Cell","floor":11.0,"key":"SMITH"},{"data":"Hologram","floor":15.0,"key":"SMITH"},{"data":"Buffer","floor":23.0,"key":"SMITH"},{"data":"Heatsinks","floor":27.0,"key":"SMITH"},{"data":"Buffer","floor":29.0,"key":"SMITH"},{"data":"Self Repair","floor":30.0,"key":"SMITH"},{"data":"Go for the Eyes","floor":32.0,"key":"SMITH"},{"data":"Turbo","floor":42,"key":"SMITH"},{"floor":49,"key":"RECALL"},{"data":"Meteor Strike","floor":52,"key":"SMITH"}],"circlet_count":0,"master_deck":["AscendersBane","Strike_B","Strike_B","Strike_B","Strike_B","Defend_B","Defend_B","Hyperbeam+1","Go for the Eyes+1","Beam Cell+1","Rebound","Conserve Battery","Hologram+1","Turbo+1","Buffer+1","Leap","Heatsinks+1","Self Repair+1","Steam+1","Buffer+1","Skim+1","Core Surge","Reprogram+1","Sunder+1","Force Field+1","Dark Shackles+1","Thinking Ahead+1","Enlightenment+1","Reinforced Body+1","Hologram+1","White Noise+1","Meteor Strike+1","Stack+1"],"relics":["Cracked Core","Lee\u0027s Waffle","Old Coin","Prayer Wheel","WingedGreaves","Strawberry","Ectoplasm","Red Mask","Toxic Egg 2","PreservedInsect","Akabeko","Coffee Dripper","TungstenRod","Incense Burner","Frozen Egg 2","MealTicket","Boot"],"acts_visited":["Exordium","TheCity","TheBeyond","TheEnding"],"potions_floor_usage":[40,55],"damage_taken":[{"damage":8.0,"enemies":"Jaw Worm","floor":1.0,"turns":4.0},{"damage":0.0,"enemies":"Small Slimes","floor":4.0,"turns":3.0},{"damage":34.0,"enemies":"Lagavulin","floor":6.0,"turns":7.0},{"damage":5.0,"enemies":"Gremlin Nob","floor":8.0,"turns":3.0},{"damage":20.0,"enemies":"Lagavulin","floor":10.0,"turns":6.0},{"damage":0.0,"enemies":"Cultist","floor":13.0,"turns":2.0},{"damage":3.0,"enemies":"Exordium Thugs","floor":14.0,"turns":3.0},{"damage":9.0,"enemies":"Slime Boss","floor":16.0,"turns":7.0},{"damage":0.0,"enemies":"3 Byrds","floor":18.0,"turns":2.0},{"damage":0.0,"enemies":"Masked Bandits","floor":19.0,"turns":1.0},{"damage":3.0,"enemies":"Chosen","floor":21.0,"turns":3.0},{"damage":6.0,"enemies":"Snake Plant","floor":22.0,"turns":3.0},{"damage":9.0,"enemies":"Snecko","floor":24.0,"turns":6.0},{"damage":11.0,"enemies":"Centurion and Healer","floor":25.0,"turns":4.0},{"damage":21.0,"enemies":"Slavers","floor":28.0,"turns":3.0},{"damage":0.0,"enemies":"3 Cultists","floor":31.0,"turns":4.0},{"damage":31.0,"enemies":"Champ","floor":33.0,"turns":13.0},{"damage":0.0,"enemies":"3 Darklings","floor":35.0,"turns":5.0},{"damage":0.0,"enemies":"Orb Walker","floor":37.0,"turns":3.0},{"damage":0,"enemies":"Nemesis","floor":40,"turns":9},{"damage":0,"enemies":"Transient","floor":44,"turns":5},{"damage":0,"enemies":"Giant Head","floor":45,"turns":10},{"damage":1,"enemies":"4 Shapes","floor":46,"turns":4},{"damage":0,"enemies":"Nemesis","floor":48,"turns":7},{"damage":25,"enemies":"Donu and Deca","floor":50,"turns":12},{"damage":58,"enemies":"Shield and Spear","floor":54,"turns":8},{"damage":41,"enemies":"The Heart","floor":55,"turns":2}],"seed_played":"-5505580814206387209","potions_obtained":[{"floor":6.0,"key":"CultistPotion"},{"floor":14.0,"key":"AttackPotion"},{"floor":18.0,"key":"SpeedPotion"},{"floor":24.0,"key":"EntropicBrew"},{"floor":28.0,"key":"LiquidMemories"},{"floor":35.0,"key":"Regen Potion"},{"floor":44,"key":"Ancient Potion"}],"is_trial":false,"path_per_floor":["M","?","$","M","?","E","R","E","T","E","R","$","M","M","R","B",null,"M","?","$","M","M","R","M","M","T","R","E","R","R","M","R","B",null,"M","?","M","?","?","E","$","R","T","M","E","M","T","E","R","B",null,"R","$","E","B"],"character_chosen":"DEFECT","items_purchased":["Lee\u0027s Waffle","Hologram","Toxic Egg 2"],"campfire_rested":0,"item_purchase_floors":[3,12,20],"current_hp_per_floor":[56,45,71,71,71,37,37,32,32,19,19,19,19,16,16,7,60,60,60,60,57,51,51,42,38,38,38,24,24,24,34,34,13,62,72,72,72,62,62,78,78,78,78,78,78,77,77,78,78,63,74,74,78,20,0,0],"gold":37,"neow_bonus":"THREE_RARE_CARDS","is_daily":false,"chose_seed":false,"campfire_upgraded":10,"win_rate":0.0,"timestamp":1610959791,"path_taken":["M","?","$","M","?","E","R","E","T","E","R","?","M","M","R","BOSS","M","?","$","M","M","R","M","M","T","R","E","R","R","M","R","BOSS","M","?","?","?","?","E","?","R","T","M","E","M","?","E","R","BOSS","R","$","E","BOSS"],"items_purchased_type":["Relic","Card","Relic"],"build_version":"2020-12-22","purchased_purges":2,"victory":false,"max_hp_per_floor":[64,64,71,71,71,71,71,71,71,78,78,78,78,78,78,78,78,78,78,78,78,78,78,78,78,78,78,78,78,78,78,78,78,78,78,78,78,78,78,78,78,78,78,78,78,78,78,78,78,78,78,78,78,78,78,78],"card_choices":[{"not_picked":["Machine Learning","Buffer"],"picked":"Hyperbeam","floor":0.0},{"not_picked":["Redo","Ball Lightning"],"picked":"Go for the Eyes","floor":1.0},{"not_picked":["Compile Driver","Leap","Amplify"],"picked":"SKIP","floor":4.0},{"not_picked":["Capacitor","Defragment"],"picked":"Beam Cell","floor":6.0},{"not_picked":["Blizzard","Consume"],"picked":"Rebound","floor":8.0},{"not_picked":["Genetic Algorithm","Streamline"],"picked":"Conserve Battery","floor":10.0},{"not_picked":["Steam","Capacitor"],"picked":"Turbo","floor":13.0},{"not_picked":["Chill","Rebound","Beam Cell"],"picked":"SKIP","floor":13.0},{"not_picked":["Chill","Rebound","Beam Cell"],"picked":"SKIP","floor":13.0},{"not_picked":["Loop","Compile Driver","Gash"],"picked":"SKIP","floor":14.0},{"not_picked":["Go for the Eyes","Chaos","Force Field"],"picked":"SKIP","floor":14.0},{"not_picked":["Electrodynamics","All For One"],"picked":"Buffer","floor":16.0},{"not_picked":["Ball Lightning","Glacier"],"picked":"Leap","floor":18.0},{"not_picked":["Compile Driver","Coolheaded","Ball Lightning"],"picked":"SKIP","floor":18.0},{"not_picked":["Consume+1","Go for the Eyes","Force Field+1"],"picked":"SKIP","floor":21.0},{"not_picked":["Conserve Battery+1","Auto Shields+1","Loop"],"picked":"SKIP","floor":21.0},{"not_picked":["Rainbow+1","Barrage"],"picked":"Heatsinks","floor":22.0},{"not_picked":["Stack+1","Streamline","Coolheaded+1"],"picked":"SKIP","floor":22.0},{"not_picked":["Tempest+1","Hologram+1"],"picked":"Self Repair","floor":24.0},{"not_picked":["Blizzard","Stack+1","Streamline+1"],"picked":"SKIP","floor":24.0},{"not_picked":["Blizzard","Stack+1","Streamline+1"],"picked":"SKIP","floor":24.0},{"not_picked":["Leap+1","Heatsinks"],"picked":"Steam+1","floor":25.0},{"not_picked":["Stack+1","Rebound","Turbo+1"],"picked":"SKIP","floor":25.0},{"not_picked":["Gash","Barrage"],"picked":"Buffer","floor":28.0},{"not_picked":["Leap+1","Undo+1"],"picked":"Skim+1","floor":31.0},{"not_picked":["Capacitor","Compile Driver","Self Repair"],"picked":"SKIP","floor":31.0},{"not_picked":["All For One","Electrodynamics"],"picked":"Core Surge","floor":33.0},{"not_picked":["Genetic Algorithm+1","Static Discharge","Tempest+1"],"picked":"SKIP","floor":35.0},{"not_picked":["Steam+1","Loop","Barrage"],"picked":"SKIP","floor":35.0},{"not_picked":["Beam Cell+1","Streamline"],"picked":"Sunder+1","floor":37.0},{"not_picked":["Rebound","Fusion+1"],"picked":"Force Field+1","floor":37.0},{"not_picked":["Thinking Ahead+1","Impatience+1"],"picked":"Dark Shackles+1","floor":38.0},{"not_picked":["HandOfGreed","Transmutation+1"],"picked":"Thinking Ahead+1","floor":38.0},{"not_picked":["PanicButton+1","Mind Blast"],"picked":"Enlightenment+1","floor":38.0},{"not_picked":["Sweeping Beam","Tempest+1"],"picked":"Reinforced Body+1","floor":40},{"not_picked":["Ball Lightning","Barrage+1"],"picked":"Hologram+1","floor":44},{"not_picked":["Fusion+1","Compile Driver","Coolheaded+1"],"picked":"SKIP","floor":44},{"not_picked":["Consume+1","Fusion+1","Genetic Algorithm+1"],"picked":"SKIP","floor":45},{"not_picked":["Rip and Tear+1","Coolheaded+1"],"picked":"White Noise+1","floor":46},{"not_picked":["Rebound+1","Gash","Hologram+1"],"picked":"SKIP","floor":46},{"not_picked":["Rebound+1","Gash","Hologram+1"],"picked":"SKIP","floor":46},{"not_picked":["White Noise+1","Barrage"],"picked":"Meteor Strike","floor":48},{"not_picked":["Stack+1","Gash","Streamline+1"],"picked":"SKIP","floor":54},{"not_picked":["Gash","Streamline+1"],"picked":"Stack+1","floor":54}],"player_experience":572204,"relics_obtained":[{"floor":6.0,"key":"Old Coin"},{"floor":8.0,"key":"Prayer Wheel"},{"floor":9.0,"key":"WingedGreaves"},{"floor":10.0,"key":"Strawberry"},{"floor":19.0,"key":"Red Mask"},{"floor":26.0,"key":"PreservedInsect"},{"floor":28.0,"key":"Akabeko"},{"floor":40,"key":"TungstenRod"},{"floor":45,"key":"Incense Burner"},{"floor":47,"key":"Frozen Egg 2"},{"floor":48,"key":"MealTicket"},{"floor":54,"key":"Boot"}],"event_choices":[{"damage_healed":0.0,"max_hp_gain":0.0,"max_hp_loss":0.0,"gold_gain":75.0,"event_name":"World of Goop","player_choice":"Gather Gold","floor":2.0,"gold_loss":0.0,"damage_taken":11.0},{"cards_removed":["Zap"],"damage_healed":0.0,"max_hp_gain":0.0,"max_hp_loss":0.0,"gold_gain":0.0,"event_name":"The Cleric","player_choice":"Card Removal","floor":5.0,"gold_loss":50.0,"damage_taken":0.0},{"damage_healed":0.0,"max_hp_gain":0.0,"max_hp_loss":0.0,"gold_gain":0.0,"event_name":"Masked Bandits","player_choice":"Fought Bandits","floor":19.0,"gold_loss":0.0,"damage_taken":0.0},{"damage_healed":0.0,"max_hp_gain":0.0,"max_hp_loss":0.0,"gold_gain":0.0,"event_name":"Match and Keep!","player_choice":"1 cards matched","floor":36.0,"gold_loss":0.0,"damage_taken":0.0,"cards_obtained":["Reprogram"]},{"damage_healed":0.0,"max_hp_gain":0.0,"max_hp_loss":0.0,"gold_gain":0.0,"event_name":"SensoryStone","player_choice":"Memory 3","floor":38.0,"gold_loss":0.0,"damage_taken":10.0},{"cards_removed":["Defend_B"],"damage_healed":0.0,"max_hp_gain":0.0,"max_hp_loss":0.0,"gold_gain":0.0,"event_name":"Falling","player_choice":"Removed Skill","floor":39.0,"gold_loss":0.0,"damage_taken":0.0}],"is_beta":false,"boss_relics":[{"not_picked":["Tiny House","SacredBark"],"picked":"Ectoplasm"},{"not_picked":["FrozenCore","Snecko Eye"],"picked":"Coffee Dripper"}],"items_purged_floors":[12,20],"is_endless":false,"potions_floor_spawned":[6,14,18,24,28,31,35,44],"killed_by":"The Heart","ascension_level":14}}