{"host":"k7udt7atmcuzf6l0","time":1610960007,"event":{"mods":["AchievementEnabler","BaseMod","Colored Map","Colored Powertips","Highlight Path","Minty Spire (QoL Compilation)","Quick Restart","Rare Cards Sparkle","StSLib","UnlockEverythingMod"],"gold_per_floor":[365,365,380,380,393,393,421,421,421,39,59,59,59],"floor_reached":12,"language":"ZHT","playtime":254,"items_purged":["Regret"],"score":78,"play_id":"40efbbeb-fb9a-4a35-a23a-3d2f3913f83b","local_time":"20210118165327","is_ascension_mode":false,"campfire_choices":[{"data":"Flex","floor":6,"key":"SMITH"},{"data":"Thunderclap","floor":8,"key":"SMITH"}],"circlet_count":0,"master_deck":["Strike_R","Strike_R","Strike_R","Strike_R+1","Strike_R","Defend_R","Defend_R","Defend_R","Defend_R+1","Bash","Thunderclap+1","Flex+1","Battle Trance","Headbutt","Body Slam"],"relics":["Burning Blood","Ornamental Fan","Kunai","Juzu Bracelet","Bottled Lightning"],"acts_visited":["Exordium"],"potions_floor_usage":[12],"damage_taken":[{"damage":8,"enemies":"2 Louse","floor":1,"turns":2},{"damage":4,"enemies":"Small Slimes","floor":3,"turns":4},{"damage":5,"enemies":"Jaw Worm","floor":5,"turns":3},{"damage":35,"enemies":"3 Sentries","floor":7,"turns":10},{"damage":6,"enemies":"Looter","floor":11,"turns":2},{"damage":34,"enemies":"Lagavulin","floor":12,"turns":3}],"seed_played":"-6034697186032950247","potions_obtained":[{"floor":11,"key":"PowerPotion"}],"is_trial":false,"path_per_floor":["M","?","M","?","M","R","E","R","T","$","M","E"],"character_chosen":"IRONCLAD","items_purchased":["Bottled Lightning","Body Slam"],"campfire_rested":0,"item_purchase_floors":[10,10],"current_hp_per_floor":[78,62,64,52,53,53,24,24,24,24,24,0,0],"gold":59,"neow_bonus":"TWO_FIFTY_GOLD","is_daily":false,"chose_seed":false,"campfire_upgraded":2,"win_rate":0.0,"timestamp":1610960007,"path_taken":["M","?","M","?","M","R","E","R","T","$","M","E"],"items_purchased_type":["Relic","Card"],"build_version":"2020-12-22","purchased_purges":1,"victory":false,"max_hp_per_floor":[80,80,80,80,80,80,80,80,80,80,80,80,80],"card_choices":[{"not_picked":["True Grit","Wild Strike"],"picked":"Thunderclap","floor":1},{"not_picked":["Warcry","Body Slam"],"picked":"Flex","floor":3},{"not_picked":["Uppercut","Anger"],"picked":"Battle Trance","floor":5},{"not_picked":["Combust","Metallicize"],"picked":"Headbutt","floor":7},{"not_picked":["Evolve","Anger","Combust"],"picked":"SKIP","floor":11}],"player_experience":79409,"relics_obtained":[{"floor":7,"key":"Kunai"},{"floor":9,"key":"Juzu Bracelet"}],"event_choices":[{"damage_healed":0,"gold_gain":0,"player_choice":"Entered Light","damage_taken":16,"max_hp_gain":0,"max_hp_loss":0,"event_name":"Shining Light","floor":2,"gold_loss":0,"cards_upgraded":["Defend_R","Strike_R"]},{"damage_healed":0,"gold_gain":0,"player_choice":"Success","damage_taken":12,"relics_obtained":["Ornamental Fan"],"max_hp_gain":0,"max_hp_loss":0,"event_name":"Scrap Ooze","floor":4,"gold_loss":0}],"is_beta":false,"boss_relics":[],"items_purged_floors":[10],"is_endless":false,"potions_floor_spawned":[11],"killed_by":"Lagavulin","ascension_level":0}}