{"host":"sav7uxregyirlf69","time":1610981698,"event":{"mods":["AchievementEnabler","BaseMod","Colored Map","DeckTracker","Keyboard Shortcuts","Minty Spire (QoL Compilation)","READ ME - Guardian Mod","StSLib","SuperFastMode"],"gold_per_floor":[117,130,130,130,143,143,158,158,158,8,39,139,150,169,169,247,247,258,258,258,258,278,278,278],"floor_reached":23,"language":"KOR","playtime":418,"items_purged":["Defend_G"],"score":382,"play_id":"6a1465e4-adff-4ef5-93e0-d04bb7be0911","local_time":"20210118235458","is_ascension_mode":true,"campfire_choices":[{"floor":6,"key":"REST"},{"data":"Masterful Stab","floor":8,"key":"SMITH"},{"floor":15,"key":"REST"}],"circlet_count":0,"master_deck":["AscendersBane","Defend_G+1","Defend_G","Defend_G","Defend_G+1","Survivor","Neutralize","Flying Knee","Bouncing Flask","Noxious Fumes","Blade Dance+1","Bullet Time+1","Adrenaline+1","Leg Sweep+1","Adrenaline+1","Catalyst"],"relics":["Ring of the Snake","Boot","Pear","Astrolabe"],"acts_visited":["Exordium","TheCity"],"potions_floor_usage":[14,16,16],"damage_taken":[{"damage":0,"enemies":"2 Louse","floor":1,"turns":3},{"damage":0,"enemies":"Small Slimes","floor":2,"turns":3},{"damage":0,"enemies":"Cultist","floor":5,"turns":4},{"damage":0,"enemies":"Looter","floor":7,"turns":4},{"damage":36,"enemies":"3 Sentries","floor":11,"turns":13},{"damage":5,"enemies":"3 Louse","floor":13,"turns":3},{"damage":11,"enemies":"Large Slime","floor":14,"turns":7},{"damage":9,"enemies":"The Guardian","floor":16,"turns":9},{"damage":21,"enemies":"3 Byrds","floor":18,"turns":4},{"damage":5,"enemies":"2 Thieves","floor":22,"turns":4},{"damage":35,"enemies":"Slavers","floor":23,"turns":3}],"seed_played":"-7292045782357513712","potions_obtained":[{"floor":5,"key":"SteroidPotion"},{"floor":11,"key":"EssenceOfSteel"},{"floor":14,"key":"PowerPotion"}],"is_trial":false,"path_per_floor":["M","M","?","?","M","R","M","R","T","$","E","?","M","M","R","B",null,"M","?","?","?","M","E"],"character_chosen":"THE_SILENT","items_purchased":["Bouncing Flask"],"campfire_rested":2,"item_purchase_floors":[10],"current_hp_per_floor":[44,44,24,24,24,43,43,43,43,43,17,17,12,1,23,14,61,40,40,40,40,35,0,0],"gold":278,"neow_bonus":"REMOVE_TWO","is_daily":false,"chose_seed":false,"campfire_upgraded":1,"win_rate":0.0,"timestamp":1610981698,"path_taken":["M","M","?","?","M","R","M","R","T","$","E","?","M","?","R","BOSS","M","?","?","?","?","E"],"items_purchased_type":["Card"],"build_version":"2020-12-22","purchased_purges":1,"victory":false,"max_hp_per_floor":[66,66,66,66,66,66,66,66,66,66,76,76,76,76,76,76,76,76,76,76,76,76,76,76],"card_choices":[{"not_picked":["Prepared","Blur"],"picked":"Masterful Stab","floor":1},{"not_picked":["Backflip","Slice","Deflect"],"picked":"SKIP","floor":2},{"not_picked":["Infinite Blades","Outmaneuver"],"picked":"Flying Knee","floor":5},{"not_picked":["Backflip","Bane","Finisher"],"picked":"SKIP","floor":7},{"not_picked":["Choke","Expertise","Tools of the Trade"],"picked":"SKIP","floor":11},{"not_picked":["Deflect","Prepared"],"picked":"Noxious Fumes","floor":13},{"not_picked":["Caltrops","Underhanded Strike","Reflex"],"picked":"SKIP","floor":14},{"not_picked":["Setup","PiercingWail"],"picked":"Leg Sweep+1","floor":18},{"not_picked":["All Out Attack","Poisoned Stab"],"picked":"Catalyst","floor":22}],"player_experience":1313641,"relics_obtained":[{"floor":9,"key":"Boot"},{"floor":11,"key":"Pear"}],"event_choices":[{"damage_healed":0,"gold_gain":0,"player_choice":"Entered Light","damage_taken":20,"max_hp_gain":0,"max_hp_loss":0,"event_name":"Shining Light","floor":3,"gold_loss":0,"cards_upgraded":["Defend_G","Defend_G"]},{"damage_healed":0,"gold_gain":0,"player_choice":"Ignored","damage_taken":0,"max_hp_gain":0,"max_hp_loss":0,"event_name":"Liars Game","floor":4,"gold_loss":0},{"damage_healed":0,"gold_gain":100,"player_choice":"Gold","damage_taken":0,"max_hp_gain":0,"max_hp_loss":0,"event_name":"Wheel of Change","floor":12,"gold_loss":0},{"damage_healed":0,"gold_gain":0,"player_choice":"Ignored","damage_taken":0,"max_hp_gain":0,"max_hp_loss":0,"event_name":"Cursed Tome","floor":19,"gold_loss":0},{"cards_removed":["Masterful Stab"],"damage_healed":0,"gold_gain":0,"player_choice":"Elegance","damage_taken":0,"max_hp_gain":0,"max_hp_loss":0,"event_name":"Back to Basics","floor":20,"gold_loss":0},{"damage_healed":0,"gold_gain":0,"player_choice":"Copied","damage_taken":0,"max_hp_gain":0,"max_hp_loss":0,"event_name":"Duplicator","floor":21,"gold_loss":0,"cards_obtained":["Adrenaline"]}],"is_beta":false,"boss_relics":[{"not_picked":["Velvet Choker","Ectoplasm"],"picked":"Astrolabe"}],"items_purged_floors":[10],"is_endless":false,"potions_floor_spawned":[5,11,14],"killed_by":"Slavers","ascension_level":20}}