{"host":"35dxdplylqdl7jm8","time":1610984307,"event":{"mods":["Act Like it!","Arknights The Spire","BaseMod","CapriCore","Colored Powertips","Dota2Spire","Hermit","Marisa£®ÏF”Í°°ƒß¿Ì…≥£©","Minty Spire (QoL Compilation)","Replay The Spire","SIMod","Shop Mod","StSLib","The Administrix","The IronCluck","The Poker Player","[GremlinLeader]The Maniac"],"gold_per_floor":[116,116,163,180,180,180,204,244,61,61,61,83,83,83,135,135,135,247,247,274,299,299,319,343,391,391,438,438,470,507,507,537,560,560,670,670,692,692,761,778,154,191,191,238,261,285,285,333,382,417,417,457],"floor_reached":53,"language":"ZHS","playtime":4339,"items_purged":["ats:Strike S"],"score":773,"play_id":"7e673c81-656d-4d14-a945-fd2d0d6b47a4","local_time":"20210118233827","is_ascension_mode":false,"campfire_choices":[{"floor":17,"key":"REST"},{"floor":26,"key":"REST"},{"data":"ats:Hammer On","floor":31,"key":"SMITH"},{"data":"ats:Magnetic Hammer","floor":31,"key":"SMITH"},{"floor":34,"key":"REST"},{"data":"ats:True Silver Slash","floor":43,"key":"SMITH"},{"data":"ats:Roar Of Ursus","floor":43,"key":"SMITH"}],"circlet_count":0,"master_deck":["ats:Armor Crushing Shot+1","ats:Defend","ats:Defend","ats:Emotion Absorption+1","ats:Leaping Hammer","ats:Chain Hook","ats:Magnetic Hammer+1","ats:Hammer On+1","ats:Hammer On","ats:Sword Rain","ats:Defend Order","ats:Hook Shot+1","ats:Shadow Raid","ats:Spore Proliferation","ats:Ambush","ats:Beaten Up+1","ats:True Silver Slash+1","ats:Directed Diagnosis+1","ats:Consecutive Shot Auto","ats:Soul Absorption+1","ats:Closed Bolt Burst Fire+1","ats:Assault Order","ats:Steam Pump+1","ats:Beaten Up+1","ats:Apocalypse+1","ats:Roar Of Ursus+1","ats:Poison Spread+1","Doubt","ats:True Silver Slash+1","ats:Revitalization+1","ats:Rapid Magazine","ats:True Silver Slash","ats:Hook Shot","Bandage Up","Pot Of Greed","Pot Of Greed","Pot Of Greed","ats:Part Time Job+1","Pot Of Greed","ats:Thermite Blade+1","ats:Shell Defense+1","ats:Apocalypse"],"relics":["ats:Sanity","NeowsBlessing","Dota2Spire:AghanimScepter","Replay:Bandana","ats:Originium","ReplayFunnel","Dota2Spire:UrnOfShadows","Replay:Wax Seal","Ice Cream","Bottled Tornado","BranchBurnRelic","Astrolabe","Orichalcum","Replay:Baseball","Replay:Arrowhead","SlaversCollar","Ring of Panic","ReplayTheSpireMod:Ring of Exchange","Dota2Spire:HeartOfTarrasque","Lantern","Grinning Jar","Dota2Spire:MaskOfMadness"],"acts_visited":["Exordium","TheCity","TheBeyond"],"potions_floor_usage":[25,25,52,52],"damage_taken":[{"damage":0,"enemies":"2 Louse","floor":1,"turns":1},{"damage":0,"enemies":"Jaw Worm","floor":4,"turns":1},{"damage":0,"enemies":"Small Slimes","floor":7,"turns":1},{"damage":22,"enemies":"Replay:BlueRogue","floor":8,"turns":5},{"damage":1,"enemies":"Exordium Wildlife","floor":12,"turns":3},{"damage":4,"enemies":"3 Sentries","floor":15,"turns":5},{"damage":24,"enemies":"The Guardian","floor":18,"turns":11},{"damage":25,"enemies":"3 Byrds","floor":20,"turns":5},{"damage":15,"enemies":"Shell Parasite","floor":21,"turns":5},{"damage":30,"enemies":"Snecko","floor":23,"turns":7},{"damage":15,"enemies":"Snake Plant","floor":24,"turns":4},{"damage":8,"enemies":"Book of Stabbing","floor":25,"turns":4},{"damage":12,"enemies":"Shelled Parasite and Fungi","floor":29,"turns":5},{"damage":10,"enemies":"Chosen and Byrds","floor":30,"turns":8},{"damage":0,"enemies":"Cultist and Chosen","floor":32,"turns":7},{"damage":12,"enemies":"Centurion and Healer","floor":33,"turns":5},{"damage":51,"enemies":"Champ","floor":35,"turns":17},{"damage":20,"enemies":"3 Shapes","floor":37,"turns":6},{"damage":62,"enemies":"2 Orb Walkers","floor":39,"turns":7},{"damage":7,"enemies":"Orb Walker","floor":40,"turns":6},{"damage":8,"enemies":"R_Hoarder","floor":42,"turns":14},{"damage":9,"enemies":"Jaw Worm Horde","floor":44,"turns":3},{"damage":41,"enemies":"Maw","floor":46,"turns":11},{"damage":0,"enemies":"3 Darklings","floor":48,"turns":5},{"damage":30,"enemies":"4 Shapes","floor":49,"turns":7},{"damage":16,"enemies":"Sphere and 2 Shapes","floor":50,"turns":6},{"damage":39,"enemies":"Donu and Deca","floor":52,"turns":9}],"seed_played":"8245199092516322481","potions_obtained":[{"floor":3,"key":"FairyPotion"},{"floor":7,"key":"SteroidPotion"},{"floor":8,"key":"Dota2Spire:Clarity"},{"floor":20,"key":"Fire Potion"},{"floor":25,"key":"CultistPotion"},{"floor":30,"key":"Dexterity Potion"},{"floor":33,"key":"Venom Potion"},{"floor":39,"key":"FairyPotion"}],"is_trial":false,"path_per_floor":["M","?","?","M","PTL","PTL","M","E","$","?","T","M","T","?","E","?","R","B",null,"M","M","?","M","M","E","R","T","T","M","M","R","M","M","R","B",null,"M","?","?","M","$","E","R","M","T","M","?","M","M","M","R","B",null],"character_chosen":"DOCTOR_CLASS","items_purchased":["ats:Defend Order","Dota2Spire:UrnOfShadows","ats:Rapid Magazine","Lantern","ats:True Silver Slash","ats:Hook Shot","Bandage Up"],"campfire_rested":3,"item_purchase_floors":[9,9,41,41,41,41,41],"current_hp_per_floor":[72,65,65,65,65,65,65,43,43,43,43,42,42,28,30,30,51,42,72,50,44,44,20,14,12,33,33,33,41,31,31,50,41,62,25,72,52,52,29,26,26,72,72,72,72,52,52,68,56,44,68,51],"gold":457,"neow_bonus":"THREE_ENEMY_KILL","is_daily":false,"chose_seed":false,"campfire_upgraded":4,"win_rate":0.0,"timestamp":1610984307,"path_taken":["M","?","?","M","PTL","PTL","M","E","$","?","T","?","?","?","E","?","R","BOSS","M","?","?","M","M","E","R","?","T","M","M","R","?","M","R","BOSS","M","?","?","M","$","E","R","M","T","M","?","?","M","M","R","BOSS"],"items_purchased_type":["Card","Relic","Card","Relic","Card","Card","Card"],"build_version":"2020-12-22","purchased_purges":1,"victory":true,"max_hp_per_floor":[72,72,72,72,72,72,72,72,72,72,72,72,72,72,72,72,72,72,72,72,72,72,72,72,72,72,72,72,72,72,72,72,72,72,72,72,72,72,80,80,80,80,80,80,80,80,80,80,80,80,80,80],"card_choices":[{"not_picked":["ats:Assault Order","ats:Mental Burst"],"picked":"ats:Leaping Hammer","floor":1},{"not_picked":["ats:Defend Order","ats:Flame Of Heaven"],"picked":"ats:Chain Hook","floor":3},{"not_picked":["ats:Curse Doll","ats:Encircling Forest"],"picked":"ats:Magnetic Hammer","floor":3},{"not_picked":["ats:Sword Rain","ats:Leaping Hammer"],"picked":"ats:Hammer On","floor":4},{"not_picked":["ats:Cat Scratch","ats:Red Shift"],"picked":"ats:Hammer On","floor":7},{"not_picked":["ats:Hook Shot","ats:Explosion Area Strengthen"],"picked":"ats:Sword Rain","floor":8},{"not_picked":["ats:Hammer On","ats:Counter Healing Mode"],"picked":"ats:Shadow Raid","floor":12},{"not_picked":["ats:Magnetic Hammer","ats:Steam Pump"],"picked":"ats:Spore Proliferation","floor":15},{"not_picked":["ats:Echo Reverb","ats:Shadow Assault"],"picked":"ats:Ambush","floor":18},{"not_picked":["ats:Hammer On","ats:Revitalization"],"picked":"ats:Consecutive Shot Auto","floor":20},{"not_picked":["ats:Shell Defense+1","ats:Cat Scratch"],"picked":"ats:Soul Absorption+1","floor":21},{"not_picked":["ats:Powerful Strike","ats:Collapsing Strike"],"picked":"ats:Closed Bolt Burst Fire+1","floor":23},{"not_picked":["ats:Powerful Strike","ats:Poison Spread"],"picked":"ats:Assault Order","floor":24},{"not_picked":["ats:Assault Order","ats:Collapsing Strike"],"picked":"ats:Steam Pump+1","floor":25},{"not_picked":["ats:Cat Scratch","ats:Shadow Raid"],"picked":"ats:Beaten Up+1","floor":29},{"not_picked":["ats:Burning Ground+1","ats:Assault Order"],"picked":"ats:Apocalypse","floor":30},{"not_picked":["ats:Ignite","ats:Steam Pump+1","ats:Hook Shot"],"picked":"SKIP","floor":32},{"not_picked":["ats:Spore Proliferation","ats:Cat Scratch","ats:Steam Pump+1"],"picked":"SKIP","floor":33},{"not_picked":["ats:Soul Rend","ats:Wolf Pack"],"picked":"ats:Roar Of Ursus","floor":35},{"not_picked":["ats:Hammer On","ats:Flexible Camouflage"],"picked":"ats:Poison Spread+1","floor":37},{"not_picked":["ats:Poison Spread","ats:Burning Ground"],"picked":"ats:True Silver Slash","floor":39},{"not_picked":["ats:Hook Shot","ats:Flexible Camouflage+1"],"picked":"ats:Revitalization+1","floor":40},{"not_picked":["ats:Hammer On","ats:Directed Diagnosis","ats:Encircling Forest+1"],"picked":"SKIP","floor":42},{"not_picked":["ats:Childhood Dance+1","ats:Shell Defense"],"picked":"ats:Part Time Job+1","floor":44},{"not_picked":["ats:Cat Scratch+1","ats:Assault Order"],"picked":"ats:Thermite Blade+1","floor":46},{"not_picked":["ats:Hammer On+1","ats:Consecutive Shot Auto","ats:Shell Defense"],"picked":"SKIP","floor":48},{"not_picked":["ats:Ignite","ats:Cat Scratch"],"picked":"ats:Shell Defense+1","floor":49},{"not_picked":["ats:Revitalization+1","ats:Cat Scratch"],"picked":"ats:Apocalypse","floor":50}],"player_experience":154608,"relics_obtained":[{"floor":3,"key":"Replay:Bandana"},{"floor":8,"key":"ats:Originium"},{"floor":8,"key":"ReplayFunnel"},{"floor":11,"key":"Replay:Wax Seal"},{"floor":13,"key":"Ice Cream"},{"floor":15,"key":"ats:Originium"},{"floor":15,"key":"Bottled Tornado"},{"floor":25,"key":"ats:Originium"},{"floor":25,"key":"Orichalcum"},{"floor":27,"key":"Replay:Baseball"},{"floor":28,"key":"Replay:Arrowhead"},{"floor":38,"key":"Ring of Panic"},{"floor":38,"key":"ReplayTheSpireMod:Ring of Exchange"},{"floor":39,"key":"Dota2Spire:HeartOfTarrasque"},{"floor":42,"key":"Grinning Jar"},{"floor":45,"key":"Dota2Spire:MaskOfMadness"}],"event_choices":[{"damage_healed":0,"gold_gain":0,"player_choice":"Success","damage_taken":7,"relics_obtained":["Dota2Spire:AghanimScepter"],"max_hp_gain":0,"max_hp_loss":0,"event_name":"Scrap Ooze","floor":2,"gold_loss":0},{"damage_healed":0,"gold_gain":0,"player_choice":"Entered Light","damage_taken":14,"max_hp_gain":0,"max_hp_loss":0,"event_name":"Shining Light","floor":14,"gold_loss":0,"cards_upgraded":["ats:Armor Crushing Shot","ats:Emotion Absorption"]},{"damage_healed":0,"gold_gain":0,"player_choice":"Gave Potion","damage_taken":0,"relics_obtained":["Dead Branch"],"max_hp_gain":0,"max_hp_loss":0,"event_name":"WeMeetAgain","floor":16,"gold_loss":0},{"damage_healed":0,"gold_gain":0,"player_choice":"Ignored","damage_taken":0,"max_hp_gain":0,"max_hp_loss":0,"event_name":"Ghosts","floor":22,"gold_loss":0},{"damage_healed":0,"gold_gain":0,"player_choice":"Fight","damage_taken":0,"max_hp_gain":0,"max_hp_loss":0,"event_name":"Mysterious Sphere","floor":39,"gold_loss":0},{"cards_removed":["ats:Defend"],"damage_healed":0,"gold_gain":0,"player_choice":"Removed Skill","damage_taken":0,"max_hp_gain":0,"max_hp_loss":0,"event_name":"Falling","floor":47,"gold_loss":0}],"is_beta":false,"boss_relics":[{"not_picked":["Kintsugi","Runic Pyramid"],"picked":"Astrolabe"},{"not_picked":["Runic Dome","ReplayTheSpireMod:DimensionalGlitch"],"picked":"SlaversCollar"}],"items_purged_floors":[41],"is_endless":false,"potions_floor_spawned":[7,8,12,15,20,24,25,30,33,37,39,46,48,49,50],"ascension_level":0}}