{"host":"709gjpjg43u3i5a8","time":1610997008,"event":{"mods":["Act Like it!","BaseMod","Colored Map","Colored Powertips","Downfall","Duelist Mod","Gensokyo","GifTheSpireLib","Hallownest","Hermit","Hubris","Infinite Spire","Koishi","Marisa????????","Minty Spire (QoL Compilation)","Remilia??????","Shop Mod","StSLib","Td1madao Mod","The Administrix","The Animator","The Bug Knight","The Construct","The Cursed","The Disciple","The Hierophant","The Jungle","The Necromancer","The Poker Player","The Runesmith","The Servant 0.9.4"],"gold_per_floor":[111,124,124,84,99,130,144,161,213,238,260,274,239,126,126,236,236,254,254,254,266,266,282,282,282],"floor_reached":24,"language":"ENG","playtime":914,"items_purged":["hermit:TakeCover"],"score":210,"play_id":"a0bc99bc-a44e-4ab4-ac77-80633ff15b47","local_time":"20210118121008","is_ascension_mode":false,"campfire_choices":[{"floor":15,"key":"REST"}],"circlet_count":0,"master_deck":["hermit:Strike_Hermit","hermit:Strike_Hermit","hermit:Strike_Hermit","hermit:Strike_Hermit","hermit:Defend_Hermit","hermit:Defend_Hermit","hermit:Defend_Hermit","hermit:Defend_Hermit","hermit:Snapshot","hermit:Covet","hermit:Shortfuse","hermit:EternalForm","hermit:GoldenBullet","hermit:Purgatory","hermit:Scavenge","hermit:NoHoldsBarred","hermit:Dive","hermit:Showdown","hermit:FatalDesire","hermit:GoldenBullet+1","hermit:HeroicBravado","Writhe","hermit:Quickdraw+1","hermit:FullyLoaded+1"],"relics":["hermit:Momento","NeowsBlessing","hubris:ToyBattleship","hubris:MedicalManual","Akabeko","hubris:GlazedTorus","hubris:RunicObelisk","Anchor","Bottled Tornado"],"acts_visited":["Exordium","TheCity"],"potions_floor_usage":[6,16],"damage_taken":[{"damage":0,"enemies":"Jaw Worm","floor":1,"turns":1},{"damage":0,"enemies":"2 Louse","floor":2,"turns":1},{"damage":0,"enemies":"infinitespire:Voidling","floor":5,"turns":1},{"damage":18,"enemies":"Gremlin Nob","floor":6,"turns":4},{"damage":7,"enemies":"Blue Slaver","floor":7,"turns":3},{"damage":5,"enemies":"Looter","floor":8,"turns":3},{"damage":30,"enemies":"3 Sentries","floor":10,"turns":1},{"damage":0,"enemies":"Large Slime","floor":11,"turns":3},{"damage":11,"enemies":"Exordium Wildlife","floor":12,"turns":3},{"damage":24,"enemies":"Hexaghost","floor":16,"turns":7},{"damage":15,"enemies":"3 Byrds","floor":18,"turns":5},{"damage":20,"enemies":"2 Thieves","floor":21,"turns":2},{"damage":6,"enemies":"Centurion and Healer","floor":23,"turns":5},{"damage":38,"enemies":"Book of Stabbing","floor":24,"turns":4}],"seed_played":"1954699447979790430","potions_obtained":[{"floor":4,"key":"Fire Potion"},{"floor":4,"key":"CultistPotion"},{"floor":4,"key":"Ancient Potion"},{"floor":8,"key":"EssenceOfSteel"},{"floor":12,"key":"Swift Potion"}],"is_trial":false,"path_per_floor":["M","M","?","?","M","E","M","M","T","E","M","M","?","$","R","B",null,"M","?","?","M","T","M","E"],"character_chosen":"HERMIT","items_purchased":["hermit:Showdown"],"campfire_rested":1,"item_purchase_floors":[14],"current_hp_per_floor":[75,75,72,72,72,54,47,42,42,12,12,1,19,19,41,17,75,60,60,60,40,40,34,0,0],"gold":282,"neow_bonus":"THREE_ENEMY_KILL","is_daily":false,"chose_seed":false,"campfire_upgraded":0,"win_rate":0.0,"timestamp":1610997008,"path_taken":["M","M","?","?","M","E","M","M","T","E","?","M","?","$","R","BOSS","M","?","?","M","?","M","E"],"items_purchased_type":["Card"],"build_version":"2020-12-22","purchased_purges":1,"victory":false,"max_hp_per_floor":[75,75,75,75,75,75,75,75,75,75,75,75,75,75,75,75,75,75,75,75,75,75,75,75,75],"card_choices":[{"not_picked":["hermit:ShadowCloak","hermit:Vantage"],"picked":"hermit:TakeCover","floor":1},{"not_picked":["hermit:BodyArmor","hermit:HoleUp"],"picked":"hermit:Shortfuse","floor":2},{"not_picked":["hermit:LowProfile","hermit:LoneWolf"],"picked":"hermit:EternalForm","floor":5},{"not_picked":["hermit:SprayPray","hermit:LoneWolf","hermit:TrackingShot"],"picked":"SKIP","floor":6},{"not_picked":["hermit:TakeAim","hermit:Misfire"],"picked":"hermit:GoldenBullet","floor":7},{"not_picked":["hermit:WideOpen","hermit:Determination"],"picked":"hermit:Purgatory","floor":8},{"not_picked":["hermit:Vantage","hermit:Dive"],"picked":"hermit:Scavenge","floor":10},{"not_picked":["hermit:SprayPray","hermit:Headshot"],"picked":"hermit:NoHoldsBarred","floor":11},{"not_picked":["hermit:Ricochet","hermit:Vantage"],"picked":"hermit:Dive","floor":12},{"not_picked":["hermit:Dissolve","hermit:OverwhelmingPower"],"picked":"hermit:FatalDesire","floor":16},{"not_picked":["hermit:PistolWhip","hermit:LowProfile"],"picked":"hermit:GoldenBullet+1","floor":18},{"not_picked":["hermit:HoleUp","hermit:Glare"],"picked":"hermit:Quickdraw+1","floor":21},{"not_picked":["hermit:PistolWhip","hermit:LuckOfTheDraw"],"picked":"hermit:FullyLoaded+1","floor":23}],"player_experience":514744,"relics_obtained":[{"floor":6,"key":"hubris:MedicalManual"},{"floor":9,"key":"Akabeko"},{"floor":10,"key":"hubris:GlazedTorus"},{"floor":22,"key":"Bottled Tornado"}],"event_choices":[{"damage_healed":0,"gold_gain":0,"player_choice":"Success","damage_taken":3,"relics_obtained":["hubris:ToyBattleship"],"max_hp_gain":0,"max_hp_loss":0,"event_name":"Scrap Ooze","floor":3,"gold_loss":0},{"damage_healed":0,"gold_gain":0,"player_choice":"Bought 3 Potions","damage_taken":0,"max_hp_gain":0,"max_hp_loss":0,"event_name":"The Woman in Blue","floor":4,"gold_loss":0},{"damage_healed":18,"gold_gain":0,"player_choice":"Healed","damage_taken":0,"max_hp_gain":0,"max_hp_loss":0,"event_name":"The Cleric","floor":13,"gold_loss":35},{"damage_healed":0,"gold_gain":0,"player_choice":"Read","damage_taken":0,"max_hp_gain":0,"max_hp_loss":0,"event_name":"The Library","floor":19,"gold_loss":0,"cards_obtained":["hermit:HeroicBravado"]},{"damage_healed":0,"gold_gain":0,"player_choice":"Opened","damage_taken":0,"relics_obtained":["Anchor"],"max_hp_gain":0,"max_hp_loss":0,"event_name":"The Mausoleum","floor":20,"gold_loss":0,"cards_obtained":["Writhe"]}],"is_beta":false,"boss_relics":[{"not_picked":["Runic Dome","hubris:TerracottaHorce"],"picked":"hubris:RunicObelisk"}],"items_purged_floors":[14],"is_endless":false,"potions_floor_spawned":[5,8,10,11,12],"killed_by":"Book of Stabbing","ascension_level":0}}