{"host":"1ekl8hlbnopmdapi","time":1610941559,"event":{"mods":["AchievementEnabler","BaseMod","Colored Map","Colored Powertips","DeckTracker","Googly Eyes","Highlight Path","Minty Spire (QoL Compilation)","Relic Sorter","StSLib","Synergy Search"],"gold_per_floor":[168,180,196,211,176,209,209,270,270,270,270,304,319,319,319,418,418,438,458,458,146,146,174,186,203,203,203,222,236,250,265,265,265,265],"floor_reached":33,"language":"ENG","playtime":1100,"items_purged":[],"score":376,"play_id":"3afa2f0d-f0ac-40dd-b8f6-37a16a01fd76","local_time":"20210117224559","is_ascension_mode":true,"campfire_choices":[{"floor":7,"key":"REST"},{"floor":11,"key":"REST"},{"data":"Neutralize","floor":15,"key":"SMITH"},{"floor":27,"key":"REST"},{"floor":32,"key":"REST"}],"circlet_count":0,"master_deck":["Strike_G","Strike_G","Strike_G","Defend_G","Defend_G+1","Defend_G","Defend_G","Defend_G+1","Survivor","Neutralize+1","Finisher","Cloak And Dagger","Dagger Spray","Flying Knee","Sucker Punch","Adrenaline+1","Dagger Spray","Dodge and Roll","Quick Slash","Glass Knife","Riddle With Holes+1","Skewer+1","Blade Dance","Finesse","Footwork","Cloak And Dagger","Poisoned Stab+1","Calculated Gamble","Backstab","Cloak And Dagger"],"relics":["Tiny House","Boot","StrikeDummy","War Paint","Matryoshka","WristBlade","Snake Skull","Smiling Mask","Pear","Orichalcum","Anchor","HornCleat"],"acts_visited":["Exordium","TheCity"],"potions_floor_usage":[0,8,16,16,23,24,33,33],"damage_taken":[{"damage":1,"enemies":"Small Slimes","floor":1,"turns":5},{"damage":9,"enemies":"Jaw Worm","floor":2,"turns":6},{"damage":2,"enemies":"Cultist","floor":3,"turns":4},{"damage":8,"enemies":"Lots of Slimes","floor":4,"turns":2},{"damage":46,"enemies":"3 Sentries","floor":6,"turns":16},{"damage":12,"enemies":"3 Sentries","floor":8,"turns":4},{"damage":7,"enemies":"Lagavulin","floor":12,"turns":4},{"damage":0,"enemies":"3 Louse","floor":13,"turns":2},{"damage":45,"enemies":"The Guardian","floor":16,"turns":11},{"damage":0,"enemies":"3 Byrds","floor":18,"turns":3},{"damage":14,"enemies":"2 Thieves","floor":19,"turns":3},{"damage":32,"enemies":"Slavers","floor":23,"turns":4},{"damage":6,"enemies":"Cultist and Chosen","floor":24,"turns":4},{"damage":14,"enemies":"Snake Plant","floor":25,"turns":3},{"damage":4,"enemies":"Snecko","floor":28,"turns":3},{"damage":12,"enemies":"Sentry and Sphere","floor":29,"turns":4},{"damage":0,"enemies":"Snake Plant","floor":30,"turns":4},{"damage":6,"enemies":"Snecko","floor":31,"turns":5},{"damage":55,"enemies":"Automaton","floor":33,"turns":10}],"seed_played":"1534454948369078058","potions_obtained":[{"floor":0,"key":"Fruit Juice"},{"floor":1,"key":"SteroidPotion"},{"floor":2,"key":"Energy Potion"},{"floor":4,"key":"Fire Potion"},{"floor":12,"key":"LiquidMemories"},{"floor":16,"key":"Energy Potion"},{"floor":24,"key":"DuplicationPotion"},{"floor":28,"key":"Energy Potion"},{"floor":29,"key":"LiquidBronze"}],"is_trial":false,"path_per_floor":["M","M","M","M","?","E","R","?","T","?","R","E","M","?","R","B",null,"M","M","?","$","T","E","M","M","T","R","M","M","M","M","R","B"],"character_chosen":"THE_SILENT","items_purchased":["Snake Skull","Finesse","Footwork"],"campfire_rested":4,"item_purchase_floors":[21,21,21],"current_hp_per_floor":[79,70,68,60,80,34,58,46,46,39,63,56,56,61,61,16,68,68,54,54,54,64,32,26,12,12,40,36,24,24,18,46,0,0],"gold":265,"neow_bonus":"BOSS_RELIC","is_daily":false,"chose_seed":false,"campfire_upgraded":1,"win_rate":0.0,"timestamp":1610941559,"path_taken":["M","M","M","M","?","E","R","?","T","?","R","E","M","?","R","BOSS","M","M","?","$","?","E","M","M","T","R","?","M","M","M","R","BOSS"],"items_purchased_type":["Relic","Card","Card"],"build_version":"2020-12-22","purchased_purges":0,"victory":false,"max_hp_per_floor":[80,80,80,80,80,80,80,80,80,80,80,80,80,85,85,85,85,85,85,85,85,95,95,95,95,95,95,95,95,95,95,95,95,95],"card_choices":[{"not_picked":["Catalyst","Prepared"],"picked":"Finisher","floor":0},{"not_picked":["Eviscerate","Poisoned Stab"],"picked":"Cloak And Dagger","floor":1},{"not_picked":["Outmaneuver","Masterful Stab"],"picked":"Dagger Spray","floor":2},{"not_picked":["Noxious Fumes","Reflex"],"picked":"Flying Knee","floor":3},{"not_picked":["Phantasmal Killer","Well Laid Plans"],"picked":"Sucker Punch","floor":4},{"not_picked":["Underhanded Strike","Dagger Throw"],"picked":"Adrenaline","floor":6},{"not_picked":["PiercingWail","Deflect"],"picked":"Dagger Spray","floor":8},{"not_picked":["Deflect","Bullet Time"],"picked":"Dodge and Roll","floor":12},{"not_picked":["Reflex","Escape Plan"],"picked":"Quick Slash","floor":13},{"not_picked":["Malaise","Night Terror"],"picked":"Glass Knife","floor":16},{"not_picked":["Terror+1","Well Laid Plans"],"picked":"Riddle With Holes+1","floor":18},{"not_picked":["Outmaneuver","Prepared"],"picked":"Skewer+1","floor":19},{"not_picked":["Bane","Quick Slash"],"picked":"Cloak And Dagger","floor":23},{"not_picked":["Deadly Poison+1","Leg Sweep"],"picked":"Poisoned Stab+1","floor":24},{"not_picked":["Endless Agony","Deflect"],"picked":"Calculated Gamble","floor":25},{"not_picked":["Terror","Eviscerate","Backflip+1"],"picked":"SKIP","floor":28},{"not_picked":["Terror","Endless Agony","Prepared"],"picked":"SKIP","floor":29},{"not_picked":["Phantasmal Killer","Dagger Throw"],"picked":"Backstab","floor":30},{"not_picked":["Bane","Quick Slash+1"],"picked":"Cloak And Dagger","floor":31}],"player_experience":461952,"relics_obtained":[{"floor":6,"key":"Boot"},{"floor":8,"key":"StrikeDummy"},{"floor":9,"key":"War Paint"},{"floor":12,"key":"Matryoshka"},{"floor":22,"key":"Smiling Mask"},{"floor":22,"key":"Pear"},{"floor":23,"key":"Orichalcum"},{"floor":26,"key":"Anchor"},{"floor":26,"key":"HornCleat"}],"event_choices":[{"damage_healed":20,"gold_gain":0,"player_choice":"Healed","damage_taken":0,"max_hp_gain":0,"max_hp_loss":0,"event_name":"The Cleric","floor":5,"gold_loss":35},{"damage_healed":0,"gold_gain":0,"player_choice":"Searched \u00271\u0027 times","damage_taken":0,"max_hp_gain":0,"max_hp_loss":0,"event_name":"Dead Adventurer","floor":8,"gold_loss":0},{"cards_removed":["Strike_G"],"damage_healed":0,"gold_gain":0,"player_choice":"Card Removal","damage_taken":7,"max_hp_gain":0,"max_hp_loss":0,"event_name":"Golden Wing","floor":10,"gold_loss":0},{"damage_healed":0,"gold_gain":0,"player_choice":"Donut","damage_taken":0,"max_hp_gain":5,"max_hp_loss":0,"event_name":"Big Fish","floor":14,"gold_loss":0},{"damage_healed":0,"gold_gain":0,"cards_transformed":["Strike_G"],"player_choice":"Transformed","damage_taken":0,"max_hp_gain":0,"max_hp_loss":0,"event_name":"Transmorgrifier","floor":20,"gold_loss":0,"cards_obtained":["Blade Dance"]}],"is_beta":false,"boss_relics":[{"not_picked":["Philosopher\u0027s Stone","Velvet Choker"],"picked":"WristBlade"}],"items_purged_floors":[],"is_endless":false,"potions_floor_spawned":[1,2,4,12,13,16,24,28,29,30,31],"killed_by":"Automaton","ascension_level":5}}