{"host":"rjfefv2ruvigm2gb","time":1610969987,"event":{"mods":["AchievementEnabler","AlwaysNeverKeys","Arknights The Spire","BaseMod","Card Forge","Curses Come First","Displayed Cursed Tome","Evolution","Fox Events","Gold Saver","Googly Eyes","HexUI Lib","Ironclad Rager","Mad Scientist","Minty Spire (QoL Compilation)","Permanent Neow","Poor People Problems","Quick Restart","Shop Mod","StS++","StSLib","SuperFastMode","The Sage","Virulent Crown"],"gold_per_floor":[115,115,115,190,208,208,243,243,243,243,269,114,128,128,128,227,227,240,252,202,222,241,269,269,299,299,299,299,326,326,359,359,461,461,471,693,693,705,725,754,754,771,771,771,619,653,653,669,669,669,669,669,222,257,257],"floor_reached":56,"language":"ENG","playtime":1961,"items_purged":[],"score":1894,"play_id":"3961d8c8-ffe2-472f-a809-c0ab24a03e48","local_time":"20210118053947","is_ascension_mode":true,"campfire_choices":[{"floor":6.0,"key":"REST"},{"floor":15.0,"key":"REST"},{"floor":24.0,"key":"REST"},{"floor":27.0,"key":"REST"},{"floor":30.0,"key":"REST"},{"floor":32.0,"key":"REST"},{"floor":41.0,"key":"REST"},{"floor":49.0,"key":"REST"},{"floor":52.0,"key":"REST"}],"circlet_count":0,"master_deck":["Limit Break+1","Slice+1","Adrenaline+1","Seeing Red+1","StSpp:Succumb+1","StSpp:Succumb+1","StSpp:Succumb+1","StSpp:Succumb+1","StSpp:Succumb+1","StSpp:Succumb+1","Flex+1","Feed+1"],"relics":["Burning Blood","Hammer of Thor","Seething Fire","Anvil of the Gods","EVO:Axolotl","Anchor","Bag of Marbles","Red Skull","Busted Crown","Mercury Hourglass","Red Mask","Prayer Wheel","MutagenicStrength","Boot","Potion Belt","StSpp:Balance","Gremlin Horn","Pantograph","StSpp:BrokenTotem","Gambling Chip","ClockworkSouvenir","Lizard Tail","Kunai"],"acts_visited":["Exordium","TheCity","TheBeyond","TheEnding"],"potions_floor_usage":[55,55,55],"damage_taken":[{"damage":0.0,"enemies":"Small Slimes","floor":1.0,"turns":2.0},{"damage":0.0,"enemies":"Cultist","floor":5.0,"turns":2.0},{"damage":8.0,"enemies":"Lagavulin","floor":7.0,"turns":5.0},{"damage":0.0,"enemies":"Gremlin Nob","floor":11.0,"turns":2.0},{"damage":0.0,"enemies":"2 Louse","floor":13.0,"turns":1.0},{"damage":36.0,"enemies":"Hexaghost","floor":16.0,"turns":5.0},{"damage":0.0,"enemies":"Shell Parasite","floor":18.0,"turns":2.0},{"damage":10.0,"enemies":"2 Thieves","floor":19.0,"turns":3.0},{"damage":14.0,"enemies":"Shelled Parasite and Fungi","floor":21.0,"turns":3.0},{"damage":10.0,"enemies":"Centurion and Healer","floor":22.0,"turns":3.0},{"damage":8.0,"enemies":"Gremlin Leader","floor":23.0,"turns":3.0},{"damage":0.0,"enemies":"Masked Bandits","floor":25.0,"turns":3.0},{"damage":5.0,"enemies":"Slavers","floor":29.0,"turns":3.0},{"damage":0.0,"enemies":"Book of Stabbing","floor":31.0,"turns":3.0},{"damage":28.0,"enemies":"Champ","floor":33.0,"turns":7.0},{"damage":5.0,"enemies":"3 Darklings","floor":35.0,"turns":3.0},{"damage":7.0,"enemies":"3 Shapes","floor":38.0,"turns":4.0},{"damage":11.0,"enemies":"Transient","floor":39.0,"turns":5.0},{"damage":9.0,"enemies":"Giant Head","floor":40.0,"turns":5.0},{"damage":0.0,"enemies":"Sphere and 2 Shapes","floor":42.0,"turns":2.0},{"damage":0.0,"enemies":"Nemesis","floor":46.0,"turns":1.0},{"damage":0.0,"enemies":"4 Shapes","floor":48.0,"turns":1.0},{"damage":0.0,"enemies":"Donu and Deca","floor":50.0,"turns":1.0},{"damage":0.0,"enemies":"Shield and Spear","floor":54.0,"turns":1.0},{"damage":133,"enemies":"The Heart","floor":55,"turns":4}],"seed_played":"-6252228321949455493","potions_obtained":[{"floor":1.0,"key":"HeartOfIron"},{"floor":5.0,"key":"Fire Potion"},{"floor":16.0,"key":"AttackPotion"},{"floor":21.0,"key":"Swift Potion"},{"floor":22.0,"key":"BlessingOfTheForge"},{"floor":23.0,"key":"Block Potion"},{"floor":25.0,"key":"SneckoOil"},{"floor":33.0,"key":"AttackPotion"},{"floor":38.0,"key":"BloodPotion"},{"floor":46.0,"key":"LiquidBronze"}],"is_trial":false,"path_per_floor":["M","?","$","?","M","R","E","?","T","$","E","$","M","?","R","B",null,"M","M","?","M","M","E","R","?","T","R","?","E","R","E","R","B",null,"M","?","?","M","M","E","R","M","T","?","$","E","$","M","R","B",null,"R","$","E","B",null],"character_chosen":"IRONCLAD","items_purchased":["CultistPotion","StSpp:BrokenTotem","ClockworkSouvenir","Lizard Tail"],"campfire_rested":9,"item_purchase_floors":[12,45,53,53],"current_hp_per_floor":[78,78,78,67,73,80,78,78,78,78,80,80,80,85,85,55,78,84,80,80,72,68,66,85,85,85,85,85,85,85,85,85,63,80,81,81,70,69,64,61,85,85,85,85,85,85,85,85,85,89,89,89,89,93,32],"gold":257,"neow_bonus":"ONE_RANDOM_RARE_CARD","is_daily":false,"chose_seed":false,"campfire_upgraded":0,"win_rate":0.0,"timestamp":1610969987,"path_taken":["M","?","?","?","M","R","E","?","T","$","E","$","M","?","R","BOSS","M","M","?","M","?","E","R","?","T","R","?","E","R","E","R","BOSS","M","?","?","M","M","E","R","M","T","?","$","E","$","?","R","BOSS","R","$","E","BOSS"],"items_purchased_type":["Potion","Relic","Relic","Relic"],"build_version":"2020-12-22","purchased_purges":0,"victory":true,"max_hp_per_floor":[80,80,80,80,80,80,80,80,80,80,80,80,80,85,85,85,85,85,85,85,85,85,85,85,85,85,85,85,85,85,85,85,85,85,85,85,85,85,85,85,85,85,85,85,85,85,85,85,85,89,89,89,89,93,93],"card_choices":[{"not_picked":["Battle Trance","StSpp:TheBiggerTheyAre","Perfected Strike"],"picked":"SKIP","floor":1.0},{"not_picked":["Anger","Heavy Blade","Bloodletting"],"picked":"SKIP","floor":5.0},{"not_picked":["Corruption","Blood for Blood","Sever Soul"],"picked":"SKIP","floor":7.0},{"not_picked":["Clash","Bloodletting","Rupture"],"picked":"SKIP","floor":11.0},{"not_picked":["Clash","Anger","Disarm"],"picked":"SKIP","floor":13.0},{"not_picked":["Wild Strike"],"picked":"SKIP","floor":18.0},{"not_picked":["Flex+1"],"picked":"SKIP","floor":19.0},{"not_picked":["Sentinel"],"picked":"SKIP","floor":21.0},{"not_picked":["StSpp:Succumb"],"picked":"SKIP","floor":22.0},{"not_picked":["Offering"],"picked":"SKIP","floor":23.0},{"not_picked":["Spot Weakness+1"],"picked":"SKIP","floor":29.0},{"not_picked":["Corruption"],"picked":"SKIP","floor":31.0},{"not_picked":["StSpp:Sprint+1"],"picked":"SKIP","floor":35.0},{"not_picked":["StSpp:TheBiggerTheyAre"],"picked":"SKIP","floor":35.0},{"not_picked":["Headbutt+1"],"picked":"SKIP","floor":38.0},{"not_picked":["Disarm"],"picked":"SKIP","floor":38.0},{"not_picked":["Ghostly Armor+1"],"picked":"SKIP","floor":39.0},{"not_picked":["Blood for Blood"],"picked":"SKIP","floor":39.0},{"not_picked":["StSpp:Sprint+1"],"picked":"SKIP","floor":40.0},{"not_picked":["StSpp:Sprint"],"picked":"SKIP","floor":42.0},{"not_picked":["Dark Embrace+1"],"picked":"SKIP","floor":42.0},{"not_picked":["Dark Embrace"],"picked":"SKIP","floor":46.0},{"not_picked":["Reckless Charge"],"picked":"SKIP","floor":48.0},{"not_picked":["Carnage+1"],"picked":"SKIP","floor":48.0},{"not_picked":["Combust+1"],"picked":"SKIP","floor":54.0}],"player_experience":986170,"relics_obtained":[{"floor":7.0,"key":"Anchor"},{"floor":9.0,"key":"Bag of Marbles"},{"floor":11.0,"key":"Red Skull"},{"floor":23.0,"key":"Mercury Hourglass"},{"floor":25.0,"key":"Red Mask"},{"floor":26.0,"key":"Prayer Wheel"},{"floor":29.0,"key":"Boot"},{"floor":31.0,"key":"Potion Belt"},{"floor":40.0,"key":"Gremlin Horn"},{"floor":43.0,"key":"Pantograph"},{"floor":46.0,"key":"Gambling Chip"},{"floor":54.0,"key":"Kunai"}],"event_choices":[{"damage_healed":0.0,"max_hp_gain":0.0,"max_hp_loss":0.0,"gold_gain":0.0,"event_name":"The Woman in Blue","player_choice":"Bought 0 Potions","floor":2.0,"gold_loss":0.0,"damage_taken":0.0},{"damage_healed":0.0,"max_hp_gain":0.0,"max_hp_loss":0.0,"gold_gain":75.0,"event_name":"World of Goop","player_choice":"Gather Gold","floor":4.0,"gold_loss":0.0,"damage_taken":11.0},{"damage_healed":0.0,"max_hp_gain":0.0,"max_hp_loss":0.0,"gold_gain":0.0,"event_name":"The Cleric","player_choice":"Leave","floor":8.0,"gold_loss":0.0,"damage_taken":0.0},{"damage_healed":0.0,"max_hp_gain":5.0,"max_hp_loss":0.0,"gold_gain":0.0,"event_name":"Big Fish","player_choice":"Donut","floor":14.0,"gold_loss":0.0,"damage_taken":0.0},{"damage_healed":0.0,"max_hp_gain":0.0,"max_hp_loss":0.0,"gold_gain":0.0,"event_name":"The Joust","player_choice":"Bet on Murderer","floor":20.0,"gold_loss":50.0,"damage_taken":0.0},{"damage_healed":0.0,"max_hp_gain":0.0,"max_hp_loss":0.0,"gold_gain":0.0,"event_name":"Masked Bandits","player_choice":"Fought Bandits","floor":25.0,"gold_loss":0.0,"damage_taken":0.0},{"damage_healed":0.0,"max_hp_gain":0.0,"max_hp_loss":0.0,"gold_gain":0.0,"event_name":"Drug Dealer","player_choice":"Inject Mutagens","floor":28.0,"gold_loss":0.0,"damage_taken":0.0,"relics_obtained":["MutagenicStrength"]},{"damage_healed":0.0,"max_hp_gain":0.0,"max_hp_loss":0.0,"gold_gain":222.0,"event_name":"Tomb of Lord Red Mask","player_choice":"Wore Mask","floor":36.0,"gold_loss":0.0,"damage_taken":0.0},{"damage_healed":0.0,"max_hp_gain":0.0,"max_hp_loss":0.0,"gold_gain":0.0,"event_name":"Winding Halls","player_choice":"Embrace Madness","floor":37.0,"gold_loss":0.0,"damage_taken":11.0,"cards_obtained":["Madness","Madness"]},{"damage_healed":0.0,"max_hp_gain":0.0,"max_hp_loss":0.0,"gold_gain":0.0,"event_name":"Duplicator","player_choice":"Ignored","floor":44.0,"gold_loss":0.0,"damage_taken":0.0}],"is_beta":false,"boss_relics":[{"not_picked":["Runic Dome","SlaversCollar"],"picked":"Busted Crown"},{"not_picked":["Velvet Choker","Sozu"],"picked":"StSpp:Balance"}],"items_purged_floors":[],"is_endless":false,"potions_floor_spawned":[1,5,16,21,22,23,25,33,38,46,48],"ascension_level":7}}