{"host":"rspt8ghchagqewrq","time":1610984300,"event":{"mods":["AchievementEnabler","BaseMod","Colored Map","Colored Powertips","Minty Spire (QoL Compilation)"],"gold_per_floor":[113,113,113,127,84,84,49,49,49,61,77,77,103,130,142,249,261,289,400,69,69,16,16,30,41,41,58,58,76,110,124,124,124,124],"floor_reached":33,"language":"FRA","playtime":2617,"items_purged":[],"score":292,"play_id":"5dc53af8-3d6f-4751-9fae-959d313256c4","local_time":"20210118163820","is_ascension_mode":false,"campfire_choices":[{"data":"Poisoned Stab","floor":6,"key":"SMITH"},{"data":"Deadly Poison","floor":8,"key":"SMITH"},{"data":"Bane","floor":15,"key":"SMITH"},{"data":"Bane","floor":23,"key":"SMITH"},{"data":"Catalyst","floor":28,"key":"SMITH"},{"floor":32,"key":"DIG"}],"circlet_count":0,"master_deck":["Strike_G+1","Strike_G","Strike_G","Strike_G","Strike_G","Defend_G","Defend_G","Defend_G","Defend_G","Survivor+1","Neutralize","Poisoned Stab+1","Deadly Poison+1","Dodge and Roll","Deflect","Bane+1","PiercingWail","Envenom","CurseOfTheBell","Slice","Masterful Stab","Parasite","Neutralize","Bane+1","Prepared","Catalyst+1","Slice","Deadly Poison","Bane","Endless Agony"],"relics":["Ring of the Snake","Snake Skull","Mercury Hourglass","Meat on the Bone","MawBank","Calling Bell","Bag of Marbles","Eternal Feather","Tingsha","Gambling Chip","Girya","Shovel","HornCleat"],"acts_visited":["Exordium","TheCity"],"potions_floor_usage":[13,16,33],"damage_taken":[{"damage":0,"enemies":"2 Louse","floor":1,"turns":5},{"damage":0,"enemies":"Small Slimes","floor":4,"turns":2},{"damage":0,"enemies":"Jaw Worm","floor":10,"turns":2},{"damage":2,"enemies":"Exordium Wildlife","floor":11,"turns":4},{"damage":4,"enemies":"Lagavulin","floor":13,"turns":5},{"damage":2,"enemies":"Large Slime","floor":14,"turns":4},{"damage":19,"enemies":"The Guardian","floor":16,"turns":13},{"damage":14,"enemies":"2 Thieves","floor":18,"turns":4},{"damage":0,"enemies":"3 Byrds","floor":24,"turns":3},{"damage":0,"enemies":"Snecko","floor":25,"turns":2},{"damage":0,"enemies":"Snake Plant","floor":27,"turns":2},{"damage":3,"enemies":"Cultist and Chosen","floor":29,"turns":4},{"damage":0,"enemies":"Gremlin Leader","floor":30,"turns":4},{"damage":14,"enemies":"Centurion and Healer","floor":31,"turns":5},{"damage":102,"enemies":"Automaton","floor":33,"turns":8}],"seed_played":"4817116400320222167","potions_obtained":[{"floor":4,"key":"EssenceOfSteel"},{"floor":10,"key":"ColorlessPotion"},{"floor":11,"key":"SteroidPotion"},{"floor":16,"key":"Regen Potion"},{"floor":25,"key":"SkillPotion"},{"floor":27,"key":"Energy Potion"},{"floor":30,"key":"FairyPotion"}],"is_trial":false,"path_per_floor":["M","?","?","M","?","R","?","R","T","M","M","T","E","M","R","B",null,"M","?","$","?","$","R","M","M","T","M","R","M","E","M","R","B"],"character_chosen":"THE_SILENT","items_purchased":["Masterful Stab","Gambling Chip","Bane"],"campfire_rested":0,"item_purchase_floors":[20,20,22],"current_hp_per_floor":[70,63,49,49,49,49,66,66,66,66,64,64,60,58,58,39,70,56,56,56,56,56,68,68,68,68,68,70,67,67,53,70,0,0],"gold":124,"neow_bonus":"RANDOM_COMMON_RELIC","is_daily":false,"chose_seed":false,"campfire_upgraded":5,"win_rate":0.0,"timestamp":1610984300,"path_taken":["M","?","?","M","?","R","?","R","T","M","?","?","E","M","R","BOSS","M","?","$","?","$","R","M","?","T","M","R","M","E","M","R","BOSS"],"items_purchased_type":["Card","Relic","Card"],"build_version":"2020-12-22","purchased_purges":0,"victory":false,"max_hp_per_floor":[70,70,70,70,70,70,70,70,70,70,70,70,70,70,70,70,70,70,70,70,70,70,70,70,70,70,70,70,70,70,70,70,70,70],"card_choices":[{"not_picked":["Sucker Punch","Prepared"],"picked":"Poisoned Stab","floor":1},{"not_picked":["Flechettes","Acrobatics"],"picked":"Deadly Poison","floor":4},{"not_picked":["Flying Knee","Dagger Throw"],"picked":"Dodge and Roll","floor":10},{"not_picked":["Infinite Blades","Dodge and Roll"],"picked":"Deflect","floor":11},{"not_picked":["Bullet Time","Well Laid Plans"],"picked":"Bane","floor":13},{"not_picked":["Blade Dance","Deadly Poison"],"picked":"PiercingWail","floor":14},{"not_picked":["Wraith Form v2","Die Die Die"],"picked":"Envenom","floor":16},{"not_picked":["Flying Knee+1","Distraction"],"picked":"Slice","floor":18},{"not_picked":["Sucker Punch","Dagger Spray"],"picked":"Prepared","floor":24},{"not_picked":["Blur","Quick Slash+1"],"picked":"Catalyst","floor":25},{"not_picked":["Skewer+1","Deflect"],"picked":"Slice","floor":27},{"not_picked":["Dagger Throw+1","PiercingWail+1"],"picked":"Deadly Poison","floor":29},{"not_picked":["Dodge and Roll+1","PiercingWail"],"picked":"Bane","floor":30},{"not_picked":["Wraith Form v2","Dagger Spray"],"picked":"Endless Agony","floor":31}],"player_experience":46253,"relics_obtained":[{"floor":9,"key":"Mercury Hourglass"},{"floor":12,"key":"Meat on the Bone"},{"floor":13,"key":"MawBank"},{"floor":17,"key":"Bag of Marbles"},{"floor":17,"key":"Eternal Feather"},{"floor":17,"key":"Tingsha"},{"floor":26,"key":"Girya"},{"floor":30,"key":"Shovel"},{"floor":32,"key":"HornCleat"}],"event_choices":[{"cards_removed":["Defend_G"],"damage_healed":0,"gold_gain":0,"player_choice":"Card Removal","damage_taken":7,"max_hp_gain":0,"max_hp_loss":0,"event_name":"Golden Wing","floor":2,"gold_loss":0},{"damage_healed":0,"gold_gain":0,"player_choice":"Entered Light","damage_taken":14,"max_hp_gain":0,"max_hp_loss":0,"event_name":"Shining Light","floor":3,"gold_loss":0,"cards_upgraded":["Survivor","Strike_G"]},{"damage_healed":0,"gold_gain":0,"player_choice":"Left Gold","damage_taken":0,"max_hp_gain":0,"max_hp_loss":0,"event_name":"World of Goop","floor":5,"gold_loss":43},{"damage_healed":17,"gold_gain":0,"player_choice":"Healed","damage_taken":0,"max_hp_gain":0,"max_hp_loss":0,"event_name":"The Cleric","floor":7,"gold_loss":35},{"damage_healed":0,"gold_gain":99,"player_choice":"Stole From Cult","damage_taken":0,"max_hp_gain":0,"max_hp_loss":0,"event_name":"Nest","floor":19,"gold_loss":0},{"damage_healed":0,"gold_gain":0,"player_choice":"2 cards matched","damage_taken":0,"max_hp_gain":0,"max_hp_loss":0,"event_name":"Match and Keep!","floor":21,"gold_loss":0,"cards_obtained":["Parasite","Neutralize"]}],"is_beta":false,"boss_relics":[{"not_picked":["Runic Pyramid","SacredBark"],"picked":"Calling Bell"}],"items_purged_floors":[],"is_endless":false,"potions_floor_spawned":[4,10,11,16,25,27,30,31],"killed_by":"Automaton","ascension_level":0}}