{"host":"vm8b3ptwl81uq21f","time":1610949113,"event":{"mods":["Aspiration","BaseMod","BetterRewards","Colored Map","Colored Powertips","GifTheSpireLib","Googly Eyes","GungeonMod","Halation","Hubris","Infinite Spire","Minty Spire (QoL Compilation)","Quick Restart","Rare Cards Sparkle","Replay The Spire","Shop Mod","Spicy Shops","StSLib","Stuff the Spire","The IronCluck","[IsaacMod]????"],"gold_per_floor":[169,192,242,262,33,66,66,105,105,105,123,123,123,123,123,201,201,221,259,279,303,322,322,362,362,362,362,380,406,431,444,459,459,459,535,535,552,570,128,128,128,158,198,198,225,241,241,22,22,35,35,35],"floor_reached":53,"language":"ENG","playtime":2081,"items_purged":["DemoMod:RustySidearm","DemoMod:Strike_Huntress","DemoMod:Strike_Huntress","DemoMod:Strike_Huntress"],"score":1868,"play_id":"df845a67-c64b-40fb-952f-eecf365a2582","local_time":"20210118005153","is_ascension_mode":true,"campfire_choices":[{"data":"DemoMod:FeignSurrender","floor":7,"key":"SMITH"},{"data":"DemoMod:FeignSurrender","floor":12,"key":"SMITH"},{"data":"DemoMod:ManualReload","floor":15,"key":"PURGE"},{"data":"DemoMod:StrategicReserve","floor":23,"key":"SMITH"},{"data":"DemoMod:Replace","floor":25,"key":"SMITH"},{"data":"DemoMod:BoxingGlove","floor":27,"key":"SMITH"},{"data":"DemoMod:Unmoved","floor":33,"key":"SMITH"},{"data":"DemoMod:HardPowerCard","floor":49,"key":"SMITH"},{"data":"DemoMod:Roll","floor":51,"key":"SMITH"}],"circlet_count":0,"master_deck":["AscendersBane","DemoMod:ManualReload+1","DemoMod:Defend_Huntress+1","DemoMod:Defend_Huntress","DemoMod:Roll+1","DemoMod:FeignSurrender+1","DemoMod:FeignSurrender+1","DemoMod:StrategicReserve+1","DemoMod:FastSwitch+1","DemoMod:Replace+1","DemoMod:BoxingGlove+1","DemoMod:HardPowerCard+1","DemoMod:AWP+1","DemoMod:Unmoved+1","DemoMod:GunstockTap+1","DemoMod:CursedBullets+1","infinitespire:TheBestDefense"],"relics":["DemoMod:Dog","HushsDoor","DeadEye","MerchantsRug","Bag of Marbles","infinitespire:Broken Mirror","hubris:64BitClover","DemoMod:SerJunkan","Anchor","DemoMod:Junk","DemoMod:GlassGuonStoneRelic","infinitespire:PuzzleCube","StuffTheSpire:MayFlowers","Ring of Chaos","DemoMod:RatBoots","DemoMod:ResourcefulSack","DemoMod:PartiallyEatenCheese","hubris:VirtuousBlindfold","infinitespire:Golems Mask","infinitespire:CursedDice","Nunchaku","Replay:Baseball","StuffTheSpire:Expresso"],"acts_visited":["Exordium","TheCity","DemoMod:Maze","TheBeyond"],"potions_floor_usage":[8,8,35,52,52],"damage_taken":[{"damage":0,"enemies":"2 Louse","floor":1,"turns":2},{"damage":0,"enemies":"Cultist","floor":2,"turns":2},{"damage":2,"enemies":"Hiden Room Battle","floor":3,"turns":3},{"damage":0,"enemies":"infinitespire:Voidling","floor":4,"turns":3},{"damage":0,"enemies":"Replay:BlueRogue","floor":6,"turns":3},{"damage":0,"enemies":"Gremlin Nob","floor":8,"turns":2},{"damage":0,"enemies":"Large Slime","floor":11,"turns":2},{"damage":0,"enemies":"The Guardian","floor":16,"turns":8},{"damage":0,"enemies":"Spheric Guardian","floor":18,"turns":2},{"damage":0,"enemies":"2 Thieves","floor":19,"turns":1},{"damage":0,"enemies":"3 Cultists","floor":20,"turns":3},{"damage":0,"enemies":"Shelled Parasite and Fungi","floor":21,"turns":1},{"damage":0,"enemies":"Snake Plant","floor":22,"turns":2},{"damage":0,"enemies":"Gremlin Leader","floor":24,"turns":1},{"damage":0,"enemies":"DemoMod:Veteran_shot_gun_kin_and_bullet_kin","floor":28,"turns":2},{"damage":0,"enemies":"DemoMod:4_Bullet_Kins_with_one_veteran","floor":29,"turns":2},{"damage":0,"enemies":"DemoMod:Red_and_blue_shotgun_kin_with_gunsinger","floor":30,"turns":2},{"damage":0,"enemies":"DemoMod:2_Mousers","floor":31,"turns":2},{"damage":0,"enemies":"DemoMod:Veteran_shot_gun_kin_and_red_shotgun_kin_with_gunsinger","floor":32,"turns":1},{"damage":0,"enemies":"DemoMod:ResourcefulRat","floor":35,"turns":6},{"damage":0,"enemies":"3 Darklings","floor":37,"turns":1},{"damage":0,"enemies":"3 Shapes","floor":38,"turns":1},{"damage":0,"enemies":"Nemesis","floor":42,"turns":1},{"damage":0,"enemies":"Transient","floor":43,"turns":2},{"damage":0,"enemies":"Transient","floor":46,"turns":2},{"damage":0,"enemies":"4 Shapes","floor":50,"turns":1},{"damage":0,"enemies":"hubris:GrandSnecko","floor":52,"turns":2}],"seed_played":"-8484062956000834029","potions_obtained":[{"floor":1,"key":"DistilledChaos"},{"floor":8,"key":"SpeedPotion"},{"floor":18,"key":"Weak Potion"},{"floor":22,"key":"Strength Potion"},{"floor":42,"key":"Energy Potion"}],"is_trial":false,"path_per_floor":["M","M","?","M","$","E","R","E","T","?","M","R","$","?","R_BF","B",null,"M","M","M","M","M","R","E","R","T","R","M","M","M","M","M","R","B","B",null,"M","M","$","?","?","E","?","?","T","M","?","$","R","M","R","B",null],"character_chosen":"HUNTRESS","items_purchased":["MerchantsRug","halation:NonexistentMirror","Bag of Marbles","infinitespire:Broken Mirror","Blue Doll","DemoMod:SerJunkan","DemoMod:FeignSurrender","hubris:TenFootPole","DemoMod:Casey+1","Anchor","DemoMod:GnawedKey","Omamori","DemoMod:StrategicReserve","SteroidPotion","War Paint","infinitespire:PuzzleCube","infinitespire:Golems Mask","Lee\u0027s Waffle","Replay:Baseball","StuffTheSpire:Expresso"],"campfire_rested":0,"item_purchase_floors":[0,0,0,0,0,0,0,0,0,0,0,0,0,0,5,5,39,39,48,48],"current_hp_per_floor":[21,21,19,19,19,19,19,19,19,19,19,19,19,19,19,25,50,50,50,50,50,50,50,50,50,56,56,56,56,56,56,56,56,56,58,58,58,58,65,57,57,57,57,57,57,57,62,62,62,62,62,62],"gold":35,"neow_bonus":"","is_daily":false,"chose_seed":false,"campfire_upgraded":8,"win_rate":0.0,"timestamp":1610949113,"path_taken":["M","M","?","?","$","E","R","E","T","?","M","R","$","?","R_BF","BOSS","M","M","M","M","M","R","E","R","T","R","M","M","M","M","M","R","BOSS","BOSS","M","M","$","?","?","E","?","?","T","?","?","?","R","M","R","BOSS"],"items_purchased_type":["Relic","Relic","Relic","Relic","Relic","Relic","Card","Relic","Card","Relic","Relic","Relic","Card","Potion","Relic","Relic","Relic","Relic","Relic","Relic"],"build_version":"2020-12-22","purchased_purges":4,"victory":true,"max_hp_per_floor":[63,63,63,63,63,63,63,63,63,63,63,63,63,63,63,63,58,58,58,58,58,58,58,58,58,58,58,58,58,58,58,58,58,58,58,58,58,58,65,65,65,65,65,65,65,65,65,65,65,65,65,65],"card_choices":[{"not_picked":[],"picked":"Bomb","floor":0},{"not_picked":["DemoMod:MachoBrace","DemoMod:CombinedRifle","DemoMod:TeaPot"],"picked":"SKIP","floor":1},{"not_picked":["DemoMod:GunShield","DemoMod:HuntsMan","DemoMod:StrategicReserve"],"picked":"SKIP","floor":2},{"not_picked":["DemoMod:AbyssalTentacle","DemoMod:AC15"],"picked":"DemoMod:FastSwitch","floor":3},{"not_picked":["DemoMod:HungryBullets","DemoMod:PotionOfGunFriendShip","DemoMod:JK47"],"picked":"SKIP","floor":4},{"not_picked":["DemoMod:DarkMarker","DemoMod:ChanceBullets"],"picked":"DemoMod:Purify","floor":6},{"not_picked":["DemoMod:SAA","DemoMod:Unmoved","DemoMod:BoxingGlove"],"picked":"SKIP","floor":8},{"not_picked":["DemoMod:JK47","DemoMod:MachoBrace"],"picked":"DemoMod:Replace","floor":11},{"not_picked":["DemoMod:MachoBrace","DemoMod:JK47","DemoMod:AC15"],"picked":"SKIP","floor":18},{"not_picked":["DemoMod:Replace","DemoMod:Unity"],"picked":"DemoMod:BoxingGlove","floor":19},{"not_picked":["DemoMod:FortunesFavor","DemoMod:SkilledReload"],"picked":"DemoMod:HardPowerCard","floor":20},{"not_picked":["DemoMod:ZorGun","DemoMod:CursedBullets","DemoMod:Replace"],"picked":"SKIP","floor":21},{"not_picked":["DemoMod:ZorGun","DemoMod:CursedBullets","DemoMod:Replace"],"picked":"SKIP","floor":21},{"not_picked":["DemoMod:TableSutra","DemoMod:DoubleSwitch"],"picked":"DemoMod:Purify","floor":22},{"not_picked":["DemoMod:FightSabre","DemoMod:EasyReloadBullets","DemoMod:ThirdPartyController"],"picked":"SKIP","floor":24},{"not_picked":["DemoMod:TableSutra","DemoMod:FastSwitch"],"picked":"DemoMod:AWP+1","floor":28},{"not_picked":["DemoMod:ShadowBullets","DemoMod:StickyCrossBow"],"picked":"DemoMod:Unmoved","floor":29},{"not_picked":["DemoMod:RadGun+1","DemoMod:EasyReloadBullets+1"],"picked":"DemoMod:GunstockTap+1","floor":30},{"not_picked":["DemoMod:PotionOfGunFriendShip","DemoMod:Casey","DemoMod:CombinedRifle"],"picked":"SKIP","floor":31},{"not_picked":["DemoMod:MachoBrace+1","DemoMod:FinishedGun"],"picked":"DemoMod:CursedBullets+1","floor":32},{"not_picked":["hubris:SlightOfHand+1","DemoMod:TeaPot","DemoMod:HighKaliber+1","DemoMod:DirectionalPad"],"picked":"SKIP","floor":37},{"not_picked":["Acrobatics","DemoMod:SAA+1","Draining Mist","Venomology"],"picked":"SKIP","floor":38},{"not_picked":["Replay:Fractal Strike","infinitespire:FinalStrike"],"picked":"infinitespire:TheBestDefense","floor":40},{"not_picked":["DemoMod:BoxingGlove+1","Dodge and Roll","ReplayTheSpireMod:From All Sides","Glass Knife"],"picked":"SKIP","floor":42},{"not_picked":["Dagger Throw+1","DemoMod:ConditionalReflex","Acrobatics","Well Laid Plans"],"picked":"SKIP","floor":43},{"not_picked":["Infinite Blades","DemoMod:Ejector","Noxious Fumes+1","DemoMod:PotionOfGunFriendShip"],"picked":"SKIP","floor":46},{"not_picked":["Calculated Gamble","StuffTheSpire:Incantation+1","Riddle With Holes"],"picked":"SKIP","floor":50}],"player_experience":362428,"relics_obtained":[{"floor":3,"key":"DemoMod:Junk"},{"floor":3,"key":"DemoMod:Junk"},{"floor":6,"key":"DemoMod:Junk"},{"floor":8,"key":"DemoMod:Junk"},{"floor":9,"key":"StuffTheSpire:MayFlowers"},{"floor":19,"key":"DemoMod:Junk"},{"floor":24,"key":"DemoMod:Junk"},{"floor":31,"key":"DemoMod:Junk"},{"floor":31,"key":"DemoMod:Junk"},{"floor":36,"key":"DemoMod:RatBoots"},{"floor":36,"key":"DemoMod:ResourcefulSack"},{"floor":36,"key":"DemoMod:PartiallyEatenCheese"},{"floor":36,"key":"aspiration:SilentSkillbook"},{"floor":36,"key":"hubris:VirtuousBlindfold"},{"floor":42,"key":"DemoMod:Junk"},{"floor":43,"key":"infinitespire:CursedDice"},{"floor":45,"key":"Nunchaku"}],"event_choices":[{"damage_healed":0,"gold_gain":0,"player_choice":"Fight","damage_taken":0,"max_hp_gain":0,"max_hp_loss":0,"event_name":"HidenRoomEvent","floor":3,"gold_loss":0},{"damage_healed":0,"gold_gain":0,"player_choice":"Ignored","damage_taken":0,"max_hp_gain":0,"max_hp_loss":0,"event_name":"Shining Light","floor":14,"gold_loss":0},{"cards_removed":["DemoMod:Casey"],"damage_healed":0,"gold_gain":0,"player_choice":"Purged","damage_taken":0,"max_hp_gain":0,"max_hp_loss":0,"event_name":"Purifier","floor":44,"gold_loss":0},{"cards_removed":["DemoMod:Casey"],"damage_healed":5,"gold_gain":0,"player_choice":"Offered Common","damage_taken":0,"max_hp_gain":0,"max_hp_loss":0,"event_name":"Bonfire Elementals","floor":47,"gold_loss":0},{"cards_removed":["DemoMod:Casey"],"damage_healed":5,"gold_gain":0,"player_choice":"Offered Special","damage_taken":0,"max_hp_gain":0,"max_hp_loss":0,"event_name":"Bonfire Elementals","floor":47,"gold_loss":0}],"is_beta":false,"boss_relics":[{"not_picked":["halation:SmartPhone","Tiny House"],"picked":"Ring of Chaos"},{"not_picked":[]},{"not_picked":[]}],"items_purged_floors":[0,0,0,17],"is_endless":false,"potions_floor_spawned":[1,3,8,18,21,22,30,32,42,50],"ascension_level":15}}