{"host":"oehe2dxjvdgux73m","time":1610950329,"event":{"mods":["AchievementEnabler","BaseMod","Colored Map","Colored Powertips","DeckTracker","Keyboard Shortcuts","Minty Spire (QoL Compilation)","Permanent Neow","Quick Restart","StSLib","SuperFastMode"],"gold_per_floor":[115,133,58,58,70,70,99,116,116,116,132,132,148,180,180,256,256,272,272,288,308,131,131,145,244,244,244,244,258,293,306,306,306,306],"floor_reached":33,"language":"KOR","playtime":831,"items_purged":["Strike_R","Strike_R"],"score":474,"play_id":"abb883e1-09c3-41d4-a2ec-99f7363bdb14","local_time":"20210118151209","is_ascension_mode":true,"campfire_choices":[{"floor":6.0,"key":"REST"},{"data":"Immolate","floor":12.0,"key":"SMITH"},{"data":"Uppercut","floor":15.0,"key":"SMITH"},{"data":"Pommel Strike","floor":23.0,"key":"SMITH"},{"data":"Dark Embrace","floor":27.0,"key":"SMITH"},{"data":"True Grit","floor":32,"key":"SMITH"}],"circlet_count":0,"master_deck":["AscendersBane","Strike_R","Strike_R","Strike_R","Defend_R","Defend_R","Defend_R","Defend_R","Bash","Panacea","Pommel Strike+1","Wild Strike","Immolate+1","Seeing Red","Uppercut+1","Exhume","Second Wind","Body Slam+1","Dark Embrace+1","Headbutt","True Grit+1","Power Through","Shrug It Off"],"relics":["Burning Blood","Happy Flower","Matryoshka","Bag of Preparation","Darkstone Periapt","Eternal Feather","Mark of Pain","Red Skull","Incense Burner","Bottled Flame"],"acts_visited":["Exordium","TheCity"],"potions_floor_usage":[33,33],"damage_taken":[{"damage":10.0,"enemies":"2 Louse","floor":1.0,"turns":4.0},{"damage":13.0,"enemies":"Jaw Worm","floor":2.0,"turns":4.0},{"damage":0.0,"enemies":"Small Slimes","floor":5.0,"turns":3.0},{"damage":28.0,"enemies":"Gremlin Nob","floor":7.0,"turns":4.0},{"damage":8.0,"enemies":"Blue Slaver","floor":8.0,"turns":2.0},{"damage":7.0,"enemies":"Looter","floor":11.0,"turns":3.0},{"damage":6.0,"enemies":"Exordium Wildlife","floor":13.0,"turns":3.0},{"damage":27.0,"enemies":"Lagavulin","floor":14.0,"turns":5.0},{"damage":2.0,"enemies":"Slime Boss","floor":16.0,"turns":7.0},{"damage":22.0,"enemies":"Shell Parasite","floor":18.0,"turns":4.0},{"damage":3.0,"enemies":"Chosen","floor":20.0,"turns":3.0},{"damage":15.0,"enemies":"Snecko","floor":21.0,"turns":4.0},{"damage":23.0,"enemies":"Snake Plant","floor":24.0,"turns":3.0},{"damage":10.0,"enemies":"Chosen and Byrds","floor":29.0,"turns":5.0},{"damage":28.0,"enemies":"Slavers","floor":30.0,"turns":5.0},{"damage":0,"enemies":"Snecko","floor":31,"turns":3},{"damage":39,"enemies":"Collector","floor":33,"turns":13}],"seed_played":"-2794734620410156973","potions_obtained":[{"floor":1.0,"key":"SkillPotion"},{"floor":5.0,"key":"Ancient Potion"},{"floor":11.0,"key":"EssenceOfSteel"},{"floor":13.0,"key":"Strength Potion"},{"floor":18.0,"key":"FearPotion"},{"floor":29.0,"key":"Dexterity Potion"},{"floor":31,"key":"Block Potion"}],"is_trial":false,"path_per_floor":["M","M","$","?","M","R","E","M","T","?","M","R","M","E","R","B",null,"M","?","M","M","$","R","M","?","T","R","?","M","E","M","R","B"],"character_chosen":"IRONCLAD","items_purchased":["Dark Embrace"],"campfire_rested":1,"item_purchase_floors":[22],"current_hp_per_floor":[64,57,57,24,30,52,30,28,28,53,52,52,52,31,40,44,67,51,51,54,45,45,54,37,37,37,49,49,45,23,29,41,2,2],"gold":306,"neow_bonus":"RANDOM_COLORLESS","is_daily":false,"chose_seed":false,"campfire_upgraded":5,"win_rate":0.0,"timestamp":1610950329,"path_taken":["M","M","$","?","M","R","E","M","T","?","M","R","M","E","R","BOSS","M","?","M","M","$","R","M","?","T","R","?","M","E","M","R","BOSS"],"items_purchased_type":["Card"],"build_version":"2020-12-22","purchased_purges":2,"victory":false,"max_hp_per_floor":[75,75,75,75,75,75,75,75,75,75,75,75,75,75,75,75,75,75,75,75,75,75,75,75,75,75,75,75,75,75,75,75,75,75],"card_choices":[{"not_picked":["Discovery","Deep Breath"],"picked":"Panacea","floor":0.0},{"not_picked":["Thunderclap","Dual Wield"],"picked":"Pommel Strike","floor":1.0},{"not_picked":["Havoc","Armaments"],"picked":"Wild Strike","floor":2.0},{"not_picked":["Evolve","Reckless Charge","Dark Embrace"],"picked":"SKIP","floor":5.0},{"not_picked":["Clothesline","Rage"],"picked":"Immolate","floor":7.0},{"not_picked":["Havoc","Twin Strike","Perfected Strike"],"picked":"SKIP","floor":8.0},{"not_picked":["True Grit","Heavy Blade"],"picked":"Seeing Red","floor":11.0},{"not_picked":["Clash","Iron Wave"],"picked":"Uppercut","floor":13.0},{"not_picked":["Warcry","Havoc","Sever Soul"],"picked":"SKIP","floor":14.0},{"not_picked":["Demon Form","Juggernaut"],"picked":"Exhume","floor":16.0},{"not_picked":["Twin Strike","Sentinel","Sword Boomerang"],"picked":"SKIP","floor":18.0},{"not_picked":["Clothesline","Clash"],"picked":"Body Slam+1","floor":20.0},{"not_picked":["Clash+1","Cleave","Limit Break"],"picked":"SKIP","floor":21.0},{"not_picked":["Pommel Strike","Thunderclap+1"],"picked":"Headbutt","floor":24.0},{"not_picked":["Searing Blow+1","Heavy Blade"],"picked":"True Grit","floor":29.0},{"not_picked":["Carnage+1","Headbutt"],"picked":"Power Through","floor":30},{"not_picked":["Spot Weakness","Clash"],"picked":"Shrug It Off","floor":31}],"player_experience":278247,"relics_obtained":[{"floor":7.0,"key":"Matryoshka"},{"floor":9.0,"key":"Bag of Preparation"},{"floor":9.0,"key":"Darkstone Periapt"},{"floor":14.0,"key":"Eternal Feather"},{"floor":26.0,"key":"Red Skull"},{"floor":26.0,"key":"Incense Burner"},{"floor":30,"key":"Bottled Flame"}],"event_choices":[{"damage_healed":0.0,"max_hp_gain":0.0,"max_hp_loss":0.0,"gold_gain":0.0,"event_name":"Scrap Ooze","player_choice":"Success","floor":4.0,"gold_loss":0.0,"damage_taken":33.0,"relics_obtained":["Happy Flower"]},{"damage_healed":25.0,"max_hp_gain":0.0,"max_hp_loss":0.0,"gold_gain":0.0,"event_name":"Big Fish","player_choice":"Banana","floor":10.0,"gold_loss":0.0,"damage_taken":0.0},{"damage_healed":0.0,"max_hp_gain":0.0,"max_hp_loss":0.0,"gold_gain":0.0,"event_name":"The Library","player_choice":"Read","floor":19.0,"gold_loss":0.0,"damage_taken":0.0,"cards_obtained":["Second Wind"]},{"damage_healed":0.0,"max_hp_gain":0.0,"max_hp_loss":0.0,"gold_gain":99.0,"event_name":"Nest","player_choice":"Stole From Cult","floor":25.0,"gold_loss":0.0,"damage_taken":0.0},{"damage_healed":0.0,"max_hp_gain":0.0,"max_hp_loss":0.0,"gold_gain":0.0,"event_name":"The Mausoleum","player_choice":"Ignored","floor":28.0,"gold_loss":0.0,"damage_taken":0.0}],"is_beta":false,"boss_relics":[{"not_picked":["Calling Bell","Runic Cube"],"picked":"Mark of Pain"}],"items_purged_floors":[3,22],"is_endless":false,"potions_floor_spawned":[1,5,11,13,16,18,29,31],"killed_by":"Collector","ascension_level":14}}