{"host":"7yx2g6m5jzlw8cjb","time":1610960494,"event":{"mods":["BaseMod","Downfall","Minty Spire (QoL Compilation)","Quick Restart","StSLib"],"gold_per_floor":[99,99,84,84,84,84,84,104,122,122,149,160,160,145,162,258,258,258,276,376,387,387,387,387,387,59,59,59,92,43,43,62,165,165,65,78,78,102,122,22,22,22,48,48,62,62,112,112,126,126],"floor_reached":51,"language":"ZHS","playtime":3177,"items_purged":["downfall:Haunted"],"score":802,"play_id":"06fb92c5-81c8-481f-9257-18a5ee19bcfb","local_time":"20210118170134","is_ascension_mode":false,"campfire_choices":[{"data":"Guardian:BodySlam","floor":1.0,"key":"SMITH"},{"data":"Guardian:PrismaticBarrier","floor":13.0,"key":"SMITH"},{"data":"Guardian:TwinSlam","floor":18.0,"key":"SMITH"},{"data":"Guardian:PolyBeam","floor":35,"key":"SMITH"},{"data":"Guardian:Defend_Guardian","floor":40,"key":"SMITH"}],"circlet_count":0,"master_deck":["Guardian:Strike_Guardian","Guardian:Defend_Guardian+1","Guardian:Defend_Guardian+1","Guardian:CurlUp+1","Guardian:TwinSlam+1","Guardian:BodySlam+1","Guardian:PrismaticBarrier+1","Guardian:StasisStrike+1","Guardian:PiercingHide+1","Guardian:TemporalStrike","Guardian:CrystalBeam+1","Regret","Clumsy","Guardian:Repulse+1","downfall:Icky","Guardian:PolyBeam+1","Guardian:FloatingOrbs","Guardian:PiercingHide+1","Guardian:CrystalBeam+1","Guardian:TemporalShield+1","Guardian:DonusPower+1"],"relics":["Guardian:ModeShifter","Guardian:PickAxe","Juzu Bracelet","Toxic Egg 2","Guardian:StasisSlotReductionRelic","Du-Vu Doll","NlothsMask","Pear","Meat on the Bone","downfall:RedIOU","Blue Candle","Thread and Needle","Philosopher\u0027s Stone","downfall:HeartBlessingGreen","downfall:HeartBlessingBlue","Bottled Lightning","War Paint","Lizard Tail","Ancient Tea Set"],"acts_visited":["Exordium","TheCity","TheBeyond"],"potions_floor_usage":[29,33,43,50],"damage_taken":[{"damage":12.0,"enemies":"DF_ARCHETYPE_STREAMLINE","floor":2.0,"turns":5.0},{"damage":0.0,"enemies":"downfall:FleeingMerchant","floor":3.0,"turns":4.0},{"damage":0.0,"enemies":"2 Louse","floor":8.0,"turns":3.0},{"damage":8.0,"enemies":"Jaw Worm","floor":9.0,"turns":4.0},{"damage":0.0,"enemies":"Small Slimes","floor":12.0,"turns":3.0},{"damage":3.0,"enemies":"downfall:FleeingMerchant","floor":14.0,"turns":4.0},{"damage":8.0,"enemies":"Exordium Thugs","floor":15.0,"turns":3.0},{"damage":3.0,"enemies":"IC_STATUS_ARCHETYPE","floor":16.0,"turns":6.0},{"damage":0.0,"enemies":"Shell Parasite","floor":19.0,"turns":2.0},{"damage":0.0,"enemies":"3 Byrds","floor":21.0,"turns":3.0},{"damage":2.0,"enemies":"downfall:FleeingMerchant","floor":26.0,"turns":4.0},{"damage":26,"enemies":"Slavers","floor":29,"turns":3},{"damage":1,"enemies":"downfall:FleeingMerchant","floor":30,"turns":2},{"damage":12,"enemies":"Centurion and Healer","floor":32,"turns":3},{"damage":0,"enemies":"WA_ARCHETYPE_CALM","floor":33,"turns":5},{"damage":0,"enemies":"3 Shapes","floor":36,"turns":3},{"damage":7,"enemies":"3 Darklings","floor":39,"turns":5},{"damage":31,"enemies":"Nemesis","floor":43,"turns":4},{"damage":1,"enemies":"Maw","floor":45,"turns":5},{"damage":11,"enemies":"Maw","floor":47,"turns":5},{"damage":0,"enemies":"Jaw Worm Horde","floor":49,"turns":3},{"damage":26,"enemies":"SI_POISON_ARCHETYPE","floor":50,"turns":4}],"seed_played":"-8321868241268953095","potions_obtained":[{"floor":15.0,"key":"SpeedPotion"},{"floor":16.0,"key":"Strength Potion"},{"floor":21.0,"key":"FairyPotion"},{"floor":33,"key":"Weak Potion"},{"floor":47,"key":"FearPotion"}],"is_trial":false,"path_per_floor":["R","?","$","?","?","?","T","M","M","R","T","M","R","$","M","B",null,"R","M","?","M","?","?","T","T","$","?","?","E","$","?","M","B",null,"R","M","?","?","M","R","T","$","E","$","M","?","?","T","M","B",null],"character_chosen":"GUARDIAN","items_purchased":["Meat on the Bone","Thread and Needle","Guardian:FloatingOrbs","SteroidPotion"],"campfire_rested":0,"item_purchase_floors":[26,30,30,30],"current_hp_per_floor":[56,44,44,37,37,37,37,37,29,29,29,29,29,26,18,15,80,80,80,80,80,80,80,80,90,88,88,70,56,55,55,55,55,95,95,95,95,95,88,98,98,98,67,67,66,105,94,94,94,68],"gold":126,"neow_bonus":"TRANSFORM_TWO_CARDS","is_daily":false,"chose_seed":false,"campfire_upgraded":5,"win_rate":0.0,"timestamp":1610960494,"path_taken":["R","?","$","?","?","?","T","M","M","R","?","M","R","$","M","BOSS","R","M","?","M","?","?","T","?","$","?","?","E","$","?","M","BOSS","R","M","?","?","M","R","T","$","E","?","M","?","?","?","M","BOSS"],"items_purchased_type":["Relic","Relic","Card","Potion"],"build_version":"2020-12-22","purchased_purges":1,"victory":true,"max_hp_per_floor":[80,80,80,80,80,80,80,80,80,80,80,80,80,80,80,80,80,80,80,80,80,80,80,80,90,90,90,95,95,95,95,95,95,95,95,95,95,95,95,105,105,105,105,105,105,105,105,105,105,105],"card_choices":[{"not_picked":["Guardian:Gem_Lightblue","Guardian:Clone"],"picked":"Guardian:PrismaticBarrier","floor":3.0},{"not_picked":["Guardian:PiercingHide+1","Guardian:Gem_Lightblue"],"picked":"Guardian:Gem_Red","floor":8.0},{"not_picked":["Guardian:DecasProtection+1","Guardian:RollAttack"],"picked":"Guardian:PiercingHide+1","floor":9.0},{"not_picked":["Guardian:TimeBomb+1","Guardian:Preprogram+1"],"picked":"Guardian:TemporalStrike","floor":12.0},{"not_picked":["Guardian:Recover+1","Guardian:Orbwalk","Guardian:ShieldCharger+1"],"picked":"SKIP","floor":14.0},{"not_picked":["Guardian:TemporalStrike","Guardian:Reroute"],"picked":"Guardian:Gem_Yellow","floor":15.0},{"not_picked":["Guardian:StasisStrike","Guardian:AncientConstruct"],"picked":"Guardian:Gem_Synthetic","floor":16.0},{"not_picked":["Guardian:PrimingBeam+1","Guardian:Emergency+1"],"picked":"Guardian:CrystalBeam+1","floor":19.0},{"not_picked":["Guardian:PrimingBeam+1","Guardian:Reroute"],"picked":"Guardian:Repulse+1","floor":21.0},{"not_picked":["Guardian:Planning+1","Guardian:BaubleBeam"],"picked":"Guardian:PolyBeam","floor":26.0},{"not_picked":["Guardian:CrystalBeam","Guardian:Recover+1","Guardian:Reroute+1"],"picked":"SKIP","floor":29},{"not_picked":["Guardian:EvasiveProtocol","Guardian:Gem_Lightblue","Guardian:Planning+1"],"picked":"SKIP","floor":30},{"not_picked":["Guardian:Suspension+1","Guardian:TemporalStrike"],"picked":"Guardian:PiercingHide+1","floor":32},{"not_picked":["Guardian:StasisField+1","Guardian:ConstructionForm"],"picked":"Guardian:Gem_Orange","floor":33},{"not_picked":["Guardian:DecasProtection+1","Guardian:RollAttack"],"picked":"Guardian:CrystalBeam+1","floor":36},{"not_picked":["Guardian:Gem_Lightblue","Guardian:WalkerClaw+1","Guardian:Suspension+1"],"picked":"SKIP","floor":39},{"not_picked":["Guardian:Gem_Cyan","Guardian:ShieldCharger+1"],"picked":"Guardian:TemporalShield+1","floor":43},{"not_picked":["Guardian:RevengeProtocol","Guardian:RollAttack+1","Guardian:Gem_Green"],"picked":"SKIP","floor":45},{"not_picked":["Guardian:Gem_Red","Guardian:Harden+1"],"picked":"Guardian:DonusPower+1","floor":49}],"player_experience":376188,"relics_obtained":[{"floor":7.0,"key":"Toxic Egg 2"},{"floor":11.0,"key":"Tiny Chest"},{"floor":25.0,"key":"Pear"},{"floor":29,"key":"Blue Candle"},{"floor":41,"key":"Bottled Lightning"},{"floor":43,"key":"War Paint"},{"floor":47,"key":"Lizard Tail"},{"floor":48,"key":"Ancient Tea Set"}],"event_choices":[{"damage_healed":0.0,"max_hp_gain":0.0,"max_hp_loss":0.0,"gold_gain":0.0,"event_name":"Scrap Ooze","player_choice":"Success","floor":4.0,"gold_loss":0.0,"damage_taken":7.0,"relics_obtained":["Juzu Bracelet"]},{"damage_healed":0.0,"max_hp_gain":0.0,"max_hp_loss":0.0,"gold_gain":0.0,"cards_transformed":["Guardian:Strike_Guardian"],"event_name":"Living Wall","player_choice":"Change","floor":6.0,"gold_loss":0.0,"damage_taken":0.0,"cards_obtained":["Guardian:StasisStrike"]},{"damage_healed":0.0,"max_hp_gain":0.0,"max_hp_loss":0.0,"gold_gain":0.0,"event_name":"FaceTrader","player_choice":"Trade","floor":22.0,"gold_loss":0.0,"damage_taken":0.0,"relics_obtained":["NlothsMask"]},{"damage_healed":39,"gold_gain":0,"player_choice":"Full Heal","damage_taken":0,"max_hp_gain":0,"max_hp_loss":0,"event_name":"Wheel of Change","floor":46,"gold_loss":0}],"is_beta":false,"boss_relics":[{"not_picked":["Busted Crown","Empty Cage"],"picked":"Guardian:StasisSlotReductionRelic"},{"not_picked":["Astrolabe","bronze:MakeshiftBattery"],"picked":"Philosopher\u0027s Stone"}],"items_purged_floors":[26],"is_endless":false,"potions_floor_spawned":[2,15,16,21,32,33,39,47,49],"ascension_level":0}}