{"host":"y193d0agu1dp5x1y","time":1610953520,"event":{"mods":["AchievementEnabler","BaseMod","Googly Eyes","Minty Spire (QoL Compilation)"],"gold_per_floor":[118,71,71,83,9,44,62,62,112,112,112,132,148,98,98,203,203,217,233,148,0,0,0,18,43,66,86,101,101,101],"floor_reached":29,"language":"ENG","playtime":1031,"items_purged":[],"score":275,"play_id":"c82751a2-6155-4d05-87ed-dd4b3f8951e3","local_time":"20210118010520","is_ascension_mode":true,"campfire_choices":[{"data":"Infinite Blades","floor":8,"key":"SMITH"},{"data":"Cloak And Dagger","floor":10,"key":"SMITH"},{"floor":15,"key":"RECALL"},{"data":"Bouncing Flask","floor":23,"key":"SMITH"}],"circlet_count":0,"master_deck":["Strike_G","Strike_G","Defend_G","Defend_G","Defend_G","Defend_G","Survivor","Neutralize","Sucker Punch+1","Slice","Cloak And Dagger+1","Infinite Blades+1","Deflect+1","Slice","Blade Dance","Deflect","Quick Slash+1","Corpse Explosion+1","Crippling Poison+1","Cloak And Dagger","Bouncing Flask+1","Poisoned Stab","Heel Hook","A Thousand Cuts"],"relics":["Ring of the Snake","NeowsBlessing","Strawberry","Astrolabe","Art of War","MutagenicStrength","Anchor","Nunchaku"],"acts_visited":["Exordium","TheCity"],"potions_floor_usage":[12,13,16,19],"damage_taken":[{"damage":0,"enemies":"Jaw Worm","floor":1,"turns":1},{"damage":0,"enemies":"Cultist","floor":4,"turns":1},{"damage":0,"enemies":"Gremlin Nob","floor":6,"turns":1},{"damage":3,"enemies":"Small Slimes","floor":7,"turns":4},{"damage":0,"enemies":"Looter","floor":12,"turns":4},{"damage":1,"enemies":"Large Slime","floor":13,"turns":5},{"damage":71,"enemies":"The Guardian","floor":16,"turns":16},{"damage":4,"enemies":"Chosen","floor":18,"turns":4},{"damage":12,"enemies":"Shell Parasite","floor":19,"turns":4},{"damage":26,"enemies":"Snake Plant","floor":24,"turns":4},{"damage":19,"enemies":"Snecko","floor":27,"turns":5},{"damage":6,"enemies":"Cultist and Chosen","floor":28,"turns":4},{"damage":15,"enemies":"Centurion and Healer","floor":29,"turns":2}],"seed_played":"-8502290483577511009","potions_obtained":[{"floor":4,"key":"Energy Potion"},{"floor":7,"key":"SkillPotion"},{"floor":13,"key":"Fire Potion"},{"floor":18,"key":"PowerPotion"}],"is_trial":false,"path_per_floor":["M","$","?","M","$","E","M","R","T","R","?","M","M","?","R","B",null,"M","M","?","?","?","R","M","T","T","M","M","M"],"character_chosen":"THE_SILENT","items_purchased":["Slice","Infinite Blades"],"campfire_rested":0,"item_purchase_floors":[2,5],"current_hp_per_floor":[70,70,70,70,70,77,74,74,74,74,74,74,73,73,73,2,77,73,61,61,61,61,61,35,35,35,16,10,0,0],"gold":101,"neow_bonus":"THREE_ENEMY_KILL","is_daily":false,"chose_seed":false,"campfire_upgraded":3,"win_rate":0.0,"timestamp":1610953520,"path_taken":["M","$","?","M","$","E","M","R","T","R","?","?","?","?","R","BOSS","M","M","?","?","?","R","M","?","T","M","M","?"],"items_purchased_type":["Card","Card"],"build_version":"2020-12-22","purchased_purges":0,"victory":false,"max_hp_per_floor":[70,70,70,70,70,77,77,77,77,77,77,77,77,77,77,77,77,77,77,77,77,77,77,77,77,77,77,77,77,77],"card_choices":[{"not_picked":["Slice","Prepared"],"picked":"Sucker Punch","floor":1},{"not_picked":["Sucker Punch","Poisoned Stab"],"picked":"Cloak And Dagger","floor":4},{"not_picked":["All Out Attack","Noxious Fumes"],"picked":"Deflect","floor":6},{"not_picked":["Deflect","Dagger Spray"],"picked":"Slice","floor":7},{"not_picked":["Escape Plan","Poisoned Stab"],"picked":"Blade Dance","floor":12},{"not_picked":["Bane","Tactician"],"picked":"Deflect","floor":13},{"not_picked":["Caltrops","Slice"],"picked":"Cloak And Dagger","floor":18},{"not_picked":["Outmaneuver","Flying Knee"],"picked":"Bouncing Flask","floor":19},{"not_picked":["Crippling Poison","Quick Slash"],"picked":"Poisoned Stab","floor":24},{"not_picked":["Flechettes+1","Dagger Throw"],"picked":"Heel Hook","floor":27},{"not_picked":["Bane","Heel Hook"],"picked":"A Thousand Cuts","floor":28}],"player_experience":124294,"relics_obtained":[{"floor":6,"key":"Strawberry"},{"floor":25,"key":"Anchor"},{"floor":26,"key":"Nunchaku"}],"event_choices":[{"damage_healed":0,"gold_gain":0,"player_choice":"Grow","damage_taken":0,"max_hp_gain":0,"max_hp_loss":0,"event_name":"Living Wall","floor":3,"gold_loss":0,"cards_upgraded":["Sucker Punch"]},{"damage_healed":0,"gold_gain":0,"player_choice":"Upgraded","damage_taken":0,"max_hp_gain":0,"max_hp_loss":0,"event_name":"Upgrade Shrine","floor":11,"gold_loss":0,"cards_upgraded":["Deflect"]},{"cards_removed":["Defend_G"],"damage_healed":0,"gold_gain":0,"player_choice":"Card Removal","damage_taken":0,"max_hp_gain":0,"max_hp_loss":0,"event_name":"The Cleric","floor":14,"gold_loss":50},{"damage_healed":0,"gold_gain":0,"player_choice":"Obtained Relic","damage_taken":0,"relics_obtained":["Art of War"],"max_hp_gain":0,"max_hp_loss":0,"event_name":"Addict","floor":20,"gold_loss":85},{"damage_healed":0,"gold_gain":0,"player_choice":"Paid Fearfully","damage_taken":0,"max_hp_gain":0,"max_hp_loss":0,"event_name":"Masked Bandits","floor":21,"gold_loss":148},{"damage_healed":0,"gold_gain":0,"player_choice":"Inject Mutagens","damage_taken":0,"relics_obtained":["MutagenicStrength"],"max_hp_gain":0,"max_hp_loss":0,"event_name":"Drug Dealer","floor":22,"gold_loss":0}],"is_beta":false,"boss_relics":[{"not_picked":["Cursed Key","Philosopher\u0027s Stone"],"picked":"Astrolabe"}],"items_purged_floors":[],"is_endless":false,"potions_floor_spawned":[4,7,13,18],"killed_by":"Centurion and Healer","ascension_level":2}}