{"host":"l60rmjjsfi0fipmi","time":1610986130,"event":{"mods":["BaseMod","Colored Map","DeckTracker","Highlight Path","Minty Spire (QoL Compilation)","StSLib","The Cursed","The Servant 0.9.4"],"gold_per_floor":[114,132,4,4,23,57,72,72,122,122,140,140,140,155,155,257,257,272,272,290,389,43,43,43,43,69,69,84,157,32,51,51,151,151,161,177,177,190,190,190,190,215,215,226,226,240,240,256,256,256],"floor_reached":51,"language":"ENG","playtime":2602,"items_purged":["Strike_R","Strike_R","Strike_R"],"score":796,"play_id":"454e2ef5-d7fb-4ea3-8cf9-cac89cb89cc3","local_time":"20210118110850","is_ascension_mode":true,"campfire_choices":[{"data":"Armaments","floor":8,"key":"SMITH"},{"data":"Twin Strike","floor":10,"key":"SMITH"},{"data":"Pommel Strike","floor":12,"key":"SMITH"},{"data":"Pommel Strike","floor":15,"key":"SMITH"},{"data":"Anger","floor":23,"key":"SMITH"},{"data":"Iron Wave","floor":25,"key":"SMITH"},{"data":"Headbutt","floor":27,"key":"SMITH"},{"data":"Metallicize","floor":32,"key":"SMITH"},{"data":"Juggernaut","floor":40,"key":"SMITH"},{"floor":45,"key":"REST"},{"data":"Impervious","floor":47,"key":"SMITH"},{"floor":49,"key":"REST"}],"circlet_count":0,"master_deck":["Defend_R+1","Defend_R","Bash+1","Twin Strike+1","Pommel Strike+1","Headbutt+1","Pommel Strike+1","Armaments+1","Anger+1","Iron Wave+1","Flex+1","Metallicize+1","Juggernaut+1","Shrug It Off+1","Sadistic Nature","Inflame+1","Writhe","Impervious+1","Rampage","Blood for Blood+1"],"relics":["Burning Blood","Pear","Happy Flower","Art of War","Empty Cage","Centennial Puzzle","Orichalcum","InkBottle","Mark of Pain","Bag of Preparation","Paper Frog"],"acts_visited":["Exordium","TheCity","TheBeyond"],"potions_floor_usage":[6,7,31,33,48,50],"damage_taken":[{"damage":10,"enemies":"Small Slimes","floor":1,"turns":4},{"damage":6,"enemies":"Cultist","floor":2,"turns":4},{"damage":4,"enemies":"Jaw Worm","floor":5,"turns":4},{"damage":40,"enemies":"Lagavulin","floor":6,"turns":7},{"damage":21,"enemies":"Blue Slaver","floor":7,"turns":4},{"damage":1,"enemies":"Looter","floor":11,"turns":4},{"damage":1,"enemies":"2 Fungi Beasts","floor":14,"turns":3},{"damage":27,"enemies":"Slime Boss","floor":16,"turns":7},{"damage":19,"enemies":"Spheric Guardian","floor":18,"turns":4},{"damage":30,"enemies":"2 Thieves","floor":20,"turns":4},{"damage":8,"enemies":"Snecko","floor":28,"turns":4},{"damage":25,"enemies":"Shelled Parasite and Fungi","floor":31,"turns":4},{"damage":38,"enemies":"Champ","floor":33,"turns":6},{"damage":1,"enemies":"Orb Walker","floor":35,"turns":2},{"damage":30,"enemies":"3 Darklings","floor":36,"turns":5},{"damage":26,"enemies":"Maw","floor":38,"turns":6},{"damage":41,"enemies":"Giant Head","floor":42,"turns":7},{"damage":18,"enemies":"Jaw Worm Horde","floor":44,"turns":4},{"damage":18,"enemies":"Sphere and 2 Shapes","floor":46,"turns":5},{"damage":25,"enemies":"Writhing Mass","floor":48,"turns":4},{"damage":52,"enemies":"Donu and Deca","floor":50,"turns":8}],"seed_played":"1294308839270458933","potions_obtained":[{"floor":2,"key":"EssenceOfSteel"},{"floor":6,"key":"BloodPotion"},{"floor":7,"key":"SmokeBomb"},{"floor":36,"key":"Strength Potion"},{"floor":44,"key":"Block Potion"}],"is_trial":false,"path_per_floor":["M","M","$","?","M","E","M","R","T","R","M","R","?","M","R","B",null,"M","?","M","?","$","R","$","R","T","R","M","T","$","M","R","B",null,"M","M","?","M","?","R","?","E","T","M","R","M","R","M","R","B",null],"character_chosen":"IRONCLAD","items_purchased":["Pommel Strike","Centennial Puzzle","BloodPotion","Strength Potion"],"campfire_rested":2,"item_purchase_floors":[3,22,22,22],"current_hp_per_floor":[84,84,84,66,68,44,48,48,48,48,53,53,53,58,58,37,98,85,85,61,61,61,61,61,61,61,61,59,59,59,59,59,27,98,98,74,74,54,79,79,79,44,44,32,61,49,49,30,59,13],"gold":256,"neow_bonus":"TEN_PERCENT_HP_BONUS","is_daily":false,"chose_seed":false,"campfire_upgraded":10,"win_rate":0.0,"timestamp":1610986130,"path_taken":["M","M","$","?","M","E","M","R","T","R","M","R","?","M","R","BOSS","M","?","M","?","$","R","$","R","T","R","M","?","?","M","R","BOSS","M","M","?","M","?","R","?","E","T","M","R","M","R","M","R","BOSS"],"items_purchased_type":["Card","Relic","Potion","Potion"],"build_version":"2020-12-22","purchased_purges":3,"victory":true,"max_hp_per_floor":[88,88,88,88,88,98,98,98,98,98,98,98,98,98,98,98,98,98,98,98,98,98,98,98,98,98,98,98,98,98,98,98,98,98,98,98,98,98,98,98,98,98,98,98,98,98,98,98,98,98],"card_choices":[{"not_picked":["Warcry","Sword Boomerang"],"picked":"Twin Strike","floor":1},{"not_picked":["Havoc","Clash","Burning Pact"],"picked":"SKIP","floor":2},{"not_picked":["Clash","Heavy Blade"],"picked":"Headbutt","floor":5},{"not_picked":["Clash","Berserk"],"picked":"Pommel Strike","floor":6},{"not_picked":["Bloodletting","Metallicize"],"picked":"Armaments","floor":7},{"not_picked":["Rupture","Dark Embrace"],"picked":"Anger","floor":11},{"not_picked":["Anger","Second Wind","Headbutt"],"picked":"SKIP","floor":14},{"not_picked":["Anger","Second Wind","Headbutt"],"picked":"SKIP","floor":14},{"not_picked":["Armaments","Entrench+1"],"picked":"Iron Wave","floor":18},{"not_picked":["Shockwave+1","Sentinel+1","Pummel"],"picked":"SKIP","floor":20},{"not_picked":["Bloodletting","Inflame"],"picked":"Flex+1","floor":28},{"not_picked":["Sword Boomerang","True Grit"],"picked":"Metallicize","floor":31},{"not_picked":["Berserk","Fiend Fire"],"picked":"Juggernaut","floor":33},{"not_picked":["Searing Blow+1","Wild Strike","Cleave"],"picked":"SKIP","floor":35},{"not_picked":["Sword Boomerang+1","Perfected Strike"],"picked":"Shrug It Off+1","floor":36},{"not_picked":["Metamorphosis","Enlightenment"],"picked":"Sadistic Nature","floor":37},{"not_picked":["Warcry","Cleave+1"],"picked":"Inflame+1","floor":38},{"not_picked":["Inflame","Wild Strike"],"picked":"Rampage","floor":42},{"not_picked":["Armaments","Havoc","Wild Strike+1"],"picked":"SKIP","floor":44},{"not_picked":["Clash","Warcry+1","Cleave+1"],"picked":"SKIP","floor":46},{"not_picked":["Sentinel+1","Shrug It Off"],"picked":"Blood for Blood+1","floor":48}],"player_experience":478097,"relics_obtained":[{"floor":6,"key":"Pear"},{"floor":9,"key":"Happy Flower"},{"floor":26,"key":"Orichalcum"},{"floor":29,"key":"InkBottle"},{"floor":42,"key":"Bag of Preparation"},{"floor":43,"key":"Paper Frog"}],"event_choices":[{"damage_healed":0,"gold_gain":0,"player_choice":"Entered Light","damage_taken":18,"max_hp_gain":0,"max_hp_loss":0,"event_name":"Shining Light","floor":4,"gold_loss":0,"cards_upgraded":["Bash","Defend_R"]},{"damage_healed":0,"gold_gain":0,"player_choice":"Gave Potion","damage_taken":0,"relics_obtained":["Art of War"],"max_hp_gain":0,"max_hp_loss":0,"event_name":"WeMeetAgain","floor":13,"gold_loss":0},{"cards_removed":["Strike_R"],"damage_healed":0,"gold_gain":0,"player_choice":"Elegance","damage_taken":0,"max_hp_gain":0,"max_hp_loss":0,"event_name":"Back to Basics","floor":19,"gold_loss":0},{"damage_healed":0,"gold_gain":99,"player_choice":"Stole From Cult","damage_taken":0,"max_hp_gain":0,"max_hp_loss":0,"event_name":"Nest","floor":21,"gold_loss":0},{"damage_healed":0,"gold_gain":0,"player_choice":"Memory 1","damage_taken":0,"max_hp_gain":0,"max_hp_loss":0,"event_name":"SensoryStone","floor":37,"gold_loss":0},{"damage_healed":25,"gold_gain":0,"player_choice":"Writhe","damage_taken":0,"max_hp_gain":0,"max_hp_loss":0,"event_name":"Winding Halls","floor":39,"gold_loss":0,"cards_obtained":["Writhe"]},{"damage_healed":0,"gold_gain":0,"cards_transformed":["Strike_R"],"player_choice":"Transformed","damage_taken":0,"max_hp_gain":0,"max_hp_loss":0,"event_name":"Transmorgrifier","floor":41,"gold_loss":0,"cards_obtained":["Impervious"]}],"is_beta":false,"boss_relics":[{"not_picked":["Busted Crown","Runic Pyramid"],"picked":"Empty Cage"},{"not_picked":["Philosopher\u0027s Stone","Velvet Choker"],"picked":"Mark of Pain"}],"items_purged_floors":[3,22,30],"is_endless":false,"potions_floor_spawned":[2,6,7,36,44],"ascension_level":3}}