{"host":"wogey4gsknv4ot2d","time":1610962787,"event":{"mods":["2.2 Compatiblity","AchievementEnabler","BaseMod","Bestiary","Better Third Choice","Colored Map","Colored Powertips","Googly Eyes","Key Reminder","Minty Spire (QoL Compilation)","Permanent Neow","Rare Cards Sparkle","Relic Stats","StSLib"],"gold_per_floor":[110,110,130,149,167,200,200,200,224,242,242,242,268,287,287,389,389,403,414,115,133,61,61,61,72,72,72,72],"floor_reached":27,"language":"ENG","playtime":880,"items_purged":[],"score":261,"play_id":"e0d09bba-734b-4b5c-b59d-6b6990ba3e63","local_time":"20210118033947","is_ascension_mode":true,"campfire_choices":[{"floor":7,"key":"REST"},{"floor":11,"key":"REST"},{"floor":15,"key":"REST"},{"floor":23,"key":"REST"}],"circlet_count":0,"master_deck":["Strike_B","Strike_B","Strike_B","Strike_B","Defend_B","Defend_B","Defend_B","Defend_B","Zap","Dualcast","Go for the Eyes","Go for the Eyes+1","Chaos+1","Sweeping Beam","Reinforced Body","Doom and Gloom","Beam Cell","Redo","Go for the Eyes","Core Surge","Beam Cell","Sunder","Electrodynamics","Go for the Eyes","Undo","Electrodynamics","Sweeping Beam"],"relics":["Cracked Core","NeowsBlessing","Dream Catcher","Vajra","PreservedInsect","Inserter","Regal Pillow","Runic Capacitor","Frozen Egg 2"],"acts_visited":["Exordium","TheCity"],"potions_floor_usage":[13,16,16,16],"damage_taken":[{"damage":0,"enemies":"Jaw Worm","floor":1,"turns":1},{"damage":0,"enemies":"2 Louse","floor":3,"turns":1},{"damage":0,"enemies":"Cultist","floor":4,"turns":1},{"damage":6,"enemies":"3 Louse","floor":5,"turns":4},{"damage":32,"enemies":"Gremlin Nob","floor":6,"turns":5},{"damage":5,"enemies":"Looter","floor":10,"turns":2},{"damage":18,"enemies":"3 Sentries","floor":13,"turns":6},{"damage":10,"enemies":"2 Fungi Beasts","floor":14,"turns":3},{"damage":35,"enemies":"The Guardian","floor":16,"turns":12},{"damage":22,"enemies":"Shell Parasite","floor":18,"turns":7},{"damage":31,"enemies":"3 Byrds","floor":19,"turns":5},{"damage":26,"enemies":"Centurion and Healer","floor":21,"turns":8},{"damage":34,"enemies":"Snake Plant","floor":25,"turns":5},{"damage":18,"enemies":"Snecko","floor":27,"turns":3}],"seed_played":"-5459814897425976897","potions_obtained":[{"floor":3,"key":"EssenceOfSteel"},{"floor":4,"key":"AttackPotion"},{"floor":10,"key":"Regen Potion"},{"floor":13,"key":"EssenceOfSteel"}],"is_trial":false,"path_per_floor":["M","?","M","M","M","E","R","?","T","M","R","?","E","M","R","B",null,"M","M","$","M","$","R","?","M","T","M"],"character_chosen":"DEFECT","items_purchased":["Regal Pillow","Runic Capacitor","Electrodynamics"],"campfire_rested":4,"item_purchase_floors":[20,20,22],"current_hp_per_floor":[75,80,80,80,74,42,66,66,66,61,80,80,62,52,76,53,80,58,27,27,1,1,40,40,6,6,0,0],"gold":72,"neow_bonus":"THREE_ENEMY_KILL","is_daily":false,"chose_seed":false,"campfire_upgraded":0,"win_rate":0.0,"timestamp":1610962787,"path_taken":["M","?","M","M","M","E","R","?","T","?","R","?","E","M","R","BOSS","M","M","$","M","$","R","?","M","T","M"],"items_purchased_type":["Relic","Relic","Card"],"build_version":"2020-12-22","purchased_purges":0,"victory":false,"max_hp_per_floor":[75,80,80,80,80,80,80,80,80,80,80,80,80,80,80,80,80,80,80,80,80,80,80,80,80,80,80,80],"relic_stats":{"Dream Catcher":4,"Regal Pillow":15,"Inserter":[14],"counters":[14,63],"PreservedInsect":0,"obtain_stats":[{"Dream Catcher":6,"Regal Pillow":20,"Inserter":17,"NeowsBlessing":0,"Vajra":9,"PreservedInsect":13,"Runic Capacitor":20,"Frozen Egg 2":26,"Cracked Core":0},{"Dream Catcher":5,"Regal Pillow":11,"Inserter":9,"NeowsBlessing":0,"Vajra":5,"PreservedInsect":7,"Runic Capacitor":11,"Frozen Egg 2":13,"Cracked Core":0},{"Dream Catcher":12,"Regal Pillow":47,"Inserter":35,"NeowsBlessing":0,"Vajra":12,"PreservedInsect":20,"Runic Capacitor":47,"Frozen Egg 2":60,"Cracked Core":0}]},"card_choices":[{"not_picked":["Stack","Redo"],"picked":"Go for the Eyes","floor":1},{"not_picked":["Double Energy","Beam Cell"],"picked":"Go for the Eyes","floor":3},{"not_picked":["Heatsinks","Barrage"],"picked":"Chaos","floor":4},{"not_picked":["Stack","Hologram"],"picked":"Sweeping Beam","floor":5},{"not_picked":["Fission","Steam"],"picked":"Reinforced Body","floor":6},{"not_picked":["Scrape","Rebound"],"picked":"Darkness","floor":7},{"not_picked":["Ball Lightning","Hologram"],"picked":"Doom and Gloom","floor":10},{"not_picked":["Core Surge","Storm"],"picked":"Beam Cell","floor":13},{"not_picked":["Force Field","Blizzard"],"picked":"Redo","floor":14},{"not_picked":["Chill","Gash"],"picked":"Go for the Eyes","floor":15},{"not_picked":["Rainbow","Thunder Strike"],"picked":"Core Surge","floor":16},{"not_picked":["Coolheaded+1","Chaos"],"picked":"Beam Cell","floor":18},{"not_picked":["Turbo","Recycle+1"],"picked":"Cold Snap+1","floor":19},{"not_picked":["Coolheaded","Tempest"],"picked":"Sunder","floor":21},{"not_picked":["Cold Snap","Fusion"],"picked":"Go for the Eyes","floor":23},{"not_picked":["Rip and Tear","Darkness"],"picked":"Sweeping Beam","floor":25}],"player_experience":53165,"relics_obtained":[{"floor":6,"key":"Dream Catcher"},{"floor":9,"key":"Vajra"},{"floor":13,"key":"PreservedInsect"},{"floor":26,"key":"Frozen Egg 2"}],"event_choices":[{"damage_healed":0,"gold_gain":0,"player_choice":"Donut","damage_taken":0,"max_hp_gain":5,"max_hp_loss":0,"event_name":"Big Fish","floor":2,"gold_loss":0},{"damage_healed":0,"gold_gain":0,"player_choice":"Forge","damage_taken":0,"max_hp_gain":0,"max_hp_loss":0,"event_name":"Accursed Blacksmith","floor":8,"gold_loss":0,"cards_upgraded":["Chaos"]},{"damage_healed":0,"gold_gain":0,"player_choice":"Grow","damage_taken":0,"max_hp_gain":0,"max_hp_loss":0,"event_name":"Living Wall","floor":12,"gold_loss":0,"cards_upgraded":["Go for the Eyes"]},{"damage_healed":0,"gold_gain":0,"cards_transformed":["Cold Snap","Darkness"],"player_choice":"Became Test Subject","damage_taken":0,"max_hp_gain":0,"max_hp_loss":0,"event_name":"Drug Dealer","floor":24,"gold_loss":0,"cards_obtained":["Undo","Electrodynamics"]}],"is_beta":false,"boss_relics":[{"not_picked":["FrozenCore","Nuclear Battery"],"picked":"Inserter"}],"items_purged_floors":[],"is_endless":false,"potions_floor_spawned":[3,4,10,13,25],"killed_by":"Snecko","ascension_level":1}}