{"host":"l60rmjjsfi0fipmi","time":1610940182,"event":{"mods":["BaseMod","Colored Map","DeckTracker","Highlight Path","Minty Spire (QoL Compilation)","StSLib","The Cursed","The Servant 0.9.4"],"gold_per_floor":[113,31,31,51,61,61,94,55,355,385,402,402,75,175,175,275,325,344,52,69,89,107,107,126,126,126,126,143,143,143,143,143,143,143],"floor_reached":33,"language":"ENG","playtime":1841,"items_purged":[],"score":293,"play_id":"f8d1ad3a-4829-4980-bc79-1e076111e27e","local_time":"20210117222302","is_ascension_mode":true,"campfire_choices":[{"data":"Cleave","floor":6,"key":"SMITH"},{"data":"Metallicize","floor":12,"key":"SMITH"},{"data":"Uppercut","floor":15,"key":"SMITH"},{"floor":23,"key":"REST"},{"floor":25,"key":"REST"},{"data":"Armaments","floor":27,"key":"SMITH"},{"data":"Infernal Blade","floor":29,"key":"SMITH"},{"floor":32,"key":"REST"}],"circlet_count":0,"master_deck":["Strike_R","Strike_R+1","Strike_R","Strike_R","Strike_R+1","Defend_R","Defend_R","Defend_R","Defend_R","Bash","Intimidate","Cleave+1","Metallicize+1","Perfected Strike","Headbutt","Rampage","Uppercut+1","Flash of Steel+1","Seeing Red","Immolate","Pommel Strike+1","Double Tap","Infernal Blade+1","Armaments+1"],"relics":["Burning Blood","Sundial","Old Coin","Art of War","Tiny House","Whetstone","Self Forming Clay"],"acts_visited":["Exordium","TheCity"],"potions_floor_usage":[10,16,16,22,28,31,33],"damage_taken":[{"damage":1,"enemies":"Small Slimes","floor":1,"turns":4},{"damage":9,"enemies":"Jaw Worm","floor":4,"turns":3},{"damage":8,"enemies":"2 Louse","floor":5,"turns":2},{"damage":18,"enemies":"Gremlin Nob","floor":7,"turns":4},{"damage":19,"enemies":"3 Sentries","floor":10,"turns":6},{"damage":11,"enemies":"Lots of Slimes","floor":11,"turns":4},{"damage":47,"enemies":"Slime Boss","floor":16,"turns":9},{"damage":8,"enemies":"Chosen","floor":18,"turns":4},{"damage":35,"enemies":"Shell Parasite","floor":20,"turns":5},{"damage":12,"enemies":"Centurion and Healer","floor":21,"turns":5},{"damage":49,"enemies":"Shelled Parasite and Fungi","floor":22,"turns":6},{"damage":30,"enemies":"Snecko","floor":24,"turns":5},{"damage":24,"enemies":"Centurion and Healer","floor":28,"turns":6},{"damage":23,"enemies":"Colosseum Slavers","floor":31,"turns":3},{"damage":45,"enemies":"Champ","floor":33,"turns":10}],"seed_played":"3610069225080571884","potions_obtained":[{"floor":1,"key":"BloodPotion"},{"floor":5,"key":"BlessingOfTheForge"},{"floor":17,"key":"Dexterity Potion"},{"floor":20,"key":"LiquidBronze"},{"floor":24,"key":"Ancient Potion"},{"floor":28,"key":"BlessingOfTheForge"}],"is_trial":false,"path_per_floor":["M","$","?","M","M","R","E","?","T","E","M","R","$","?","R","B",null,"M","$","M","M","M","R","M","R","T","R","M","R","?","?","R","B"],"character_chosen":"IRONCLAD","items_purchased":["Metallicize","Perfected Strike","Flash of Steel","Seeing Red","Regen Potion","LiquidMemories","Whetstone","Double Tap"],"campfire_rested":3,"item_purchase_floors":[2,2,13,13,13,13,19,19],"current_hp_per_floor":[80,80,80,77,75,75,63,63,63,50,45,45,45,45,45,16,85,83,83,54,48,22,47,23,48,48,48,30,30,30,13,38,0,0],"gold":143,"neow_bonus":"THREE_CARDS","is_daily":false,"chose_seed":false,"campfire_upgraded":5,"win_rate":0.0,"timestamp":1610940182,"path_taken":["M","$","?","M","M","R","E","?","T","E","M","R","?","?","R","BOSS","M","$","?","M","M","R","M","R","T","R","M","R","?","?","R","BOSS"],"items_purchased_type":["Card","Card","Card","Card","Potion","Potion","Relic","Card"],"build_version":"2020-12-22","purchased_purges":0,"victory":false,"max_hp_per_floor":[80,80,80,80,80,80,80,80,80,80,80,80,80,80,80,80,85,85,85,85,85,85,85,85,85,85,85,85,85,85,85,85,85,85],"card_choices":[{"not_picked":["Clothesline","Heavy Blade"],"picked":"Intimidate","floor":0},{"not_picked":["Inflame","Thunderclap"],"picked":"Cleave","floor":1},{"not_picked":["Perfected Strike","Havoc"],"picked":"Headbutt","floor":4},{"not_picked":["Armaments","Havoc"],"picked":"Rampage","floor":5},{"not_picked":["Cleave","Thunderclap","Clothesline"],"picked":"SKIP","floor":7},{"not_picked":["Blood for Blood","Thunderclap","Second Wind"],"picked":"SKIP","floor":10},{"not_picked":["Headbutt","Clothesline"],"picked":"Uppercut","floor":11},{"not_picked":["Brutality","Feed"],"picked":"Immolate","floor":16},{"not_picked":["Intimidate","Havoc"],"picked":"Pommel Strike+1","floor":18},{"not_picked":["Sever Soul+1","Headbutt","True Grit+1"],"picked":"SKIP","floor":20},{"not_picked":["Dark Embrace","Sword Boomerang"],"picked":"Infernal Blade","floor":21},{"not_picked":["Battle Trance","Disarm"],"picked":"Armaments","floor":22},{"not_picked":["Flex","Shockwave","Pommel Strike"],"picked":"SKIP","floor":24},{"not_picked":["Clothesline+1","Clash","Perfected Strike"],"picked":"SKIP","floor":28}],"player_experience":475458,"relics_obtained":[{"floor":7,"key":"Sundial"},{"floor":9,"key":"Old Coin"},{"floor":10,"key":"Art of War"},{"floor":26,"key":"Self Forming Clay"}],"event_choices":[{"damage_healed":0,"gold_gain":0,"player_choice":"Ignored","damage_taken":0,"max_hp_gain":0,"max_hp_loss":0,"event_name":"Liars Game","floor":3,"gold_loss":0},{"damage_healed":0,"gold_gain":0,"player_choice":"Left Gold","damage_taken":0,"max_hp_gain":0,"max_hp_loss":0,"event_name":"World of Goop","floor":8,"gold_loss":39},{"damage_healed":0,"gold_gain":100,"player_choice":"Pray","damage_taken":0,"max_hp_gain":0,"max_hp_loss":0,"event_name":"Golden Shrine","floor":14,"gold_loss":0},{"damage_healed":0,"gold_gain":0,"player_choice":"Ignored","damage_taken":0,"max_hp_gain":0,"max_hp_loss":0,"event_name":"Vampires","floor":30,"gold_loss":0},{"damage_healed":0,"gold_gain":0,"player_choice":"Fight","damage_taken":0,"max_hp_gain":0,"max_hp_loss":0,"event_name":"Colosseum","floor":31,"gold_loss":0},{"damage_healed":0,"gold_gain":0,"player_choice":"Fled From Nobs","damage_taken":0,"max_hp_gain":0,"max_hp_loss":0,"event_name":"Colosseum","floor":31,"gold_loss":0}],"is_beta":false,"boss_relics":[{"not_picked":["Philosopher\u0027s Stone","Black Star"],"picked":"Tiny House"}],"items_purged_floors":[],"is_endless":false,"potions_floor_spawned":[1,5,20,24,28],"killed_by":"Champ","ascension_level":3}}