{"host":"4c7oxphrh4ok8x7u","time":1610991349,"event":{"mods":["100% Spire Juice","2.2 Compatiblity","Act Like it!","Arknights The Spire","Aspiration","BaseMod","Better Skull","Better Vampires","BetterRewards","Challenge The Spire","Conjunction","Conspire","Custom Start","Dota2Spire","Ekko","Evolution","Fiend Mod","Friendly Minions","FruityMod","GifTheSpireLib","Good Game Mod","Halation","Hermit","HololiveMod","Hubris","Hyrulean Relics","Jedi Mod","Jess\u0027s Bottle","Kratos Character Expansion","Minty Spire (QoL Compilation)","MostiFishMod","Permanent Neow","Poor People Problems","Prisma Mod","Quarter Circle Forward PUNCH!","RatMod","Replay The Spire","Robot Space Explorer","SCP261 Mod","Shade Mod","Slay the Relics Exporter","Small Relic Pack","Spicy Shops","Spikes Relics","Spires And Sneckos","StS++","StSLib","Stuff the Spire","The Animator","The Blue Laboratory","The Death Knight","The Edgeheg","The Exalted","The Fake Hero","The Trickster","TheVacant","TheWitcher","Wandering Minibosses","WarShipGirlsR/????R mod"],"gold_per_floor":[115,109,125,140,140,167,181,181,181,181,106,135,922,941,941,1041,1041,1060,1060,1060,1076,1091,1120,1133,1158,1158,1187,1204,1204,706,723,723,822,822,836,836,836],"floor_reached":36,"language":"RUS","playtime":3184,"items_purged":[],"score":588,"play_id":"96081d82-4499-45f1-bc97-51ab875e59c4","local_time":"20210118203549","is_ascension_mode":false,"campfire_choices":[{"data":"DeathKnight:Pestilence","floor":8,"key":"SMITH"},{"data":"DeathKnight:MutagenicPlague","floor":15,"key":"SMITH"},{"floor":29,"key":"RECALL"},{"data":"DeathKnight:MutagenicPlague","floor":32,"key":"SMITH"}],"circlet_count":0,"master_deck":["DeathKnight:Strike_DeathKnight","DeathKnight:Strike_DeathKnight","DeathKnight:Strike_DeathKnight","DeathKnight:Strike_DeathKnight","DeathKnight:Strike_DeathKnight","DeathKnight:Defend_DeathKnight","DeathKnight:Defend_DeathKnight","DeathKnight:Defend_DeathKnight","DeathKnight:Defend_DeathKnight","DeathKnight:Defend_DeathKnight","DeathKnight:RuneTap","DeathKnight:RuneStrike+1","DeathKnight:Outbreak","DeathKnight:Pestilence+1","DeathKnight:AntiMagicShell","DeathKnight:DeathCoil","DeathKnight:Contagion+1","DeathKnight:UnholyFrenzy","DeathKnight:Hysteria","DeathKnight:MutagenicPlague+1","DeathKnight:MutagenicPlague+1","DeathKnight:Pestilence","DeathKnight:DancingRuneblade","DeathKnight:UnholyPresence+1","StuffTheSpire:CelestialWarden+1","DeathKnight:DeathAndDecay","DeathKnight:Defile"],"relics":["DeathKnight:BrokenRuneblade","EVO:Axolotl","DaveBox","REME:ComplimentaryCards","DaCapo","SynthV:TestCard","Oddly Smooth Stone","Turnip","Ying","StuffTheSpire:Gunfinga","wanderingMiniBosses:MasterThiefsPresence","DeathKnight:Shadowmourne","theEdgeheg:CSGunRelic","Replay:Bottled Steam","Pet Ghost","StuffTheSpire:Mouthbags","Mirror","DeathKnight:TomeOfUnholySpecialization","OneHitWonderSystem"],"acts_visited":["Exordium","TheCity","TheBeyond"],"potions_floor_usage":[12,14,14,27],"damage_taken":[{"damage":17,"enemies":"Small Slimes","floor":1,"turns":3},{"damage":12,"enemies":"2 Louse","floor":2,"turns":6},{"damage":0,"enemies":"Cultist","floor":3,"turns":3},{"damage":10,"enemies":"3 Louse","floor":4,"turns":3},{"damage":5,"enemies":"3 Sentries","floor":6,"turns":9},{"damage":0,"enemies":"Looter","floor":7,"turns":3},{"damage":0,"enemies":"Gremlin Nob","floor":12,"turns":3},{"damage":8,"enemies":"Exordium Wildlife","floor":13,"turns":6},{"damage":0,"enemies":"Lots of Slimes","floor":14,"turns":3},{"damage":0,"enemies":"Hexaghost","floor":16,"turns":5},{"damage":0,"enemies":"Shell Parasite","floor":18,"turns":3},{"damage":0,"enemies":"3 Byrds","floor":21,"turns":3},{"damage":0,"enemies":"Cultist and Chosen","floor":22,"turns":3},{"damage":8,"enemies":"Book of Stabbing","floor":23,"turns":3},{"damage":10,"enemies":"Sentry and Sphere","floor":24,"turns":4},{"damage":17,"enemies":"Gremlin Leader","floor":25,"turns":5},{"damage":0,"enemies":"Book of Stabbing","floor":27,"turns":4},{"damage":6,"enemies":"Shelled Parasite and Fungi","floor":28,"turns":3},{"damage":0,"enemies":"Cultist and Chosen","floor":31,"turns":3},{"damage":22,"enemies":"conspire:MysteriousRune","floor":33,"turns":5},{"damage":0,"enemies":"3 Darklings","floor":35,"turns":3}],"seed_played":"-5418496990357940871","potions_obtained":[{"floor":3,"key":"LifebloodPotion"},{"floor":4,"key":"DeathKnight:VirulencePotion"},{"floor":6,"key":"LiquidBronze"},{"floor":13,"key":"blueLaboratory:PyrophylliteBrew"},{"floor":18,"key":"AttackPotion"},{"floor":24,"key":"SCP261:EnergyGasPotion"},{"floor":25,"key":"Energy Potion"},{"floor":28,"key":"EssenceOfSteel"}],"is_trial":false,"path_per_floor":["M","M","M","M","?","E","M","R","T","?","$","E","M","M","R","B",null,"M","?","?","M","M","E","M","E","T","E","M","R","$","M","R","B",null,"M","?"],"character_chosen":"DEATH_KNIGHT","items_purchased":["Ying","Mirror","DeathKnight:TomeOfUnholySpecialization"],"campfire_rested":0,"item_purchase_floors":[11,30,30],"current_hp_per_floor":[58,46,46,36,36,31,31,31,31,31,31,31,23,23,23,23,75,75,75,75,75,75,67,57,40,40,40,34,34,34,34,34,12,1,1,0,0],"gold":836,"neow_bonus":"UPGRADE_CARD","is_daily":false,"chose_seed":false,"campfire_upgraded":3,"win_rate":0.0,"timestamp":1610991349,"path_taken":["M","M","M","M","?","E","M","R","T","?","$","E","?","M","R","BOSS","M","?","?","M","M","E","M","E","T","E","M","R","$","M","R","BOSS","M","?"],"items_purchased_type":["Relic","Relic","Relic"],"build_version":"2020-12-22","purchased_purges":0,"victory":false,"max_hp_per_floor":[75,75,75,75,75,75,75,75,75,75,75,75,75,75,75,75,75,75,75,75,75,75,75,75,75,75,75,75,75,75,75,75,75,1,1,1,1],"card_choices":[{"not_picked":["DeathKnight:BloodBoil","DeathKnight:Obliterate","DeathKnight:RuneShock"],"picked":"SKIP","floor":1},{"not_picked":["DeathKnight:BloodStrike","DeathKnight:IceboundArmor","DeathKnight:ScourgeStrike","DeathKnight:DreadStrike"],"picked":"DeathKnight:Pestilence","floor":2},{"not_picked":["DeathKnight:HartStrike","DeathKnight:MindFreeze","DeathKnight:IceboundArmor","DeathKnight:Marrowrend"],"picked":"DeathKnight:AntiMagicShell","floor":3},{"not_picked":["DeathKnight:BloodBoil","DeathKnight:BladedArmor","DeathKnight:Simulacrum","DeathKnight:RunicCorruption"],"picked":"DeathKnight:DeathCoil","floor":4},{"not_picked":["DeathKnight:Ossuary","DeathKnight:RunicCorruption","DeathKnight:WraithWalk","DeathKnight:IcyTouch","DeathKnight:FrosPresence"],"picked":"SKIP","floor":6},{"not_picked":["DeathKnight:BloodTap","DeathKnight:BloodBoil","DeathKnight:DeathAndDecay","DeathKnight:UnholyFrenzy"],"picked":"DeathKnight:Contagion","floor":7},{"not_picked":["DeathKnight:Runeguard","DeathKnight:ScourgeStrike","DeathKnight:ThirstingStrike","DeathKnight:RunicDetonation"],"picked":"DeathKnight:UnholyFrenzy","floor":12},{"not_picked":["DeathKnight:Runeguard","DeathKnight:FrosPresence","DeathKnight:IcyTouch","DeathKnight:HornOfWinter"],"picked":"DeathKnight:Hysteria","floor":13},{"not_picked":["DeathKnight:UnholyAssault","DeathKnight:RuneShock","DeathKnight:WraithWalk","DeathKnight:BloodStrike"],"picked":"DeathKnight:MutagenicPlague","floor":14},{"not_picked":["DeathKnight:DeathCoil","DeathKnight:FrosPresence","DeathKnight:Parry+1","DeathKnight:BludPresence"],"picked":"DeathKnight:MutagenicPlague","floor":18},{"not_picked":["DeathKnight:ScourgeStrike","DeathKnight:Simulacrum","DeathKnight:BoneShield","DeathKnight:Parry","DeathKnight:DeathGrip"],"picked":"SKIP","floor":21},{"not_picked":["DeathKnight:ChainsOfIce","DeathKnight:Parry","DeathKnight:FrostStrike","DeathKnight:BloodTap","DeathKnight:BloodStrike"],"picked":"SKIP","floor":22},{"not_picked":["DeathKnight:BloodStrike+1","DeathKnight:HornOfWinter","DeathKnight:Razorice","DeathKnight:Marrowrend"],"picked":"DeathKnight:Pestilence","floor":23},{"not_picked":["DeathKnight:HartStrike","DeathKnight:BloodTap","DeathKnight:BladedArmor","DeathKnight:MindFreeze"],"picked":"DeathKnight:DancingRuneblade","floor":24},{"not_picked":["DeathKnight:BloodStrike+1","DeathKnight:DeathsAdvance","DeathKnight:DreadStrike+1","DeathKnight:ShatteringStrikes+1"],"picked":"DeathKnight:UnholyPresence+1","floor":25},{"not_picked":["DeathKnight:BladedArmor","DeathKnight:SindragosasBreath","DeathKnight:Rot","DeathKnight:IcyTouch"],"picked":"DeathKnight:DeathAndDecay","floor":27},{"not_picked":["DeathKnight:Obliterate","DeathKnight:IcyTouch+1","DeathKnight:HornOfWinter","DeathKnight:Rot","DeathKnight:DeathAndDecay"],"picked":"SKIP","floor":28},{"not_picked":["DeathKnight:BloodPact+1","DeathKnight:FoulBulwark+1","DeathKnight:FesteringStrike+1","DeathKnight:ScourgeStrike+1","DeathKnight:UnholyAssault"],"picked":"SKIP","floor":31},{"not_picked":["DeathKnight:UnholyExperiment+1","DeathKnight:Razorice","DeathKnight:Frostscythe","DeathKnight:ArmyOfTheDead"],"picked":"DeathKnight:Defile","floor":33},{"not_picked":["DeathKnight:ScourgeStrike+1","DeathKnight:DeathGrip+1","DeathKnight:RunicCorruption+1","DeathKnight:DeathAndDecay+1","DeathKnight:BoneShield"],"picked":"SKIP","floor":35}],"player_experience":712470,"relics_obtained":[{"floor":1,"key":"SynthV:TestCard"},{"floor":6,"key":"Oddly Smooth Stone"},{"floor":9,"key":"Turnip"},{"floor":12,"key":"StuffTheSpire:Gunfinga"},{"floor":13,"key":"wanderingMiniBosses:MasterThiefsPresence"},{"floor":23,"key":"Replay:Bottled Steam"},{"floor":25,"key":"Pet Ghost"},{"floor":27,"key":"StuffTheSpire:Mouthbags"}],"event_choices":[{"damage_healed":0,"gold_gain":0,"player_choice":"Disagree","damage_taken":0,"max_hp_gain":0,"max_hp_loss":0,"event_name":"conspire:LoneGhost","floor":5,"gold_loss":0},{"damage_healed":0,"gold_gain":0,"player_choice":"Forge","damage_taken":0,"max_hp_gain":0,"max_hp_loss":0,"event_name":"Accursed Blacksmith","floor":10,"gold_loss":0,"cards_upgraded":["DeathKnight:Contagion"]}],"is_beta":false,"boss_relics":[{"not_picked":["halation:PlatinumPhoenix","RhineSuit"],"picked":"DeathKnight:Shadowmourne"},{"not_picked":["StuffTheSpire:RunicConfusion","relicPack:ShieldShield"],"picked":"OneHitWonderSystem"}],"items_purged_floors":[],"is_endless":false,"potions_floor_spawned":[3,4,6,13,18,24,25,28,35],"ascension_level":0}}