{"host":"kg61lsvem4dxoat8","time":1610956968,"event":{"mods":["BaseMod","Colored Powertips","Minty Spire (QoL Compilation)","Quick Restart","Rare Cards Sparkle","Relic Stats","slay the spire mod where everything is the same but ironclad has a cowboy hat"],"gold_per_floor":[18,18,35,210,180,180,207,219,231,243,271,293,305,345,357,464,476,508,520,532,42,53,53,84,97,97,97,97,127,147,158,158,158,158],"floor_reached":33,"language":"ENG","playtime":966,"items_purged":["Doubt"],"score":446,"play_id":"079b9ae4-8413-4af8-9b64-563aa12a8772","local_time":"20210118160248","is_ascension_mode":true,"campfire_choices":[{"data":"Feed","floor":6,"key":"SMITH"},{"data":"Rampage","floor":8,"key":"SMITH"},{"floor":10,"key":"REST"},{"floor":13,"key":"REST"},{"floor":15,"key":"REST"},{"floor":23,"key":"REST"},{"floor":28,"key":"REST"},{"floor":32,"key":"REST"}],"circlet_count":0,"master_deck":["Strike_R","Strike_R","Strike_R","Strike_R+1","Defend_R","Defend_R","Defend_R","Defend_R","Bash+1","Feed+1","Armaments+1","Rampage+1","True Grit","Ghostly Armor","Rage","Flame Barrier","Inflame","Seeing Red+1","Blood for Blood"],"relics":["Burning Blood","MawBank","The Courier","FossilizedHelix","Velvet Choker","MutagenicStrength","Enchiridion","ClockworkSouvenir","HornCleat","Bottled Lightning","Regal Pillow","Whetstone"],"acts_visited":["Exordium","TheCity"],"potions_floor_usage":[7,14,14,16,24,24,29,33,33],"damage_taken":[{"damage":6,"enemies":"Cultist","floor":1,"turns":4},{"damage":6,"enemies":"2 Louse","floor":3,"turns":3},{"damage":40,"enemies":"Gremlin Nob","floor":7,"turns":5},{"damage":0,"enemies":"Small Slimes","floor":11,"turns":4},{"damage":50,"enemies":"Red Slaver","floor":12,"turns":7},{"damage":49,"enemies":"Lagavulin","floor":14,"turns":8},{"damage":39,"enemies":"The Guardian","floor":16,"turns":16},{"damage":51,"enemies":"Shell Parasite","floor":18,"turns":7},{"damage":5,"enemies":"2 Thieves","floor":22,"turns":5},{"damage":16,"enemies":"Gremlin Leader","floor":24,"turns":5},{"damage":0,"enemies":"Snake Plant","floor":25,"turns":3},{"damage":83,"enemies":"Slavers","floor":29,"turns":10},{"damage":9,"enemies":"Chosen and Byrds","floor":30,"turns":6},{"damage":0,"enemies":"Cultist and Chosen","floor":31,"turns":7},{"damage":103,"enemies":"Automaton","floor":33,"turns":10}],"seed_played":"-6708462585401134607","potions_obtained":[{"floor":3,"key":"Explosive Potion"},{"floor":5,"key":"SpeedPotion"},{"floor":5,"key":"GamblersBrew"},{"floor":11,"key":"SpeedPotion"},{"floor":14,"key":"Weak Potion"},{"floor":22,"key":"FearPotion"},{"floor":30,"key":"CultistPotion"},{"floor":31,"key":"Dexterity Potion"}],"is_trial":false,"path_per_floor":["M","?","M","?","?","R","E","R","T","R","M","M","R","E","R","B",null,"M","?","?","$","M","R","E","M","T","?","R","E","M","M","R","B"],"character_chosen":"IRONCLAD","items_purchased":["CultistPotion","ClockworkSouvenir","HornCleat","Ghostly Armor"],"campfire_rested":6,"item_purchase_floors":[21,21,21,21],"current_hp_per_floor":[75,75,78,78,78,78,44,44,44,69,79,39,67,28,57,28,84,39,39,23,23,24,54,48,58,58,58,106,33,30,40,90,0,0],"gold":158,"neow_bonus":"THREE_RARE_CARDS","is_daily":false,"chose_seed":false,"campfire_upgraded":2,"win_rate":0.0,"timestamp":1610956968,"path_taken":["M","?","M","?","?","R","E","R","T","R","M","?","R","E","R","BOSS","M","?","?","?","M","R","E","M","T","?","R","E","M","M","R","BOSS"],"items_purchased_type":["Potion","Relic","Relic","Card"],"build_version":"2020-12-22","purchased_purges":1,"victory":false,"max_hp_per_floor":[83,83,86,86,86,86,86,86,86,86,90,94,94,98,98,102,102,102,102,102,102,102,102,106,110,110,110,110,114,114,118,118,118,118],"relic_stats":{"Regal Pillow":30,"counters":[15,100],"Whetstone":["Bash","Strike_R"],"MawBank":168,"obtain_stats":[{"Regal Pillow":26,"HornCleat":21,"MutagenicStrength":19,"Velvet Choker":17,"Enchiridion":20,"The Courier":9,"Bottled Lightning":24,"Whetstone":29,"MawBank":7,"Burning Blood":0,"FossilizedHelix":14,"ClockworkSouvenir":21},{"Regal Pillow":11,"HornCleat":8,"MutagenicStrength":8,"Velvet Choker":7,"Enchiridion":8,"The Courier":3,"Bottled Lightning":10,"Whetstone":12,"MawBank":3,"Burning Blood":0,"FossilizedHelix":6,"ClockworkSouvenir":8},{"Regal Pillow":67,"HornCleat":54,"MutagenicStrength":54,"Velvet Choker":47,"Enchiridion":54,"The Courier":12,"Bottled Lightning":64,"Whetstone":77,"MawBank":12,"Burning Blood":0,"FossilizedHelix":31,"ClockworkSouvenir":54}],"Burning Blood":84},"card_choices":[{"not_picked":["Brutality","Exhume"],"picked":"Feed","floor":0},{"not_picked":["Warcry","Sword Boomerang"],"picked":"Armaments","floor":1},{"not_picked":["Warcry","Twin Strike","Iron Wave"],"picked":"SKIP","floor":3},{"not_picked":["Anger","Cleave"],"picked":"Rampage","floor":7},{"not_picked":["Perfected Strike","Headbutt","Armaments"],"picked":"SKIP","floor":11},{"not_picked":["Heavy Blade","Twin Strike","Perfected Strike"],"picked":"SKIP","floor":12},{"not_picked":["Twin Strike","Shockwave"],"picked":"True Grit","floor":14},{"not_picked":["Perfected Strike","Twin Strike","Body Slam+1"],"picked":"SKIP","floor":18},{"not_picked":["Pummel","Shockwave+1","Havoc"],"picked":"SKIP","floor":22},{"not_picked":["Perfected Strike","Heavy Blade"],"picked":"Rage","floor":24},{"not_picked":["Heavy Blade","Flex"],"picked":"Flame Barrier","floor":25},{"not_picked":["Havoc","Juggernaut"],"picked":"Inflame","floor":29},{"not_picked":["Clash+1","Flex"],"picked":"Seeing Red+1","floor":30},{"not_picked":["Thunderclap","Uppercut+1"],"picked":"Blood for Blood","floor":31}],"player_experience":1384961,"relics_obtained":[{"floor":7,"key":"MawBank"},{"floor":9,"key":"The Courier"},{"floor":14,"key":"FossilizedHelix"},{"floor":20,"key":"Enchiridion"},{"floor":24,"key":"Bottled Lightning"},{"floor":26,"key":"Regal Pillow"},{"floor":29,"key":"Whetstone"}],"event_choices":[{"damage_healed":0,"gold_gain":0,"player_choice":"Grow","damage_taken":0,"max_hp_gain":0,"max_hp_loss":0,"event_name":"Living Wall","floor":2,"gold_loss":0,"cards_upgraded":["Armaments"]},{"damage_healed":0,"gold_gain":175,"player_choice":"AGREE","damage_taken":0,"max_hp_gain":0,"max_hp_loss":0,"event_name":"Liars Game","floor":4,"gold_loss":0,"cards_obtained":["Doubt"]},{"damage_healed":0,"gold_gain":0,"player_choice":"Bought 2 Potions","damage_taken":0,"max_hp_gain":0,"max_hp_loss":0,"event_name":"The Woman in Blue","floor":5,"gold_loss":0},{"damage_healed":0,"gold_gain":0,"player_choice":"Inject Mutagens","damage_taken":0,"relics_obtained":["MutagenicStrength"],"max_hp_gain":0,"max_hp_loss":0,"event_name":"Drug Dealer","floor":19,"gold_loss":0},{"damage_healed":0,"gold_gain":0,"player_choice":"Obtained Book","damage_taken":16,"max_hp_gain":0,"max_hp_loss":0,"event_name":"Cursed Tome","floor":20,"gold_loss":0},{"cards_removed":["Strike_R"],"damage_healed":0,"gold_gain":0,"player_choice":"Elegance","damage_taken":0,"max_hp_gain":0,"max_hp_loss":0,"event_name":"Back to Basics","floor":27,"gold_loss":0}],"is_beta":false,"boss_relics":[{"not_picked":["Snecko Eye","Mark of Pain"],"picked":"Velvet Choker"}],"items_purged_floors":[21],"is_endless":false,"potions_floor_spawned":[3,11,14,22,30,31],"killed_by":"Automaton","ascension_level":7}}