{"host":"tqrb8wakxbnpyjmr","time":1610963189,"event":{"mods":["Act Like it!","BaseMod","Bestiary","Better Altar","Better Skull","Better Third Choice","BetterRewards","CapriCore","Fox Events","Gensokyo","Marisa????????","Minty Spire (QoL Compilation)","Reimu??????","Replay The Spire","Shop Mod","StSLib","The Blue Laboratory","The Immortal","The Servant 0.9.4"],"gold_per_floor":[112,112,112,127,0,0,25,25,25,25,58,58,73,84,84,180,180,200,241,241,255,255,255,255],"floor_reached":22,"language":"ENG","playtime":2412,"items_purged":[],"score":217,"play_id":"0524d401-fc11-4126-b209-ebd7c24ff761","local_time":"25640118164629","is_ascension_mode":false,"campfire_choices":[{"data":"MokouMod:IgnitionBarrier","floor":8,"key":"SMITH"},{"floor":12,"key":"REST"}],"circlet_count":0,"master_deck":["MokouMod:Strike","MokouMod:Strike","MokouMod:Strike","MokouMod:Strike","MokouMod:Strike","MokouMod:Defend","MokouMod:Defend","MokouMod:Defend","MokouMod:HeatSpark","MokouMod:FlareStarter","MokouMod:IgnitionBarrier+1","MokouMod:InfernalWave+1","MokouMod:Meltdown","MokouMod:PhoenixForm","MokouMod:AdaptivePyromancy+1","MokouMod:ResonanceReactor","MokouMod:RoaringFlare+1","MokouMod:Scorch"],"relics":["MokouMod:PhoenixFeather","NeowsBlessing","Juzu Bracelet","CrazyTorch:ReiMu","Gensokyo:Mercy","Calipers","Tea:ReiMu","Gambling Chip","Velvet Choker","Onion Ring"],"acts_visited":["Gensokyo:Gensokyo","Gensokyo:Gensokyoer"],"potions_floor_usage":[11,13],"damage_taken":[{"damage":0,"enemies":"Gensokyo:3_Fairies","floor":1,"turns":2},{"damage":0,"enemies":"Gensokyo:Gryphon","floor":4,"turns":1},{"damage":0,"enemies":"Gensokyo:Cirno","floor":7,"turns":2},{"damage":38,"enemies":"Gensokyo:Aya","floor":11,"turns":12},{"damage":3,"enemies":"Gensokyo:Python","floor":13,"turns":4},{"damage":5,"enemies":"Gensokyo:Gryphon_and_Rabbit","floor":14,"turns":7},{"damage":73,"enemies":"Gensokyo:Reimu","floor":16,"turns":21},{"damage":8,"enemies":"Gensokyo:CosmicMonolith","floor":18,"turns":6},{"damage":5,"enemies":"Gensokyo:AngelMirror","floor":21,"turns":5},{"damage":26,"enemies":"Gensokyo:Slime_Group","floor":22,"turns":4}],"seed_played":"992918688351858035","potions_obtained":[{"floor":1,"key":"Explosive Potion"},{"floor":4,"key":"LiquidMemories"},{"floor":16,"key":"blueLaboratory:FrostheartPotion"},{"floor":18,"key":"blueLaboratory:BottleOfRum"}],"is_trial":false,"path_per_floor":["M","?","$","M","COS","?","E","R","T","?","E","R","M","M","R","B",null,"M","?","?","M","M"],"character_chosen":"MKU","items_purchased":[],"campfire_rested":1,"item_purchase_floors":[],"current_hp_per_floor":[75,75,75,75,75,60,60,60,60,60,22,44,41,36,58,13,75,67,49,49,44,18,18,18],"gold":255,"neow_bonus":"THREE_ENEMY_KILL","is_daily":false,"chose_seed":false,"campfire_upgraded":1,"win_rate":0.0,"timestamp":1610963189,"path_taken":["M","?","$","?","COS","?","E","R","T","?","E","R","M","M","R","BOSS","M","?","?","M","M"],"items_purchased_type":[],"build_version":"2020-12-22","purchased_purges":0,"victory":false,"max_hp_per_floor":[75,75,75,75,75,75,75,75,75,75,75,75,75,75,75,75,75,75,75,75,75,75,75,75],"card_choices":[{"not_picked":["MokouMod:PhoenixFeathers","MokouMod:Ember"],"picked":"MokouMod:FlareStarter","floor":1},{"not_picked":["MokouMod:Sear","MokouMod:BurningDraft"],"picked":"MokouMod:IgnitionBarrier","floor":4},{"not_picked":["MokouMod:Meltdown","MokouMod:Afterburner"],"picked":"MokouMod:Combust","floor":7},{"not_picked":["MokouMod:ScorchingColumn","MokouMod:Stoke"],"picked":"MokouMod:InfernalWave","floor":11},{"not_picked":["MokouMod:Singe","MokouMod:FlareStarter","MokouMod:SubterraneanCore"],"picked":"SKIP","floor":13},{"not_picked":["MokouMod:Overheat","MokouMod:DanceofFlames"],"picked":"MokouMod:Meltdown","floor":14},{"not_picked":["MokouMod:ExplosiveFlame","MokouMod:Ventilation"],"picked":"MokouMod:PhoenixForm","floor":16},{"not_picked":["MokouMod:Singe","MokouMod:RetainTemperature"],"picked":"MokouMod:AdaptivePyromancy+1","floor":18},{"not_picked":["MokouMod:ScorchedEarth+1","MokouMod:IllusoryBattlefield"],"picked":"MokouMod:ResonanceReactor","floor":19},{"not_picked":["MokouMod:InfernalWave","MokouMod:SearingShot"],"picked":"MokouMod:RoaringFlare+1","floor":19},{"not_picked":["MokouMod:UncontrollableSolarReaction","MokouMod:ResoluteFlare"],"picked":"MokouMod:Scorch","floor":21}],"player_experience":285318,"relics_obtained":[{"floor":7,"key":"CrazyTorch:ReiMu"},{"floor":11,"key":"Calipers"},{"floor":19,"key":"Onion Ring"}],"event_choices":[],"is_beta":false,"boss_relics":[{"not_picked":["Calling Bell","SlaversCollar"],"picked":"Velvet Choker"}],"items_purged_floors":[],"is_endless":false,"potions_floor_spawned":[1,4,16,18],"killed_by":"Gensokyo:Slime_Group","ascension_level":0}}