{"host":"e1wc9sdc4kdvhg3d","time":1610928551,"event":{"mods":["AchievementEnabler","BaseMod","BetterRewards","Highlight Path","Minty Spire (QoL Compilation)","Relic Stats","StSLib"],"gold_per_floor":[116,116,134,150,166,195,210,239,266,214,244,244,244,244,244,340,340,353,353,342,342,29,64,64,94,120,137,167,187,187,207,207,310,310,329,379,56,56,75,75,106,106,131,149,149,169,182,200,200,200,200,200,22,47,47,47],"floor_reached":55,"language":"ENG","playtime":3128,"items_purged":[],"score":1443,"play_id":"5e2ba32b-1cd1-4815-b71e-e30f47e6306b","local_time":"20210117180911","is_ascension_mode":true,"campfire_choices":[{"data":"Armaments","floor":12,"key":"SMITH"},{"data":"Intimidate","floor":15,"key":"SMITH"},{"data":"Heavy Blade","floor":24,"key":"SMITH"},{"data":"Uppercut","floor":32,"key":"SMITH"},{"floor":40,"key":"RECALL"},{"data":"Impervious","floor":42,"key":"SMITH"},{"data":"Offering","floor":45,"key":"SMITH"},{"data":"Pommel Strike","floor":49,"key":"SMITH"},{"data":"Shrug It Off","floor":52,"key":"SMITH"}],"circlet_count":0,"master_deck":["Strike_R","Strike_R","Strike_R","Strike_R+1","Defend_R","Defend_R","Defend_R","Defend_R","Bash+1","Inflame+1","Perfected Strike+1","Pommel Strike+1","Twin Strike","Metallicize+1","Offering+1","Intimidate+1","Armaments+1","Spot Weakness","Barricade+1","Heavy Blade+1","Shrug It Off+1","Sword Boomerang","Uppercut+1","Impervious+1","Clumsy","Shame","Inflame+1","Parasite","True Grit+1","Infernal Blade+1","Dark Embrace+1","Inflame+1","Fire Breathing+1","Flame Barrier+1"],"relics":["Burning Blood","Frozen Egg 2","PreservedInsect","Calipers","White Beast Statue","Eternal Feather","Lantern","Tiny Chest","Black Star","Ginger","Red Skull","Champion Belt","The Courier","Vajra","Whetstone","Singing Bowl","Paper Frog","Enchiridion","Cursed Key","Du-Vu Doll","Shuriken","Strawberry","Blue Candle","Charon\u0027s Ashes","MealTicket","Anchor","Ornamental Fan","Happy Flower"],"acts_visited":["Exordium","TheCity","TheBeyond","TheEnding"],"potions_floor_usage":[6,8,16,16,23,23,25,25,28,28,33,33,33,36,50,55,55,55],"damage_taken":[{"damage":0,"enemies":"2 Louse","floor":1,"turns":2},{"damage":6,"enemies":"Cultist","floor":3,"turns":3},{"damage":7,"enemies":"Small Slimes","floor":4,"turns":3},{"damage":19,"enemies":"Exordium Thugs","floor":5,"turns":4},{"damage":10,"enemies":"3 Sentries","floor":6,"turns":6},{"damage":6,"enemies":"Blue Slaver","floor":7,"turns":1},{"damage":6,"enemies":"Lagavulin","floor":8,"turns":4},{"damage":10,"enemies":"3 Sentries","floor":11,"turns":4},{"damage":0,"enemies":"Slime Boss","floor":16,"turns":5},{"damage":14,"enemies":"Spheric Guardian","floor":18,"turns":5},{"damage":31,"enemies":"2 Thieves","floor":20,"turns":4},{"damage":20,"enemies":"Gremlin Leader","floor":23,"turns":6},{"damage":10,"enemies":"Slavers","floor":25,"turns":4},{"damage":7,"enemies":"Sentry and Sphere","floor":27,"turns":3},{"damage":0,"enemies":"Gremlin Leader","floor":28,"turns":2},{"damage":5,"enemies":"Snake Plant","floor":29,"turns":3},{"damage":1,"enemies":"Centurion and Healer","floor":31,"turns":7},{"damage":38,"enemies":"Champ","floor":33,"turns":11},{"damage":27,"enemies":"3 Darklings","floor":35,"turns":3},{"damage":4,"enemies":"Mind Bloom Boss Battle","floor":36,"turns":7},{"damage":6,"enemies":"Orb Walker","floor":39,"turns":4},{"damage":4,"enemies":"Giant Head","floor":41,"turns":6},{"damage":22,"enemies":"Transient","floor":44,"turns":5},{"damage":1,"enemies":"Writhing Mass","floor":46,"turns":5},{"damage":12,"enemies":"Spire Growth","floor":47,"turns":4},{"damage":7,"enemies":"Transient","floor":48,"turns":5},{"damage":38,"enemies":"Time Eater","floor":50,"turns":9},{"damage":40,"enemies":"Shield and Spear","floor":54,"turns":6},{"damage":67,"enemies":"The Heart","floor":55,"turns":5}],"seed_played":"2926530476451101139","potions_obtained":[{"floor":4,"key":"Block Potion"},{"floor":6,"key":"DuplicationPotion"},{"floor":7,"key":"DuplicationPotion"},{"floor":8,"key":"AttackPotion"},{"floor":16,"key":"LiquidBronze"},{"floor":18,"key":"EssenceOfSteel"},{"floor":20,"key":"Weak Potion"},{"floor":23,"key":"EssenceOfSteel"},{"floor":25,"key":"LiquidMemories"},{"floor":27,"key":"FearPotion"},{"floor":28,"key":"DuplicationPotion"},{"floor":29,"key":"BlessingOfTheForge"},{"floor":31,"key":"SteroidPotion"},{"floor":33,"key":"SteroidPotion"},{"floor":35,"key":"EssenceOfSteel"},{"floor":36,"key":"LiquidBronze"},{"floor":39,"key":"DuplicationPotion"},{"floor":41,"key":"DistilledChaos"},{"floor":46,"key":"BlessingOfTheForge"},{"floor":48,"key":"Energy Potion"},{"floor":54,"key":"FearPotion"}],"is_trial":false,"path_per_floor":["M","?","M","M","M","E","M","E","T","$","E","R","?","?","R","B",null,"M","?","M","T","$","E","R","E","T","M","E","M","?","M","R","B",null,"M","?","$","T","M","R","E","R","T","M","R","M","M","M","R","B",null,"R","$","E","B"],"character_chosen":"IRONCLAD","items_purchased":["Frozen Egg 2","PreservedInsect","Inflame+1","Perfected Strike","PowerPotion","Ginger","Sword Boomerang","Shuriken","Strawberry","Dark Embrace+1","Inflame+1","Fire Breathing+1"],"campfire_rested":0,"item_purchase_floors":[0,0,0,0,10,22,22,37,37,53,53,53],"current_hp_per_floor":[78,78,78,77,64,60,60,60,60,60,56,65,65,65,74,80,80,72,72,47,47,47,33,45,41,41,40,48,51,35,40,52,20,68,49,53,60,60,62,77,81,96,96,80,95,99,95,94,101,69,93,101,101,67,0,0],"gold":47,"neow_bonus":"","is_daily":false,"chose_seed":false,"campfire_upgraded":8,"win_rate":0.0,"timestamp":1610928551,"path_taken":["M","?","M","M","M","E","?","E","T","$","E","R","?","?","R","BOSS","M","?","M","?","$","E","R","E","T","M","E","M","?","?","R","BOSS","M","?","$","?","M","R","E","R","T","M","R","?","M","M","R","BOSS","R","$","E","BOSS"],"items_purchased_type":["Relic","Relic","Card","Card","Potion","Relic","Card","Relic","Relic","Card","Card","Card"],"build_version":"2020-12-22","purchased_purges":0,"victory":false,"max_hp_per_floor":[80,80,80,80,80,80,80,80,80,80,80,80,80,80,80,80,80,80,80,80,80,80,80,80,80,80,80,82,84,84,84,84,84,84,86,88,95,95,97,97,99,99,99,99,99,99,101,101,101,101,101,101,101,101,101,101],"relic_stats":{"Singing Bowl":14,"Happy Flower":[1],"counters":[81,410],"Blue Candle":[8],"Eternal Feather":102,"PreservedInsect":416,"Charon\u0027s Ashes":[93],"Ginger":[19],"Whetstone":["Perfected Strike","Strike_R"],"Cursed Key":2,"Burning Blood":461,"Shuriken":[73],"Ornamental Fan":[0],"Tiny Chest":2,"MealTicket":42,"Black Star":5,"Champion Belt":[29],"obtain_stats":[{"Calipers":21,"Gremlin Horn":26,"Vajra":25,"Whetstone":14,"Ginger":22,"Old Coin":13,"Blood Vial":10,"Strawberry":37,"Philosopher\u0027s Stone":17,"MealTicket":41,"Toxic Egg 2":6,"Happy Flower":54,"Blue Candle":23,"Eternal Feather":9,"Pen Nib":9,"Charon\u0027s Ashes":41,"Du-Vu Doll":36,"Shuriken":37,"Bronze Scales":37,"Bird Faced Urn":43,"Molten Egg 2":42,"Black Star":17,"Darkstone Periapt":25,"Regal Pillow":25,"Lantern":9,"Singing Bowl":28,"Enchiridion":30,"Incense Burner":10,"Bag of Preparation":13,"Cursed Key":17,"Smiling Mask":9,"Burning Blood":0,"ClockworkSouvenir":0,"Dream Catcher":27,"Matryoshka":8,"Mummified Hand":6,"Tiny Chest":2,"Red Mask":20,"Red Skull":8,"Paper Frog":28,"Thread and Needle":12,"PreservedInsect":0,"The Courier":25,"Omamori":10,"Frozen Egg 2":0,"MawBank":7,"White Beast Statue":6,"Anchor":43,"Ornamental Fan":54,"Coffee Dripper":34,"Bottled Lightning":43,"Champion Belt":23},{"Calipers":11,"Gremlin Horn":13,"Vajra":65,"Whetstone":8,"Ginger":63,"Old Coin":7,"Blood Vial":32,"Strawberry":72,"Philosopher\u0027s Stone":35,"MealTicket":74,"Toxic Egg 2":30,"Happy Flower":80,"Blue Candle":12,"Eternal Feather":21,"Pen Nib":5,"Charon\u0027s Ashes":74,"Du-Vu Doll":72,"Shuriken":72,"Bronze Scales":45,"Bird Faced Urn":48,"Molten Egg 2":48,"Black Star":61,"Darkstone Periapt":40,"Regal Pillow":13,"Lantern":59,"Singing Bowl":67,"Enchiridion":68,"Incense Burner":22,"Bag of Preparation":33,"Cursed Key":9,"Smiling Mask":21,"Burning Blood":0,"ClockworkSouvenir":16,"Dream Catcher":14,"Matryoshka":21,"Mummified Hand":20,"Tiny Chest":17,"Red Mask":11,"Red Skull":32,"Paper Frog":67,"Thread and Needle":32,"PreservedInsect":0,"The Courier":65,"Omamori":6,"Frozen Egg 2":52,"MawBank":5,"White Beast Statue":57,"Anchor":74,"Ornamental Fan":80,"Coffee Dripper":43,"Bottled Lightning":48,"Champion Belt":64},{"Calipers":52,"Gremlin Horn":63,"Vajra":325,"Whetstone":30,"Ginger":315,"Old Coin":26,"Blood Vial":159,"Strawberry":361,"Philosopher\u0027s Stone":178,"MealTicket":371,"Toxic Egg 2":150,"Happy Flower":405,"Blue Candle":58,"Eternal Feather":104,"Pen Nib":19,"Charon\u0027s Ashes":371,"Du-Vu Doll":361,"Shuriken":361,"Bronze Scales":236,"Bird Faced Urn":249,"Molten Egg 2":249,"Black Star":306,"Darkstone Periapt":204,"Regal Pillow":63,"Lantern":297,"Singing Bowl":330,"Enchiridion":333,"Incense Burner":111,"Bag of Preparation":167,"Cursed Key":40,"Smiling Mask":104,"Burning Blood":0,"ClockworkSouvenir":80,"Dream Catcher":71,"Matryoshka":104,"Mummified Hand":99,"Tiny Chest":85,"Red Mask":52,"Red Skull":159,"Paper Frog":330,"Thread and Needle":159,"PreservedInsect":0,"The Courier":325,"Omamori":24,"Frozen Egg 2":274,"MawBank":19,"White Beast Statue":292,"Anchor":371,"Ornamental Fan":405,"Coffee Dripper":226,"Bottled Lightning":249,"Champion Belt":321}]},"card_choices":[{"not_picked":["Havoc","Ghostly Armor"],"picked":"Pommel Strike","floor":1},{"not_picked":["Ghostly Armor","Wild Strike"],"picked":"Twin Strike","floor":3},{"not_picked":["Disarm","True Grit"],"picked":"Metallicize+1","floor":4},{"not_picked":["Anger","Headbutt","Body Slam"],"picked":"SKIP","floor":5},{"not_picked":["Clash","Exhume"],"picked":"Offering","floor":6},{"not_picked":["Wild Strike","Dual Wield"],"picked":"Intimidate","floor":7},{"not_picked":["Twin Strike","Heavy Blade"],"picked":"Armaments","floor":8},{"not_picked":["True Grit","Searing Blow"],"picked":"Spot Weakness","floor":11},{"not_picked":["Impervious","Juggernaut+1"],"picked":"Barricade+1","floor":16},{"not_picked":["Hemokinesis","Iron Wave+1"],"picked":"Heavy Blade","floor":18},{"not_picked":["Flex","Sever Soul"],"picked":"Shrug It Off","floor":20},{"not_picked":["Perfected Strike","Feel No Pain+1","Searing Blow+1"],"picked":"SKIP","floor":23},{"not_picked":["Twin Strike","Clash","Entrench"],"picked":"SKIP","floor":25},{"not_picked":["Corruption+1","Infernal Blade","Body Slam"],"picked":"SKIP","floor":27},{"not_picked":["Pommel Strike","Clash","Clothesline+1"],"picked":"Singing Bowl","floor":28},{"not_picked":["Spot Weakness","Wild Strike","Clothesline"],"picked":"Singing Bowl","floor":29},{"not_picked":["Shockwave","Pommel Strike"],"picked":"Uppercut","floor":31},{"not_picked":["Offering","Feed"],"picked":"Impervious","floor":33},{"not_picked":["Perfected Strike","Anger","Twin Strike+1"],"picked":"Singing Bowl","floor":35},{"not_picked":["Anger+1","Havoc","Searing Blow+1"],"picked":"Singing Bowl","floor":36},{"not_picked":["Uppercut","Headbutt","Wild Strike"],"picked":"Singing Bowl","floor":39},{"not_picked":["Dual Wield","Hemokinesis+1","Disarm+1"],"picked":"Singing Bowl","floor":41},{"not_picked":["Clash+1","Headbutt+1"],"picked":"Inflame+1","floor":44},{"not_picked":["Exhume","Warcry"],"picked":"True Grit+1","floor":46},{"not_picked":["Perfected Strike","Reckless Charge","Heavy Blade+1"],"picked":"Singing Bowl","floor":47},{"not_picked":["Rage+1","Intimidate"],"picked":"Infernal Blade+1","floor":48},{"not_picked":["Infernal Blade","Whirlwind"],"picked":"Flame Barrier+1","floor":54}],"player_experience":468482,"relics_obtained":[{"floor":6,"key":"White Beast Statue"},{"floor":8,"key":"Eternal Feather"},{"floor":9,"key":"Lantern"},{"floor":11,"key":"Tiny Chest"},{"floor":23,"key":"Red Skull"},{"floor":23,"key":"Champion Belt"},{"floor":25,"key":"The Courier"},{"floor":25,"key":"Vajra"},{"floor":26,"key":"Whetstone"},{"floor":28,"key":"Singing Bowl"},{"floor":28,"key":"Paper Frog"},{"floor":30,"key":"Enchiridion"},{"floor":36,"key":"Du-Vu Doll"},{"floor":38,"key":"Blue Candle"},{"floor":41,"key":"Charon\u0027s Ashes"},{"floor":41,"key":"MealTicket"},{"floor":43,"key":"Anchor"},{"floor":54,"key":"Ornamental Fan"},{"floor":54,"key":"Happy Flower"}],"event_choices":[{"cards_removed":["Strike_R"],"damage_healed":0,"gold_gain":0,"player_choice":"Purged","damage_taken":0,"max_hp_gain":0,"max_hp_loss":0,"event_name":"Purifier","floor":2,"gold_loss":0},{"damage_healed":0,"gold_gain":0,"player_choice":"Ignored","damage_taken":0,"max_hp_gain":0,"max_hp_loss":0,"event_name":"Golden Wing","floor":13,"gold_loss":0},{"damage_healed":0,"gold_gain":0,"player_choice":"Forge","damage_taken":0,"max_hp_gain":0,"max_hp_loss":0,"event_name":"Accursed Blacksmith","floor":14,"gold_loss":0,"cards_upgraded":["Bash"]},{"damage_healed":0,"gold_gain":0,"player_choice":"Ignored","damage_taken":0,"max_hp_gain":0,"max_hp_loss":0,"event_name":"Ghosts","floor":19,"gold_loss":0},{"damage_healed":0,"gold_gain":0,"player_choice":"Obtained Book","damage_taken":16,"max_hp_gain":0,"max_hp_loss":0,"event_name":"Cursed Tome","floor":30,"gold_loss":0},{"damage_healed":0,"gold_gain":0,"player_choice":"Fight","damage_taken":0,"max_hp_gain":0,"max_hp_loss":0,"event_name":"MindBloom","floor":36,"gold_loss":0}],"is_beta":false,"boss_relics":[{"not_picked":["SlaversCollar","Tiny House"],"picked":"Black Star"},{"not_picked":["Busted Crown","SacredBark"],"picked":"Cursed Key"}],"items_purged_floors":[],"is_endless":false,"potions_floor_spawned":[4,6,7,8,11,16,18,20,23,25,27,28,29,31,33,35,36,39,41,44,46,47,48,54],"killed_by":"The Heart","ascension_level":6}}