{"host":"9kesdg97wkrx2bva","time":1610934610,"event":{"mods":["AchievementEnabler","BaseMod","Colored Map","GifTheSpireLib","Infinite Spire","Minty Spire (QoL Compilation)","Replay The Spire","StSLib"],"gold_per_floor":[116,116,116,2,19,51,51,51,51],"floor_reached":8,"language":"ENG","playtime":213,"items_purged":["Voices"],"score":100,"play_id":"fd6c3f27-fda3-4094-8a37-80ae9acf67ff","local_time":"20210117195010","is_ascension_mode":true,"campfire_choices":[{"data":"Reprogram","floor":7,"key":"SMITH"}],"circlet_count":0,"master_deck":["AscendersBane","Strike_B","Strike_B","Strike_B","Strike_B","Defend_B","Defend_B","Defend_B","Defend_B","Zap+1","Dualcast","Reprogram+1","infinitespire:NeuralNetwork","ReplayTheSpireMod:Calculation Training","Gash"],"relics":["Cracked Core","ReplayTheSpireMod:Ring of Exchange","Ring of Peace","Gremlin Horn"],"acts_visited":["Exordium"],"potions_floor_usage":[8],"damage_taken":[{"damage":3,"enemies":"Small Slimes","floor":1,"turns":3},{"damage":0,"enemies":"2 Louse","floor":5,"turns":3},{"damage":20,"enemies":"Lagavulin","floor":6,"turns":7},{"damage":29,"enemies":"3 Sentries","floor":8,"turns":4}],"seed_played":"2981183962185502450","potions_obtained":[{"floor":6,"key":"Milkshake"}],"is_trial":false,"path_per_floor":["M","?","?","$","M","E","R","E"],"character_chosen":"DEFECT","items_purchased":["ReplayTheSpireMod:Calculation Training"],"campfire_rested":0,"item_purchase_floors":[4],"current_hp_per_floor":[61,61,45,45,45,25,25,0,0],"gold":51,"neow_bonus":"UPGRADE_CARD","is_daily":false,"chose_seed":false,"campfire_upgraded":1,"win_rate":0.0,"timestamp":1610934610,"path_taken":["M","?","?","$","M","E","R","E"],"items_purchased_type":["Card"],"build_version":"2020-12-22","purchased_purges":1,"victory":false,"max_hp_per_floor":[71,71,71,71,71,71,71,71,71],"card_choices":[{"not_picked":["Steam","Cold Snap"],"picked":"Reprogram","floor":1},{"not_picked":["infinitespire:FinalStrike","ReplayTheSpireMod:??????????????????????"],"picked":"infinitespire:NeuralNetwork","floor":3},{"not_picked":["Creative AI","Double Energy"],"picked":"Gash","floor":5},{"not_picked":["Lockon","ReplayTheSpireMod:Repulse","Steam Power"],"picked":"SKIP","floor":6}],"player_experience":937372,"relics_obtained":[{"floor":2,"key":"ReplayTheSpireMod:Ring of Exchange"},{"floor":2,"key":"Ring of Peace"},{"floor":6,"key":"Gremlin Horn"}],"event_choices":[],"is_beta":false,"boss_relics":[],"items_purged_floors":[4],"is_endless":false,"potions_floor_spawned":[6],"killed_by":"3 Sentries","ascension_level":17}}