{"host":"appz8zkad29u9482","time":1610955665,"event":{"mods":["2.2 Compatiblity","Act Like it!","Aspiration","BaseMod","Beaked The Cultist","Better Altar","Better Match","Better Note","Better Skull","Better Third Choice","BetterRewards","CapriCore","Conspire","Disable Question Mark Monsters","Energized Spire","Gensokyo","GifTheSpireLib","Gold Saver","Halation","Hermit","Hubris","Infinite Spire","Jedi Mod","Marisa????????","Minty Spire (QoL Compilation)","Permanent Neow","Reimu??????","Replay The Spire","Spicy Shops","StSLib","Strawberry Spire","Stuff the Spire","The Administrix","The Alterego","The Bug Knight","The Construct","The Cursed","The Florist","The Hierophant","The Immortal","The Servant 0.9.4","yUi"],"gold_per_floor":[567,583,583,338,353,353,278,304,304,304,318,318,343,343,439,536,536,555,555,573,585,585,585,585,585,609,725,783,209,209,209],"floor_reached":30,"language":"ENG","playtime":1804,"items_purged":[],"score":321,"play_id":"685f9e9a-229c-4b91-82b3-8742fdd97e79","local_time":"20210117214105","is_ascension_mode":true,"campfire_choices":[{"data":"ReplayTheSpireMod:Brewmster","floor":6,"key":"SMITH"},{"floor":10,"key":"REST"},{"data":"Iron Wave","floor":12,"key":"SMITH"},{"floor":23,"key":"REST"},{"data":"strawberrySpire:Hellbender","floor":25,"key":"SMITH"}],"circlet_count":0,"master_deck":["Strike_R","Strike_R","Strike_R","Strike_R","Strike_R","Defend_R","Defend_R","Bash","Pommel Strike+1","strawberrySpire:DraftPunk","ReplayTheSpireMod:Brewmster+1","Iron Wave+1","Carnage","strawberrySpire:Hellbender+1","Rage","Clothesline+1","TheCursedMod:VitalStrike","hubris:StunningStrike+1","Poisoned Strike+1","Replay:Sssssssssstrike","HollowMod:SoulStrike","Perfected Strike","Replay:Undeath\u0027s Touch","Magnetism","Barricade+1","ReplayTheSpireMod:LeadingStrike+1","Pot Of Greed","Pot Of Greed","Pot Of Greed"],"relics":["hubris:BundleOfHerbs","halation:PeacePiece","Frozen Eye","aspiration:StickyExplosives_weak","King of Hearts","StuffTheSpire:BlackoutCurse","FadedRune:ReiMu","jedi:laserpointer","Bow_fan:ReiMu","Cables","Guide Book","Replay:Wanted Poster","conspire:BottledYoYo","infinitespire:Satchel","strawberrySpire:GlyphStone","Grinning Jar","infinitespire:EmptyRelic","infinitespire:Chaos"],"acts_visited":["Exordium","TheCity"],"potions_floor_usage":[5,8,8,8,8,8,11,11,11,13,13,13,13,16,16,16,16,16,16,16,16,18,18,18,21,21,21,21,21,28,28,28,28,28],"damage_taken":[{"damage":8,"enemies":"2 Louse","floor":1,"turns":3},{"damage":6,"enemies":"Cultist","floor":2,"turns":3},{"damage":14,"enemies":"infinitespire:Voidling","floor":5,"turns":3},{"damage":64,"enemies":"3 Sentries","floor":8,"turns":10},{"damage":32,"enemies":"Gremlin Gang","floor":11,"turns":4},{"damage":5,"enemies":"Gremlin Nob","floor":13,"turns":4},{"damage":43,"enemies":"Fading Forest","floor":16,"turns":11},{"damage":34,"enemies":"2 Thieves","floor":18,"turns":4},{"damage":0,"enemies":"Chosen","floor":20,"turns":4},{"damage":22,"enemies":"conspire:HollyBat","floor":21,"turns":8},{"damage":29,"enemies":"conspire:Head Lice","floor":28,"turns":5},{"damage":0,"enemies":"Shelled Parasite and Fungi","floor":30,"turns":1}],"seed_played":"8570307973402673450","potions_obtained":[{"floor":2,"key":"AttackPotion"},{"floor":8,"key":"SpeedPotion"},{"floor":11,"key":"Elixir"},{"floor":16,"key":"Strength Potion"},{"floor":19,"key":"DuplicationPotion"},{"floor":20,"key":"DuplicationPotion"}],"is_trial":false,"path_per_floor":["M","M","?","$","M","R","$","E","T","R","M","R","E","?","R","B",null,"M","?","M","M","?","R","?","R","T","?","E","$","M"],"character_chosen":"IRONCLAD","items_purchased":["ReplayTheSpireMod:Brewmster","infinitespire:Lucky Rock","Magnetism","TentaclePot:ReiMu","halation:Trompette","StuffTheSpire:GrapeVine","Strawberry","infinitespire:Chaos"],"campfire_rested":2,"item_purchase_floors":[4,7,29,29,29,29,29,29],"current_hp_per_floor":[70,70,70,70,67,67,67,19,19,40,14,14,15,72,72,43,72,44,44,50,34,34,70,73,73,73,23,7,29,29,29],"gold":209,"neow_bonus":"ONE_RARE_RELIC","is_daily":false,"chose_seed":false,"campfire_upgraded":3,"win_rate":0.0,"timestamp":1610955665,"path_taken":["M","M","?","$","M","R","$","E","T","R","M","R","E","?","R","BOSS","M","?","?","?","?","R","?","R","T","?","E","$","M"],"items_purchased_type":["Card","Relic","Card","Relic","Relic","Relic","Relic","Relic"],"build_version":"2020-12-22","purchased_purges":0,"victory":false,"max_hp_per_floor":[72,72,72,72,72,72,72,72,72,72,72,72,72,72,72,72,72,72,72,72,72,72,72,75,75,75,75,75,82,82,82],"card_choices":[{"not_picked":["Havoc","StuffTheSpire:RockThrow"],"picked":"Pommel Strike","floor":1},{"not_picked":["jedi:controlledanger","Flame Barrier"],"picked":"strawberrySpire:DraftPunk","floor":2},{"not_picked":["ReplayReversal","StuffTheSpire:RockThrow","Body Slam"],"picked":"SKIP","floor":5},{"not_picked":["strawberrySpire:Spite","StuffTheSpire:Incineration"],"picked":"Iron Wave","floor":8},{"not_picked":["jedi:bloodyhammer","Iron Wave"],"picked":"strawberrySpire:JustAWound","floor":11},{"not_picked":["Second Wind","ReplayTheSpireMod:Stacked"],"picked":"Carnage","floor":13},{"not_picked":["Barricade","Double Tap"],"picked":"strawberrySpire:Hellbender","floor":16},{"not_picked":["jedi:fear","Anger","Heavy Blade"],"picked":"SKIP","floor":18},{"not_picked":["Clothesline","StuffTheSpire:RagingBull+1"],"picked":"Rage","floor":20},{"not_picked":["Havoc","strawberrySpire:Endurance"],"picked":"Clothesline+1","floor":21},{"not_picked":["strawberrySpire:DebrisPile","strawberrySpire:ZonePlayer"],"picked":"Replay:Undeath\u0027s Touch","floor":28}],"player_experience":550871,"relics_obtained":[{"floor":8,"key":"Pen Nib"},{"floor":9,"key":"infinitespire:Eraser"},{"floor":13,"key":"Regal Pillow"},{"floor":26,"key":"StuffTheSpire:Gunfinga"},{"floor":28,"key":"Blue Doll"}],"event_choices":[{"cards_removed":["strawberrySpire:JustAWound"],"damage_healed":57,"gold_gain":0,"player_choice":"Offered Uncommon","damage_taken":0,"max_hp_gain":0,"max_hp_loss":0,"event_name":"Bonfire Elementals","floor":14,"gold_loss":0},{"damage_healed":0,"gold_gain":0,"player_choice":"Got Potions","damage_taken":0,"max_hp_gain":0,"max_hp_loss":0,"event_name":"Lab","floor":19,"gold_loss":0},{"damage_healed":0,"gold_gain":116,"player_choice":"RE UP GO RE ","damage_taken":57,"relics_obtained":["MealTicket","MawBank"],"max_hp_gain":0,"max_hp_loss":0,"event_name":"betterSkull:BetterSkull","floor":27,"gold_loss":0,"cards_upgraded":["Pommel Strike"]}],"is_beta":false,"boss_relics":[{"not_picked":["strawberrySpire:SolarisEssence","Fusion Hammer"],"picked":"hubris:RunicObelisk"}],"items_purged_floors":[],"is_endless":false,"potions_floor_spawned":[2,8,11,16,20],"killed_by":"Shelled Parasite and Fungi","ascension_level":3}}