{"host":"w4b7hmige5bnqipq","time":1610982675,"event":{"mods":["2.2 Compatiblity","BaseMod","Colored Map","DeckTracker","Keyboard Shortcuts","Minty Spire (QoL Compilation)","Permanent Neow","Rare Cards Sparkle","SuperFastMode","everything is the same but u backflip on backflip","slay the spire mod where everything is the same but ironclad has a cowboy hat"],"gold_per_floor":[124,147,159,181,205,217,263,275,313,325,325],"floor_reached":10,"language":"KOR","playtime":191,"items_purged":[],"score":136,"play_id":"4c053119-024e-45ce-a98e-116cde3a5473","local_time":"20210118231115","is_ascension_mode":true,"campfire_choices":[{"data":"Neutralize","floor":6,"key":"SMITH"},{"data":"Bouncing Flask","floor":8,"key":"SMITH"}],"circlet_count":0,"master_deck":["AscendersBane","Strike_G","Strike_G","Strike_G","Strike_G","Strike_G","Defend_G","Defend_G","Defend_G","Defend_G","Defend_G","Survivor","Neutralize+1","Bouncing Flask+1","Pain"],"relics":["Ring of the Snake","MawBank","WarpedTongs","Lantern","Potion Belt"],"acts_visited":["Exordium"],"potions_floor_usage":[7,10],"damage_taken":[{"damage":0,"enemies":"2 Louse","floor":1,"turns":4},{"damage":1,"enemies":"Cultist","floor":2,"turns":4},{"damage":5,"enemies":"Small Slimes","floor":4,"turns":3},{"damage":9,"enemies":"Red Slaver","floor":5,"turns":3},{"damage":18,"enemies":"Lagavulin","floor":7,"turns":5},{"damage":26,"enemies":"Gremlin Nob","floor":10,"turns":3}],"seed_played":"-5432795152563035634","potions_obtained":[{"floor":1,"key":"Poison Potion"},{"floor":4,"key":"Weak Potion"}],"is_trial":false,"path_per_floor":["M","M","?","M","M","R","E","R","T","E"],"character_chosen":"THE_SILENT","items_purchased":[],"campfire_rested":0,"item_purchase_floors":[],"current_hp_per_floor":[59,58,58,53,44,44,26,26,26,0,0],"gold":325,"neow_bonus":"RANDOM_COMMON_RELIC","is_daily":false,"chose_seed":false,"campfire_upgraded":2,"win_rate":0.0,"timestamp":1610982675,"path_taken":["M","M","?","?","M","R","E","R","T","E"],"items_purchased_type":[],"build_version":"2020-12-22","purchased_purges":0,"victory":false,"max_hp_per_floor":[66,66,66,66,66,66,66,66,66,66,66],"card_choices":[{"not_picked":["Leg Sweep","Escape Plan"],"picked":"Bouncing Flask","floor":1},{"not_picked":["Quick Slash","Deflect","PiercingWail"],"picked":"SKIP","floor":2},{"not_picked":["Finisher","Poisoned Stab","Caltrops"],"picked":"SKIP","floor":4},{"not_picked":["Sucker Punch","Terror","Blade Dance"],"picked":"SKIP","floor":5},{"not_picked":["Sucker Punch","Cloak And Dagger","Heel Hook"],"picked":"SKIP","floor":7}],"player_experience":513851,"relics_obtained":[{"floor":7,"key":"Lantern"},{"floor":9,"key":"Potion Belt"}],"event_choices":[{"damage_healed":0,"gold_gain":0,"player_choice":"Rummage","damage_taken":0,"relics_obtained":["WarpedTongs"],"max_hp_gain":0,"max_hp_loss":0,"event_name":"Accursed Blacksmith","floor":3,"gold_loss":0,"cards_obtained":["Pain"]}],"is_beta":false,"boss_relics":[],"items_purged_floors":[],"is_endless":false,"potions_floor_spawned":[1,4,5],"killed_by":"Gremlin Nob","ascension_level":20}}