{"host":"f0gpob8hq9vgebej","time":1610942330,"event":{"mods":["AchievementEnabler","BaseMod","Minty Spire (QoL Compilation)","Quick Restart","SuperFastMode"],"gold_per_floor":[362,312,329,62,78,78,108,95,177,177,191,206,36,50,50,148,148,163,38,49,49,49,49,49,49],"floor_reached":24,"language":"KOR","playtime":600,"items_purged":["Strike_B","Strike_B","Strike_B"],"score":373,"play_id":"8a687c45-fa36-4ac6-bc28-08427dbb69f9","local_time":"20210118125850","is_ascension_mode":true,"campfire_choices":[{"data":"Static Discharge","floor":6,"key":"SMITH"},{"floor":10,"key":"REST"},{"floor":15,"key":"REST"},{"data":"Fission","floor":23,"key":"SMITH"}],"circlet_count":0,"master_deck":["Defend_B","Defend_B","Defend_B","Defend_B","Zap","Dualcast","Barrage","Static Discharge+1","Auto Shields","Tempest","Fission+1","Ball Lightning","Genetic Algorithm","Static Discharge","Ball Lightning","Creative AI","Barrage","Decay"],"relics":["Cracked Core","Runic Capacitor","WingedGreaves","Blue Candle","Runic Pyramid"],"acts_visited":["Exordium","TheCity"],"potions_floor_usage":[16],"damage_taken":[{"damage":3,"enemies":"Small Slimes","floor":1,"turns":3},{"damage":1,"enemies":"Cultist","floor":3,"turns":4},{"damage":4,"enemies":"2 Louse","floor":5,"turns":4},{"damage":25,"enemies":"3 Sentries","floor":7,"turns":6},{"damage":12,"enemies":"Exordium Thugs","floor":8,"turns":5},{"damage":9,"enemies":"Lots of Slimes","floor":11,"turns":3},{"damage":1,"enemies":"2 Fungi Beasts","floor":12,"turns":3},{"damage":11,"enemies":"Red Slaver","floor":14,"turns":4},{"damage":22,"enemies":"Slime Boss","floor":16,"turns":8},{"damage":22,"enemies":"Shell Parasite","floor":18,"turns":4},{"damage":0,"enemies":"Chosen","floor":20,"turns":6},{"damage":23,"enemies":"Slavers","floor":24,"turns":3}],"seed_played":"7486298557130898512","potions_obtained":[{"floor":5,"key":"Ancient Potion"},{"floor":7,"key":"LiquidBronze"},{"floor":8,"key":"PotionOfCapacity"}],"is_trial":false,"path_per_floor":["M","?","M","$","M","R","E","M","T","R","M","M","$","M","R","B",null,"M","$","M","?","?","R","E"],"character_chosen":"DEFECT","items_purchased":["Static Discharge","Runic Capacitor","Static Discharge"],"campfire_rested":2,"item_purchase_floors":[4,4,13],"current_hp_per_floor":[51,51,50,50,46,46,21,9,9,31,22,21,21,10,32,10,59,37,37,37,37,37,37,14,14],"gold":49,"neow_bonus":"TWO_FIFTY_GOLD","is_daily":false,"chose_seed":false,"campfire_upgraded":2,"win_rate":0.0,"timestamp":1610942330,"path_taken":["M","?","M","$","M","R","E","M","T","R","M","M","$","M","R","BOSS","M","$","M","?","?","R","E"],"items_purchased_type":["Card","Relic","Card"],"build_version":"2020-12-22","purchased_purges":3,"victory":false,"max_hp_per_floor":[75,75,75,75,75,75,75,75,75,75,75,75,75,75,75,75,75,75,75,75,75,75,75,75,75],"card_choices":[{"not_picked":["Stack","Cold Snap","Compile Driver"],"picked":"SKIP","floor":1},{"not_picked":["Beam Cell","Coolheaded"],"picked":"Barrage","floor":3},{"not_picked":["Sweeping Beam","Go for the Eyes"],"picked":"Auto Shields","floor":5},{"not_picked":["Lockon","Turbo"],"picked":"Tempest","floor":7},{"not_picked":["Rebound","Self Repair"],"picked":"Fission","floor":8},{"not_picked":["Turbo","Streamline"],"picked":"Ball Lightning","floor":11},{"not_picked":["Lockon","Gash"],"picked":"Genetic Algorithm","floor":12},{"not_picked":["Genetic Algorithm","Turbo"],"picked":"Ball Lightning","floor":14},{"not_picked":["All For One","Hyperbeam"],"picked":"Creative AI","floor":16},{"not_picked":["Scrape","Coolheaded"],"picked":"Barrage","floor":18},{"not_picked":["Sweeping Beam","Beam Cell+1","Coolheaded+1"],"picked":"SKIP","floor":20}],"player_experience":165378,"relics_obtained":[{"floor":7,"key":"WingedGreaves"},{"floor":9,"key":"Blue Candle"}],"event_choices":[{"cards_removed":["Strike_B"],"damage_healed":0,"gold_gain":0,"player_choice":"Card Removal","damage_taken":0,"max_hp_gain":0,"max_hp_loss":0,"event_name":"The Cleric","floor":2,"gold_loss":50},{"damage_healed":0,"gold_gain":0,"player_choice":"Ignored","damage_taken":0,"max_hp_gain":0,"max_hp_loss":0,"event_name":"Ghosts","floor":21,"gold_loss":0},{"damage_healed":0,"gold_gain":0,"player_choice":"Cursed","damage_taken":0,"max_hp_gain":0,"max_hp_loss":0,"event_name":"Wheel of Change","floor":22,"gold_loss":0,"cards_obtained":["Decay"]}],"is_beta":false,"boss_relics":[{"not_picked":["Sozu","Cursed Key"],"picked":"Runic Pyramid"}],"items_purged_floors":[4,13,19],"is_endless":false,"potions_floor_spawned":[5,7,8,14],"killed_by":"Slavers","ascension_level":5}}