{"host":"cf32014d19ld5mat","time":1610969841,"event":{"mods":["AchievementEnabler","BaseMod","Block Reminder","Minty Spire (QoL Compilation)","Random Character Button","Relic Stats","StSLib"],"gold_per_floor":[365,365,68,87,100,100,129,145,145,162,162,337,81,107,107,203,203,222,137,149,0,12,41,41,41,41],"floor_reached":25,"language":"ENG","playtime":888,"items_purged":["Doubt"],"score":422,"play_id":"aa739f9b-aefc-484a-b704-ad1f46c54972","local_time":"20210118113721","is_ascension_mode":true,"campfire_choices":[{"data":"Whirlwind","floor":6,"key":"SMITH"},{"data":"True Grit","floor":11,"key":"SMITH"},{"data":"Disarm","floor":15,"key":"SMITH"},{"floor":24,"key":"REST"}],"circlet_count":0,"master_deck":["AscendersBane","Strike_R","Strike_R","Strike_R","Strike_R","Strike_R","Defend_R","Defend_R","Defend_R","Defend_R","Bash","Anger","Disarm+1","Whirlwind+1","Seeing Red","Offering","True Grit+1","Flame Barrier","Carnage","Brutality","Havoc","Armaments","Shockwave"],"relics":["Black Blood","Champion Belt","Bottled Lightning","Mummified Hand","Oddly Smooth Stone","Toy Ornithopter","Du-Vu Doll","Happy Flower","Prayer Wheel"],"acts_visited":["Exordium","TheCity"],"potions_floor_usage":[7,14,16,18,23,25],"damage_taken":[{"damage":0,"enemies":"2 Louse","floor":1,"turns":4},{"damage":0,"enemies":"Cultist","floor":4,"turns":4},{"damage":3,"enemies":"Small Slimes","floor":5,"turns":3},{"damage":39,"enemies":"Lagavulin","floor":7,"turns":6},{"damage":11,"enemies":"Exordium Wildlife","floor":8,"turns":2},{"damage":6,"enemies":"Lots of Slimes","floor":10,"turns":1},{"damage":22,"enemies":"Gremlin Nob","floor":14,"turns":4},{"damage":6,"enemies":"Hexaghost","floor":16,"turns":11},{"damage":51,"enemies":"Spheric Guardian","floor":18,"turns":6},{"damage":0,"enemies":"3 Byrds","floor":20,"turns":3},{"damage":24,"enemies":"Snecko","floor":22,"turns":6},{"damage":34,"enemies":"Gremlin Leader","floor":23,"turns":6},{"damage":33,"enemies":"Slavers","floor":25,"turns":4}],"seed_played":"4258516050632052741","potions_obtained":[{"floor":2,"key":"Swift Potion"},{"floor":2,"key":"DistilledChaos"},{"floor":2,"key":"ColorlessPotion"},{"floor":5,"key":"LiquidMemories"},{"floor":8,"key":"FearPotion"},{"floor":16,"key":"SteroidPotion"},{"floor":20,"key":"DistilledChaos"}],"is_trial":false,"path_per_floor":["M","?","$","M","M","R","E","M","T","M","R","?","$","E","R","B",null,"M","?","M","$","M","E","R","E"],"character_chosen":"IRONCLAD","items_purchased":["Champion Belt","Flame Barrier","Oddly Smooth Stone","Happy Flower"],"campfire_rested":1,"item_purchase_floors":[3,13,13,21],"current_hp_per_floor":[57,57,57,63,66,66,33,28,28,28,28,28,28,12,12,17,64,30,30,42,42,30,13,37,9,9],"gold":41,"neow_bonus":"TWO_FIFTY_GOLD","is_daily":false,"chose_seed":false,"campfire_upgraded":3,"win_rate":0.0,"timestamp":1610969841,"path_taken":["M","?","$","M","M","R","E","M","T","?","R","?","$","E","R","BOSS","M","?","M","$","M","E","R","E"],"items_purchased_type":["Relic","Card","Relic","Relic"],"build_version":"2020-12-22","purchased_purges":1,"victory":false,"max_hp_per_floor":[80,80,80,80,80,80,80,80,80,80,80,80,80,80,80,80,80,80,80,80,80,80,80,80,80,80],"relic_stats":{"Happy Flower":[5],"counters":[13,60],"Mummified Hand":[4],"Black Blood":96,"Prayer Wheel":0,"Champion Belt":[21],"obtain_stats":[{"Du-Vu Doll":19,"Happy Flower":21,"Mummified Hand":9,"Oddly Smooth Stone":13,"Black Blood":17,"Prayer Wheel":23,"Champion Belt":3,"Bottled Lightning":7,"Burning Blood":0,"Toy Ornithopter":14},{"Du-Vu Doll":9,"Happy Flower":10,"Mummified Hand":5,"Oddly Smooth Stone":6,"Black Blood":8,"Prayer Wheel":12,"Champion Belt":1,"Bottled Lightning":4,"Burning Blood":0,"Toy Ornithopter":7},{"Du-Vu Doll":41,"Happy Flower":44,"Mummified Hand":19,"Oddly Smooth Stone":20,"Black Blood":35,"Prayer Wheel":56,"Champion Belt":4,"Bottled Lightning":17,"Burning Blood":0,"Toy Ornithopter":24}],"Toy Ornithopter":20},"card_choices":[{"not_picked":["Body Slam","Heavy Blade"],"picked":"Anger","floor":1},{"not_picked":["Entrench","Seeing Red"],"picked":"Disarm","floor":4},{"not_picked":["Body Slam","Entrench"],"picked":"Whirlwind","floor":5},{"not_picked":["Thunderclap","Infernal Blade"],"picked":"Seeing Red","floor":7},{"not_picked":["Iron Wave","Wild Strike"],"picked":"Offering","floor":8},{"not_picked":["Combust","Body Slam"],"picked":"True Grit","floor":10},{"not_picked":["Dual Wield","Clash"],"picked":"Carnage","floor":14},{"not_picked":["Barricade","Fiend Fire"],"picked":"Brutality","floor":16},{"not_picked":["Entrench","Clothesline+1"],"picked":"Havoc","floor":18},{"not_picked":["Wild Strike+1","Evolve"],"picked":"Armaments","floor":20},{"not_picked":["Armaments+1","Battle Trance"],"picked":"Shockwave","floor":22},{"not_picked":["Thunderclap","Entrench","Clash"],"picked":"SKIP","floor":23}],"player_experience":982575,"relics_obtained":[{"floor":7,"key":"Bottled Lightning"},{"floor":9,"key":"Mummified Hand"},{"floor":14,"key":"Toy Ornithopter"},{"floor":23,"key":"Prayer Wheel"}],"event_choices":[{"damage_healed":0,"gold_gain":0,"player_choice":"Got Potions","damage_taken":0,"max_hp_gain":0,"max_hp_loss":0,"event_name":"Lab","floor":2,"gold_loss":0},{"damage_healed":0,"gold_gain":175,"player_choice":"AGREE","damage_taken":0,"max_hp_gain":0,"max_hp_loss":0,"event_name":"Liars Game","floor":12,"gold_loss":0,"cards_obtained":["Doubt"]},{"damage_healed":0,"gold_gain":0,"player_choice":"Obtained Relic","damage_taken":0,"relics_obtained":["Du-Vu Doll"],"max_hp_gain":0,"max_hp_loss":0,"event_name":"Addict","floor":19,"gold_loss":85}],"is_beta":false,"boss_relics":[{"not_picked":["SlaversCollar","SacredBark"],"picked":"Black Blood"}],"items_purged_floors":[13],"is_endless":false,"potions_floor_spawned":[5,8,16,20],"killed_by":"Slavers","ascension_level":10}}