{"host":"sc0o2qwpf9j16a4i","time":1610991734,"event":{"mods":["AchievementEnabler","BaseMod","BetterRewards","Block Reminder","Colored Map","Colored Powertips","Custom Start","Highlight Path","Minty Spire (QoL Compilation)","Relic Stats"],"gold_per_floor":[113,152,152,231,231,231,231,156,156,156,225,301,337,366,366,366,366],"floor_reached":16,"language":"ENG","playtime":434,"items_purged":["Strike_G"],"score":316,"play_id":"dc81b3d9-b061-40bf-b91a-c7e50c49002a","local_time":"20210118194214","is_ascension_mode":true,"campfire_choices":[{"floor":7.0,"key":"REST"},{"floor":10.0,"key":"REST"},{"data":"Footwork","floor":15.0,"key":"SMITH"}],"circlet_count":0,"master_deck":["AscendersBane","Strike_G","Strike_G","Strike_G","Strike_G","Defend_G","Defend_G","Defend_G+1","Defend_G","Defend_G+1","Survivor","Neutralize","HandOfGreed+1","Footwork+1","Deadly Poison","Sucker Punch","Glass Knife","Crippling Poison"],"relics":["Ring of the Snake","MealTicket","Sling","War Paint","Blue Candle","Gremlin Horn","Ninja Scroll"],"acts_visited":["Exordium"],"potions_floor_usage":[16],"damage_taken":[{"damage":12.0,"enemies":"Jaw Worm","floor":1.0,"turns":8.0},{"damage":0.0,"enemies":"Small Slimes","floor":2.0,"turns":3.0},{"damage":0.0,"enemies":"2 Louse","floor":11.0,"turns":5.0},{"damage":13.0,"enemies":"3 Sentries","floor":12.0,"turns":9.0},{"damage":0.0,"enemies":"Blue Slaver","floor":13.0,"turns":6.0},{"damage":26.0,"enemies":"Gremlin Nob","floor":14.0,"turns":4.0},{"damage":29,"enemies":"Hexaghost","floor":16,"turns":9}],"seed_played":"2130691705751972669","potions_obtained":[{"floor":2.0,"key":"FearPotion"},{"floor":11.0,"key":"Poison Potion"}],"is_trial":false,"path_per_floor":["M","M","?","?","?","?","R","$","T","R","M","E","M","E","R","B"],"character_chosen":"THE_SILENT","items_purchased":["MealTicket","HandOfGreed","Footwork","Sling"],"campfire_rested":2,"item_purchase_floors":[0,0,0,0],"current_hp_per_floor":[24,24,24,24,24,13,32,47,47,66,66,53,53,27,27,0,0],"gold":366,"neow_bonus":"","is_daily":false,"chose_seed":false,"campfire_upgraded":1,"win_rate":0.0,"timestamp":1610991734,"path_taken":["M","M","?","?","?","?","R","$","T","R","M","E","M","E","R","BOSS"],"items_purchased_type":["Relic","Card","Card","Relic"],"build_version":"2020-12-22","purchased_purges":1,"victory":false,"max_hp_per_floor":[66,66,66,66,66,66,66,66,66,66,66,66,66,66,66,66,66],"relic_stats":{"Gremlin Horn":[0,0],"counters":[20,130],"Blue Candle":[0],"MealTicket":15,"War Paint":["Defend_G","Defend_G"],"obtain_stats":[{"NeowsBlessing":0,"Happy Flower":26,"Gremlin Horn":12,"Golden Idol":13,"Blue Candle":9,"Velvet Choker":17,"Mango":28,"Bag of Preparation":11,"War Paint":6,"Boot":20,"Sling":0,"WarpedTongs":29,"Ninja Scroll":14,"Bloody Idol":22,"Tiny Chest":30,"MealTicket":0,"WingedGreaves":7,"Turnip":9,"Toy Ornithopter":24,"Ring of the Snake":0},{"NeowsBlessing":0,"Happy Flower":9,"Gremlin Horn":17,"Golden Idol":5,"Blue Candle":15,"Velvet Choker":6,"Mango":10,"Bag of Preparation":5,"War Paint":15,"Boot":8,"Sling":13,"WarpedTongs":10,"Ninja Scroll":19,"Bloody Idol":8,"Tiny Chest":11,"MealTicket":13,"WingedGreaves":4,"Turnip":4,"Toy Ornithopter":9,"Ring of the Snake":0},{"NeowsBlessing":0,"Happy Flower":47,"Gremlin Horn":111,"Golden Idol":18,"Blue Candle":97,"Velvet Choker":28,"Mango":53,"Bag of Preparation":18,"War Paint":97,"Boot":40,"Sling":86,"WarpedTongs":53,"Ninja Scroll":121,"Bloody Idol":40,"Tiny Chest":62,"MealTicket":86,"WingedGreaves":11,"Turnip":11,"Toy Ornithopter":47,"Ring of the Snake":0}],"Ring of the Snake":[40]},"card_choices":[{"not_picked":["Flying Knee","Heel Hook"],"picked":"Deadly Poison","floor":1.0},{"not_picked":["PiercingWail","Deflect"],"picked":"Sucker Punch","floor":2.0},{"not_picked":["Outmaneuver","Slice"],"picked":"Glass Knife","floor":11.0},{"not_picked":["Bane","Predator","A Thousand Cuts"],"picked":"SKIP","floor":12.0},{"not_picked":["Poisoned Stab","Expertise","Acrobatics"],"picked":"SKIP","floor":13.0},{"not_picked":["Slice","Calculated Gamble"],"picked":"Crippling Poison","floor":14.0}],"player_experience":730321,"relics_obtained":[{"floor":9.0,"key":"Blue Candle"},{"floor":12.0,"key":"Gremlin Horn"},{"floor":14.0,"key":"Ninja Scroll"}],"event_choices":[{"damage_healed":0.0,"max_hp_gain":0.0,"max_hp_loss":0.0,"gold_gain":0.0,"event_name":"Living Wall","player_choice":"Grow","floor":3.0,"gold_loss":0.0,"damage_taken":0.0,"cards_upgraded":["HandOfGreed"]},{"damage_healed":0.0,"max_hp_gain":0.0,"max_hp_loss":0.0,"gold_gain":79.0,"event_name":"Golden Wing","player_choice":"Gained Gold","floor":4.0,"gold_loss":0.0,"damage_taken":0.0},{"damage_healed":0.0,"max_hp_gain":0.0,"max_hp_loss":0.0,"gold_gain":0.0,"event_name":"The Cleric","player_choice":"Leave","floor":5.0,"gold_loss":0.0,"damage_taken":0.0},{"damage_healed":0.0,"max_hp_gain":0.0,"max_hp_loss":0.0,"gold_gain":0.0,"event_name":"Scrap Ooze","player_choice":"Success","floor":6.0,"gold_loss":0.0,"damage_taken":11.0,"relics_obtained":["War Paint"]}],"is_beta":false,"boss_relics":[],"items_purged_floors":[8],"is_endless":false,"potions_floor_spawned":[2,11],"killed_by":"Hexaghost","ascension_level":20}}