{"host":"1q02rw1wpi0nrsss","time":1610963129,"event":{"mods":["AchievementEnabler","BaseMod","Better Note","Custom Start","Dark Map","DeckTracker","Disable Question Mark Monsters","Minty Spire (QoL Compilation)","Permanent Neow","Quick Restart","Rare Cards Sparkle","Relic Stats","StSLib"],"gold_per_floor":[118,130,38,38,38,38,58,58,84,107,130,130,151,194,194,320,320,340,7,7,22,40,40,79,104,104,140,140,40,40,54,54,182,182,201,222,236,569,569,569,600,600,600,170,185,185,213,262,262,262],"floor_reached":51,"language":"ENG","playtime":1664,"items_purged":["Strike_R","Strike_R","Strike_R"],"score":1327,"play_id":"e6ce1124-a8ce-4018-8e84-0ef0a495f831","local_time":"20210118014529","is_ascension_mode":true,"campfire_choices":[{"data":"Blind","floor":6,"key":"SMITH"},{"data":"Shockwave","floor":8,"key":"SMITH"},{"data":"Inflame","floor":12,"key":"SMITH"},{"data":"Flame Barrier","floor":15,"key":"SMITH"},{"floor":23,"key":"RECALL"},{"floor":28,"key":"REST"},{"floor":32,"key":"REST"},{"floor":40,"key":"REST"},{"floor":42,"key":"REST"},{"floor":46,"key":"REST"},{"floor":49,"key":"REST"}],"circlet_count":0,"master_deck":["AscendersBane","Strike_R","Defend_R","Defend_R","Defend_R","Defend_R","Bash","Impervious","Shockwave+1","Whirlwind+1","Blind+1","Inflame+1","Flame Barrier+1","Limit Break+1","Headbutt+1","Double Tap","Spot Weakness","Offering"],"relics":["Burning Blood","Pen Nib","Red Skull","Art of War","Fusion Hammer","Gremlin Horn","Ancient Tea Set","Meat on the Bone","Bag of Marbles","Busted Crown","MealTicket","InkBottle","PreservedInsect","Medical Kit","Potion Belt","Mango"],"acts_visited":["Exordium","TheCity","TheBeyond"],"potions_floor_usage":[14,16,24,33,41,48],"damage_taken":[{"damage":6,"enemies":"Cultist","floor":1,"turns":4},{"damage":1,"enemies":"2 Louse","floor":2,"turns":3},{"damage":4,"enemies":"Jaw Worm","floor":7,"turns":5},{"damage":8,"enemies":"Exordium Wildlife","floor":10,"turns":7},{"damage":0,"enemies":"2 Fungi Beasts","floor":13,"turns":2},{"damage":26,"enemies":"3 Sentries","floor":14,"turns":6},{"damage":24,"enemies":"The Guardian","floor":16,"turns":13},{"damage":14,"enemies":"Shell Parasite","floor":18,"turns":6},{"damage":0,"enemies":"3 Byrds","floor":21,"turns":3},{"damage":0,"enemies":"Centurion and Healer","floor":22,"turns":5},{"damage":10,"enemies":"Book of Stabbing","floor":24,"turns":4},{"damage":18,"enemies":"Shelled Parasite and Fungi","floor":25,"turns":4},{"damage":6,"enemies":"Slavers","floor":27,"turns":4},{"damage":0,"enemies":"3 Cultists","floor":31,"turns":3},{"damage":93,"enemies":"Champ","floor":33,"turns":11},{"damage":15,"enemies":"3 Shapes","floor":35,"turns":6},{"damage":6,"enemies":"3 Darklings","floor":36,"turns":2},{"damage":3,"enemies":"4 Shapes","floor":37,"turns":3},{"damage":36,"enemies":"Giant Head","floor":41,"turns":6},{"damage":12,"enemies":"Maw","floor":45,"turns":5},{"damage":6,"enemies":"Reptomancer","floor":47,"turns":1},{"damage":17,"enemies":"2 Orb Walkers","floor":48,"turns":4},{"damage":46,"enemies":"Awakened One","floor":50,"turns":7}],"seed_played":"3484894342711748131","potions_obtained":[{"floor":1,"key":"Regen Potion"},{"floor":2,"key":"Swift Potion"},{"floor":22,"key":"Energy Potion"},{"floor":31,"key":"BloodPotion"},{"floor":36,"key":"AttackPotion"},{"floor":45,"key":"Swift Potion"},{"floor":47,"key":"Ancient Potion"}],"is_trial":false,"path_per_floor":["M","M","$","?","?","R","M","R","T","M","T","R","M","E","R","B",null,"M","$","?","M","M","R","E","M","T","E","R","$","?","M","R","B",null,"M","M","M","?","?","R","E","R","T","$","M","R","E","?","R","B",null],"character_chosen":"IRONCLAD","items_purchased":["Blind","Gremlin Horn","PreservedInsect","Medical Kit"],"campfire_rested":6,"item_purchase_floors":[3,19,44,44],"current_hp_per_floor":[72,77,77,57,57,57,59,59,59,57,57,57,63,55,55,37,69,61,61,80,80,80,80,76,64,64,64,80,80,80,80,80,21,65,56,56,59,59,59,80,50,74,74,80,74,80,80,83,94,54],"gold":262,"neow_bonus":"ONE_RANDOM_RARE_CARD","is_daily":false,"chose_seed":false,"campfire_upgraded":4,"win_rate":0.0,"timestamp":1610963129,"path_taken":["M","M","$","?","?","R","M","R","T","?","?","R","M","E","R","BOSS","M","$","?","M","M","R","E","M","T","E","R","$","?","?","R","BOSS","M","M","M","?","?","R","E","R","T","$","?","R","E","?","R","BOSS"],"items_purchased_type":["Card","Relic","Relic","Relic"],"build_version":"2020-12-22","purchased_purges":3,"victory":true,"max_hp_per_floor":[80,80,80,80,80,80,80,80,80,80,80,80,80,80,80,80,80,80,80,80,80,80,80,80,80,80,80,80,80,80,80,80,80,80,80,80,80,80,80,80,80,80,80,80,80,80,80,94,94,94],"relic_stats":{"Busted Crown":14,"Gremlin Horn":[16,16],"counters":[23,114],"MealTicket":6,"Pen Nib":[13],"PreservedInsect":60,"Art of War":[11],"Medical Kit":[1],"obtain_stats":[{"Potion Belt":47,"Gremlin Horn":19,"Golden Idol":4,"Mango":48,"Pen Nib":9,"PreservedInsect":44,"Ancient Tea Set":24,"Medical Kit":44,"Burning Blood":0,"Busted Crown":34,"MealTicket":41,"Fusion Hammer":17,"Art of War":14,"Bag of Marbles":27,"Red Skull":11,"InkBottle":43,"Meat on the Bone":26},{"Potion Belt":21,"Gremlin Horn":8,"Golden Idol":2,"Mango":22,"Pen Nib":3,"PreservedInsect":19,"Ancient Tea Set":11,"Medical Kit":19,"Burning Blood":0,"Busted Crown":15,"MealTicket":19,"Fusion Hammer":7,"Art of War":6,"Bag of Marbles":13,"Red Skull":4,"InkBottle":19,"Meat on the Bone":12},{"Potion Belt":103,"Gremlin Horn":46,"Golden Idol":7,"Mango":107,"Pen Nib":12,"PreservedInsect":97,"Ancient Tea Set":58,"Medical Kit":97,"Burning Blood":0,"Busted Crown":80,"MealTicket":97,"Fusion Hammer":40,"Art of War":27,"Bag of Marbles":66,"Red Skull":19,"InkBottle":97,"Meat on the Bone":62}],"Burning Blood":120,"InkBottle":[7],"Meat on the Bone":12},"card_choices":[{"not_picked":["Dark Embrace","Carnage"],"picked":"Shockwave","floor":1},{"not_picked":["Burning Pact","Wild Strike"],"picked":"Whirlwind","floor":2},{"not_picked":["Iron Wave","Sword Boomerang","Fire Breathing"],"picked":"SKIP","floor":7},{"not_picked":["Pummel","Clash"],"picked":"Inflame","floor":10},{"not_picked":["Anger","Spot Weakness"],"picked":"Flame Barrier","floor":13},{"not_picked":["Sever Soul","Anger","Flex"],"picked":"SKIP","floor":14},{"not_picked":["Corruption","Berserk"],"picked":"Limit Break","floor":16},{"not_picked":["Sword Boomerang","Iron Wave","Anger+1"],"picked":"SKIP","floor":18},{"not_picked":["Rampage","Heavy Blade","Armaments"],"picked":"SKIP","floor":21},{"not_picked":["Armaments","Bloodletting"],"picked":"Headbutt+1","floor":22},{"not_picked":["Clash","Anger","Cleave+1"],"picked":"SKIP","floor":24},{"not_picked":["Hemokinesis+1","Wild Strike"],"picked":"Double Tap","floor":25},{"not_picked":["Heavy Blade","Pommel Strike+1"],"picked":"Spot Weakness","floor":27},{"not_picked":["True Grit","Sword Boomerang","Sentinel+1"],"picked":"SKIP","floor":31},{"not_picked":["Demon Form","Berserk"],"picked":"Offering","floor":33},{"not_picked":["Twin Strike"],"picked":"SKIP","floor":35},{"not_picked":["Clash"],"picked":"SKIP","floor":36},{"not_picked":["Wild Strike"],"picked":"SKIP","floor":37},{"not_picked":["True Grit"],"picked":"SKIP","floor":41},{"not_picked":["Burning Pact"],"picked":"SKIP","floor":45},{"not_picked":["Pommel Strike"],"picked":"SKIP","floor":47}],"player_experience":407125,"relics_obtained":[{"floor":9,"key":"Pen Nib"},{"floor":11,"key":"Red Skull"},{"floor":14,"key":"Art of War"},{"floor":24,"key":"Ancient Tea Set"},{"floor":26,"key":"Meat on the Bone"},{"floor":27,"key":"Bag of Marbles"},{"floor":41,"key":"MealTicket"},{"floor":43,"key":"InkBottle"},{"floor":47,"key":"Potion Belt"},{"floor":48,"key":"Mango"}],"event_choices":[{"damage_healed":0,"gold_gain":0,"player_choice":"Take Damage","damage_taken":20,"relics_obtained":["Golden Idol"],"max_hp_gain":0,"max_hp_loss":0,"event_name":"Golden Idol","floor":4,"gold_loss":0},{"damage_healed":0,"gold_gain":0,"player_choice":"Grow","damage_taken":0,"max_hp_gain":0,"max_hp_loss":0,"event_name":"Living Wall","floor":5,"gold_loss":0,"cards_upgraded":["Whirlwind"]},{"damage_healed":26,"gold_gain":0,"player_choice":"Heal","damage_taken":0,"max_hp_gain":0,"max_hp_loss":0,"event_name":"The Library","floor":20,"gold_loss":0},{"cards_removed":["Strike_R"],"damage_healed":0,"gold_gain":0,"player_choice":"Offered Basic","damage_taken":0,"max_hp_gain":0,"max_hp_loss":0,"event_name":"Bonfire Elementals","floor":30,"gold_loss":0},{"damage_healed":0,"gold_gain":333,"player_choice":"Gave Idol","damage_taken":0,"max_hp_gain":0,"max_hp_loss":0,"event_name":"The Moai Head","floor":38,"relics_lost":["Golden Idol"],"gold_loss":0},{"damage_healed":0,"gold_gain":0,"player_choice":"Upgraded","damage_taken":0,"max_hp_gain":0,"max_hp_loss":0,"event_name":"Upgrade Shrine","floor":39,"gold_loss":0,"cards_upgraded":["Limit Break"]},{"damage_healed":0,"gold_gain":0,"player_choice":"Fight","damage_taken":0,"max_hp_gain":0,"max_hp_loss":0,"event_name":"Mysterious Sphere","floor":48,"gold_loss":0}],"is_beta":false,"boss_relics":[{"not_picked":["Snecko Eye","Pandora\u0027s Box"],"picked":"Fusion Hammer"},{"not_picked":["Velvet Choker","SacredBark"],"picked":"Busted Crown"}],"items_purged_floors":[19,29,44],"is_endless":false,"potions_floor_spawned":[1,2,13,22,31,36,45,47],"ascension_level":11}}