{"host":"77pvex58kafzx78l","time":1610958690,"event":{"mods":["BaseMod","Better Vampires","DeckTracker","Googly Eyes","Minty Spire (QoL Compilation)","Quick Restart","StSLib","SuperFastMode"],"gold_per_floor":[117,117,130,17,32,32,64,76,115,141,173,7,33,33,33,135,135,155,155,30,30,30,30,47,72,96,121,121,121,36,36,36,140,140,155,5,5,5,25,57,57,69,144,176,1,27,27,44,44,44,44],"floor_reached":50,"language":"ENG","playtime":1479,"items_purged":["Defend_P","Defend_P","Strike_P","Strike_P","Strike_P+1"],"score":737,"play_id":"4b1ecec7-d0d6-4aa2-bfe0-df3de765bb88","local_time":"20210118163130","is_ascension_mode":true,"campfire_choices":[{"data":"Fasting2","floor":6.0,"key":"SMITH"},{"data":"Meditate","floor":8.0,"key":"SMITH"},{"data":"Adaptation","floor":15.0,"key":"SMITH"},{"data":"InnerPeace","floor":23.0,"key":"SMITH"},{"data":"Vault","floor":29.0,"key":"SMITH"},{"data":"Judgement","floor":32.0,"key":"SMITH"},{"floor":41.0,"key":"RECALL"},{"floor":49.0,"key":"REST"}],"circlet_count":0,"master_deck":["Strike_P+1","Defend_P","Defend_P","Eruption+1","Vigilance","Judgement+1","Meditate+1","Fasting2+1","FlurryOfBlows","Crescendo","DeusExMachina","Adaptation+1","Vault+1","InnerPeace+1","Establishment","Wallop+1"],"relics":["PureWater","MawBank","Dream Catcher","Sozu","HornCleat","Bronze Scales","Letter Opener","StrikeDummy","Centennial Puzzle","VioletLotus","Frozen Egg 2","Ice Cream","Orichalcum"],"acts_visited":["Exordium","TheCity","TheBeyond"],"potions_floor_usage":[],"damage_taken":[{"damage":0.0,"enemies":"2 Louse","floor":1.0,"turns":2.0},{"damage":0.0,"enemies":"Cultist","floor":3.0,"turns":3.0},{"damage":0.0,"enemies":"Small Slimes","floor":5.0,"turns":2.0},{"damage":0.0,"enemies":"Lagavulin","floor":7.0,"turns":4.0},{"damage":9.0,"enemies":"3 Louse","floor":10.0,"turns":2.0},{"damage":9.0,"enemies":"2 Fungi Beasts","floor":11.0,"turns":3.0},{"damage":6.0,"enemies":"3 Sentries","floor":13.0,"turns":4.0},{"damage":8.0,"enemies":"Hexaghost","floor":16.0,"turns":6.0},{"damage":28.0,"enemies":"Shell Parasite","floor":18.0,"turns":3.0},{"damage":0.0,"enemies":"3 Byrds","floor":24.0,"turns":3.0},{"damage":4.0,"enemies":"Slavers","floor":25.0,"turns":4.0},{"damage":7.0,"enemies":"Book of Stabbing","floor":27.0,"turns":4.0},{"damage":2.0,"enemies":"Automaton","floor":33.0,"turns":4.0},{"damage":0.0,"enemies":"Orb Walker","floor":35.0,"turns":3.0},{"damage":0.0,"enemies":"3 Shapes","floor":39.0,"turns":4.0},{"damage":6.0,"enemies":"Nemesis","floor":40.0,"turns":5.0},{"damage":10.0,"enemies":"Maw","floor":42.0,"turns":4.0},{"damage":0.0,"enemies":"Giant Head","floor":44.0,"turns":5.0},{"damage":18.0,"enemies":"Reptomancer","floor":46.0,"turns":4.0},{"damage":21.0,"enemies":"Writhing Mass","floor":48.0,"turns":3.0},{"damage":25,"enemies":"Time Eater","floor":50,"turns":6}],"seed_played":"-3887185719425320755","potions_obtained":[{"floor":1.0,"key":"Ambrosia"},{"floor":5.0,"key":"Energy Potion"},{"floor":11.0,"key":"Block Potion"},{"floor":16.0,"key":"BottledMiracle"}],"is_trial":false,"path_per_floor":["M","?","M","$","M","R","E","R","T","M","M","$","E","?","R","B",null,"M","?","$","?","?","R","M","E","T","E","?","R","?","$","R","B",null,"M","$","?","?","M","E","R","M","T","E","$","E","$","M","R","B"],"character_chosen":"WATCHER","items_purchased":["Fasting2","DeusExMachina"],"campfire_rested":1,"item_purchase_floors":[4,12],"current_hp_per_floor":[65,65,65,65,65,65,65,65,65,56,47,47,41,28,28,20,65,37,37,37,37,37,37,37,33,33,26,26,26,26,26,26,24,65,65,65,62,62,62,56,56,46,46,46,46,28,28,7,25,0,0],"gold":44,"neow_bonus":"THREE_RARE_CARDS","is_daily":false,"chose_seed":false,"campfire_upgraded":6,"win_rate":0.0,"timestamp":1610958690,"path_taken":["M","?","M","$","?","R","E","R","T","M","M","?","E","?","R","BOSS","M","?","$","?","?","R","?","E","T","E","?","R","?","?","R","BOSS","M","$","?","?","M","E","R","M","T","E","?","E","$","?","R","BOSS"],"items_purchased_type":["Card","Card"],"build_version":"2020-12-22","purchased_purges":5,"victory":false,"max_hp_per_floor":[65,65,65,65,65,65,65,65,65,65,65,65,65,65,65,65,65,65,65,65,65,65,65,65,65,65,65,65,65,65,65,65,65,65,65,65,62,62,62,62,62,62,62,62,62,62,62,62,62,62,62],"card_choices":[{"not_picked":["Devotion","Scrawl"],"picked":"Judgement","floor":0.0},{"not_picked":["Nirvana","EmptyBody"],"picked":"Meditate","floor":1.0},{"not_picked":["Prostrate","EmptyBody","PathToVictory"],"picked":"SKIP","floor":3.0},{"not_picked":["SandsOfTime","BowlingBash"],"picked":"FlurryOfBlows","floor":5.0},{"not_picked":["Prostrate","FollowUp","ThirdEye"],"picked":"SKIP","floor":7.0},{"not_picked":["Nirvana","FlurryOfBlows","JustLucky"],"picked":"SKIP","floor":10.0},{"not_picked":["Meditate","Crescendo","BattleHymn"],"picked":"SKIP","floor":11.0},{"not_picked":["Meditate","BattleHymn"],"picked":"Crescendo","floor":11.0},{"not_picked":["EmptyBody","JustLucky"],"picked":"Adaptation","floor":13.0},{"not_picked":["ConjureBlade","DevaForm"],"picked":"Vault","floor":16.0},{"not_picked":["BowlingBash+1","FollowUp","BattleHymn+1"],"picked":"SKIP","floor":18.0},{"not_picked":["EmptyBody+1","FlyingSleeves+1","SashWhip+1"],"picked":"SKIP","floor":24.0},{"not_picked":["FlyingSleeves+1","Weave+1","JustLucky+1"],"picked":"SKIP","floor":25.0},{"not_picked":["Halt","Consecrate","Meditate"],"picked":"SKIP","floor":27.0},{"not_picked":["SpiritShield","Brilliance"],"picked":"Establishment","floor":33.0},{"not_picked":["FlurryOfBlows+1","BattleHymn+1","Protect+1"],"picked":"SKIP","floor":35.0},{"not_picked":["Consecrate+1","Prostrate+1","WheelKick"],"picked":"SKIP","floor":39.0},{"not_picked":["WindmillStrike+1","BowlingBash+1","Indignation+1"],"picked":"SKIP","floor":40.0},{"not_picked":["WaveOfTheHand","FlyingSleeves+1","Consecrate"],"picked":"SKIP","floor":42.0},{"not_picked":["FollowUp+1","Prostrate","Worship+1"],"picked":"SKIP","floor":44.0},{"not_picked":["PathToVictory","Protect","CrushJoints+1"],"picked":"SKIP","floor":46.0},{"not_picked":["Devotion+1","BowlingBash"],"picked":"Wallop+1","floor":48.0}],"player_experience":238458,"relics_obtained":[{"floor":7.0,"key":"MawBank"},{"floor":13.0,"key":"Dream Catcher"},{"floor":25.0,"key":"HornCleat"},{"floor":26.0,"key":"Bronze Scales"},{"floor":27.0,"key":"Letter Opener"},{"floor":40.0,"key":"Frozen Egg 2"},{"floor":44.0,"key":"Ice Cream"},{"floor":46.0,"key":"Orichalcum"}],"event_choices":[{"damage_healed":0.0,"max_hp_gain":0.0,"max_hp_loss":0.0,"gold_gain":0.0,"event_name":"Upgrade Shrine","player_choice":"Upgraded","floor":2.0,"gold_loss":0.0,"damage_taken":0.0,"cards_upgraded":["Eruption"]},{"damage_healed":0.0,"max_hp_gain":0.0,"max_hp_loss":0.0,"gold_gain":0.0,"event_name":"Shining Light","player_choice":"Entered Light","floor":14.0,"gold_loss":0.0,"damage_taken":13.0,"cards_upgraded":["Strike_P","Strike_P"]},{"damage_healed":0.0,"max_hp_gain":0.0,"max_hp_loss":0.0,"gold_gain":0.0,"event_name":"The Library","player_choice":"Read","floor":19.0,"gold_loss":0.0,"damage_taken":0.0,"cards_obtained":["InnerPeace"]},{"damage_healed":0.0,"max_hp_gain":0.0,"max_hp_loss":0.0,"gold_gain":0.0,"event_name":"Vampires","player_choice":"Ignored","floor":21.0,"gold_loss":0.0,"damage_taken":0.0},{"damage_healed":0.0,"max_hp_gain":0.0,"max_hp_loss":0.0,"gold_gain":0.0,"event_name":"Match and Keep!","player_choice":"0 cards matched","floor":22.0,"gold_loss":0.0,"damage_taken":0.0,"cards_obtained":[]},{"damage_healed":0.0,"max_hp_gain":0.0,"max_hp_loss":0.0,"gold_gain":0.0,"event_name":"The Mausoleum","player_choice":"Opened","floor":28.0,"gold_loss":0.0,"damage_taken":0.0,"relics_obtained":["StrikeDummy"]},{"damage_healed":0.0,"max_hp_gain":0.0,"max_hp_loss":0.0,"gold_gain":0.0,"event_name":"Addict","player_choice":"Obtained Relic","floor":30.0,"gold_loss":85.0,"damage_taken":0.0,"relics_obtained":["Centennial Puzzle"]},{"damage_healed":0.0,"max_hp_gain":0.0,"max_hp_loss":3.0,"gold_gain":0.0,"event_name":"Winding Halls","player_choice":"Max HP","floor":37.0,"gold_loss":0.0,"damage_taken":0.0},{"damage_healed":0.0,"max_hp_gain":0.0,"max_hp_loss":0.0,"gold_gain":0.0,"event_name":"SensoryStone","player_choice":"Memory 1","floor":38.0,"gold_loss":0.0,"damage_taken":0.0}],"is_beta":false,"boss_relics":[{"not_picked":["Philosopher\u0027s Stone","Snecko Eye"],"picked":"Sozu"},{"not_picked":["Empty Cage","Fusion Hammer"],"picked":"VioletLotus"}],"items_purged_floors":[4,12,20,36,45],"is_endless":false,"potions_floor_spawned":[1,5,11,16,18,35,44,46],"killed_by":"Time Eater","ascension_level":2}}