{"host":"g61l9u03ah4b44ex","time":1610940624,"event":{"mods":["Aspiration","BaseMod","Better Altar","Better Match","Better Sensory Stone","Better Skull","Better Third Choice","Conspire","Downfall","Hubris","Minty Spire (QoL Compilation)","Robot Space Explorer","Spicy Shops","StSLib","The Marked","Waifu the Spire"],"gold_per_floor":[99,110,110,126,142,142,194,194,219,229,129,148,182,182,192,290,290,290,305,323,83,133,33,33,33,133,122,122,138,38,56,81,191,191,191,311,332,332,332,332,332,332,348,380,398,530,72,104,119,119,119,99,26,26,26,26],"floor_reached":57,"language":"ENG","playtime":4996,"items_purged":["downfall:Malfunctioning","hubris:Sloth","hubris:Disease"],"score":1373,"play_id":"98e48fed-e14d-46df-bf45-054003d42a5e","local_time":"20210118113024","is_ascension_mode":true,"campfire_choices":[{"data":"hexamod:Float","floor":1.0,"key":"SMITH"},{"data":"hexamod:Again","floor":11.0,"key":"SMITH"},{"floor":18.0,"key":"RECALL"},{"data":"hexamod:HexaLevel","floor":23.0,"key":"SMITH"},{"floor":30.0,"key":"REST"},{"data":"hexamod:GhostOfSpirePresent","floor":35.0,"key":"SMITH"},{"data":"hexamod:ApocalypseNow","floor":42.0,"key":"SMITH"},{"data":"hexamod:Rewind","floor":54.0,"key":"SMITH"}],"circlet_count":0,"master_deck":["hexamod:Strike","hexamod:Defend","hexamod:Defend","hexamod:Defend","hexamod:Defend+1","hexamod:Sear+1","hexamod:Float+1","hexamod:ApocalypseNow","hexamod:DynamicBlow+1","hexamod:Again+1","hexamod:GhostOfSpirePresent+1","hexamod:Hexaguard","hexamod:ApocalypseNow+1","hexamod:GhostShield","hexamod:RecurringNightmare+1","hexamod:NightmareGuise","hexamod:HexaLevel+1","hexamod:PowerFromBeyond+1","hexamod:GhostOfSpirePast","hexamod:HauntingEcho+1","downfall:Bewildered","Writhe","hexamod:ForkedFlame+1","hubris:Greed","hubris:Disease","Slimebound:Dissolve","hexamod:TimeWarp+1","Guardian:Repulse","RobotSpaceExplorer:IronShell+1","expansioncontent:StudyTheSpire+1","Well Laid Plans","Unload+1","Dagger Spray+1","Flechettes+1","hexamod:HeatShield+1","Slimebound:Prepare+1","expansioncontent:Hexaburn","hexamod:NightmareGuise+1","hexamod:BacktrackSmack+1","Rebound+1","hexamod:NightmareStrike+1","hexamod:Rewind+1"],"relics":["hexamod:SpiritBrand","hubris:Towel","Happy Flower","hubris:Icosahedron","Kunai","downfall:HeartBlessingGreen","Bag of Preparation","hubris:Spice","Strange Spoon","downfall:HeartBlessingRed","Molten Egg 2","PrismaticShard","Du-Vu Doll","aspiration:FrozenJewel","downfall:HeartBlessingBlue","Cursed Key","Slimebound:PreparedRelic","Guardian:BottledAnomaly","Orrery","Dead Branch"],"acts_visited":["Exordium","TheCity","TheBeyond","TheEnding"],"potions_floor_usage":[],"damage_taken":[{"damage":0.0,"enemies":"Cultist","floor":2.0,"turns":3.0},{"damage":0.0,"enemies":"2 Louse","floor":4.0,"turns":4.0},{"damage":0.0,"enemies":"Small Slimes","floor":5.0,"turns":3.0},{"damage":16.0,"enemies":"Gremlin Nob","floor":9.0,"turns":4.0},{"damage":7.0,"enemies":"Blue Slaver","floor":10.0,"turns":2.0},{"damage":1.0,"enemies":"Lots of Slimes","floor":12.0,"turns":3.0},{"damage":12.0,"enemies":"Lagavulin","floor":13.0,"turns":6.0},{"damage":0.0,"enemies":"Large Slime","floor":15.0,"turns":3.0},{"damage":38.0,"enemies":"WA_ARCHETYPE_RETAIN","floor":16.0,"turns":9.0},{"damage":0.0,"enemies":"Shell Parasite","floor":19.0,"turns":6.0},{"damage":1.0,"enemies":"3 Byrds","floor":20.0,"turns":6.0},{"damage":0.0,"enemies":"downfall:FleeingMerchant","floor":21.0,"turns":4.0},{"damage":7.0,"enemies":"conspire:SneckoGhost","floor":27.0,"turns":6.0},{"damage":15.0,"enemies":"conspire:HollyBat","floor":29.0,"turns":8.0},{"damage":3.0,"enemies":"Snake Plant","floor":31.0,"turns":4.0},{"damage":3.0,"enemies":"Chosen and Byrds","floor":32.0,"turns":4.0},{"damage":22.0,"enemies":"SI_MIRROR_ARCHETYPE","floor":33.0,"turns":8.0},{"damage":0.0,"enemies":"Orb Walker","floor":36.0,"turns":3.0},{"damage":0.0,"enemies":"3 Darklings","floor":37.0,"turns":5.0},{"damage":0.0,"enemies":"Jaw Worm Horde","floor":43.0,"turns":3.0},{"damage":16.0,"enemies":"Giant Head","floor":44.0,"turns":8.0},{"damage":5.0,"enemies":"Transient","floor":45.0,"turns":5.0},{"damage":0.0,"enemies":"Nemesis","floor":46.0,"turns":5.0},{"damage":1.0,"enemies":"downfall:FleeingMerchant","floor":47.0,"turns":4.0},{"damage":0.0,"enemies":"Giant Head","floor":48.0,"turns":6.0},{"damage":0.0,"enemies":"3 Darklings","floor":49.0,"turns":2.0},{"damage":51.0,"enemies":"IC_BLOCK_ARCHETYPE","floor":50.0,"turns":8.0},{"damage":43.0,"enemies":"downfall:CharBossMerchant","floor":52.0,"turns":9.0},{"damage":8,"enemies":"downfall:NeowBoss","floor":55,"turns":11},{"damage":39,"enemies":"downfall:NeowBossFinal","floor":56,"turns":10}],"seed_played":"2414946576413269819","potions_obtained":[{"floor":9.0,"key":"BlessingOfTheForge"},{"floor":10.0,"key":"Strength Potion"},{"floor":13.0,"key":"hexamod:SoulburnPotion"},{"floor":16.0,"key":"AttackPotion"},{"floor":19.0,"key":"Fire Potion"},{"floor":29.0,"key":"SkillPotion"},{"floor":31.0,"key":"Energy Potion"},{"floor":32.0,"key":"DuplicationPotion"},{"floor":37.0,"key":"bronze:BurnAndBuffPotion"},{"floor":45.0,"key":"Ancient Potion"},{"floor":46.0,"key":"Block Potion"}],"is_trial":false,"path_per_floor":["R","M","?","M","M","?","T","?","E","M","R","M","E","T","M","B",null,"R","M","M","$","T","R","T","?","?","E","?","M","R","M","M","B",null,"R","M","M","?","?","?","T","R","M","E","M","E","$","E","M","B",null,"E","$","R","B","B",null],"character_chosen":"THE_SPIRIT","items_purchased":["Strange Spoon","Guardian:BottledAnomaly","Orrery","hexamod:Rewind"],"campfire_rested":1,"item_purchase_floors":[21,47,47,53],"current_hp_per_floor":[70,70,70,70,70,70,70,70,54,47,47,46,34,42,42,4,86,86,86,85,85,85,85,85,77,82,75,61,46,86,83,80,58,101,101,101,101,101,101,101,101,101,101,85,80,80,79,85,85,34,85,42,42,42,34,20],"gold":26,"neow_bonus":"ONE_RANDOM_RARE_CARD","is_daily":false,"chose_seed":false,"campfire_upgraded":6,"win_rate":0.0,"timestamp":1610940624,"path_taken":["R","M","?","M","M","?","T","?","E","M","R","M","E","?","M","BOSS","R","M","M","$","?","R","T","?","?","E","?","M","R","?","M","BOSS","R","M","M","?","?","?","T","R","M","E","M","E","$","E","M","BOSS","E","$","R","BOSS","BOSS"],"items_purchased_type":["Relic","Relic","Relic","Card"],"build_version":"2020-12-22","purchased_purges":3,"victory":true,"max_hp_per_floor":[70,70,70,70,70,70,70,70,70,70,70,70,70,78,78,78,86,86,86,86,86,86,86,86,86,91,91,91,91,101,101,101,101,101,101,101,101,101,101,101,101,101,101,93,93,85,85,85,85,85,85,77,77,77,77,77],"card_choices":[{"not_picked":["hexamod:ShieldOfDarkness","hexamod:SpectersWail"],"picked":"hexamod:DynamicBlow","floor":2.0},{"not_picked":["hexamod:SkipABeat","hexamod:GhostLash"],"picked":"hexamod:Again","floor":4.0},{"not_picked":["hexamod:HeatMetal","hexamod:NightmareGuise"],"picked":"hexamod:GhostOfSpirePresent","floor":5.0},{"not_picked":["hexamod:BurningTouch","hexamod:GhostShield"],"picked":"hexamod:Hexaguard","floor":9.0},{"not_picked":["hexamod:ThermalTransfer","hexamod:NightmareStrike"],"picked":"hexamod:ApocalypseNow","floor":10.0},{"not_picked":["hexamod:SpectralSpark","hexamod:BacktrackSmack"],"picked":"hexamod:GhostShield","floor":12.0},{"not_picked":["hexamod:FastForward","hexamod:NightmareStrike"],"picked":"hexamod:RecurringNightmare","floor":13.0},{"not_picked":["hexamod:InspiringFlames","hexamod:FastForward"],"picked":"hexamod:NightmareGuise","floor":15.0},{"not_picked":["hexamod:SixthSeal","hexamod:ApocalypticArmor"],"picked":"hexamod:HexaLevel","floor":16.0},{"not_picked":["hubris:SpiceAddiction","hexamod:SwordOfDarkness"],"picked":"hexamod:PowerFromBeyond+1","floor":19.0},{"not_picked":["hexamod:FastForward+1","hexamod:SecondSeal"],"picked":"hexamod:GhostOfSpirePast","floor":20.0},{"not_picked":["hexamod:ThirdSeal","hexamod:FourthSeal","hexamod:HeatCrush"],"picked":"SKIP","floor":21.0},{"not_picked":["hexamod:HeatCrush+1","hubris:SpiceAddiction"],"picked":"hexamod:HauntingEcho+1","floor":25.0},{"not_picked":["RobotSpaceExplorer:LaserBurst+1","Hemokinesis+1"],"picked":"Slimebound:Dissolve","floor":27.0},{"not_picked":["Clothesline+1","hexamod:InspiringFlames"],"picked":"hexamod:TimeWarp+1","floor":29.0},{"not_picked":["hubris:SpiceAddiction","RobotSpaceExplorer:Electropulse+1"],"picked":"Guardian:Repulse","floor":31.0},{"not_picked":["hexamod:GhostLash+1","Bane+1"],"picked":"RobotSpaceExplorer:IronShell+1","floor":32.0},{"not_picked":["SpiritShield","Berserk"],"picked":"expansioncontent:StudyTheSpire","floor":33.0},{"not_picked":["hubris:SpiceAddiction","Slimebound:Nibble+1"],"picked":"Well Laid Plans","floor":36.0},{"not_picked":["EmptyFist+1","Guardian:Gem_Yellow","hexamod:FirstSeal"],"picked":"SKIP","floor":37.0},{"not_picked":["Reinforced Body","champ:BerserkersShout+1","champ:PerfectedStrike+1"],"picked":"SKIP","floor":43.0},{"not_picked":["hexamod:FourthSeal","Blade Dance+1"],"picked":"hexamod:HeatShield+1","floor":44.0},{"not_picked":["bronze:Frontload","hexamod:SixthSeal"],"picked":"Slimebound:Prepare+1","floor":45.0},{"not_picked":["hubris:SpiceAddiction","Leap+1"],"picked":"expansioncontent:Hexaburn","floor":46.0},{"not_picked":["Slimebound:LevelUp","Twin Strike+1"],"picked":"hexamod:NightmareGuise+1","floor":47.0},{"not_picked":["sneckomod:UnknownCommonSkill","sneckomod:QuickMove"],"picked":"hexamod:BacktrackSmack+1","floor":48.0},{"not_picked":["RobotSpaceExplorer:Wormhole","Guardian:Orbwalk+1"],"picked":"Rebound+1","floor":49.0},{"not_picked":["theMarked:HeightenedSenses","Cold Snap+1"],"picked":"hexamod:NightmareStrike+1","floor":52.0}],"player_experience":833621,"relics_obtained":[{"floor":7.0,"key":"Happy Flower"},{"floor":9.0,"key":"Kunai"},{"floor":13.0,"key":"Bag of Preparation"},{"floor":14.0,"key":"hubris:Spice"},{"floor":24.0,"key":"Molten Egg 2"},{"floor":25.0,"key":"PrismaticShard"},{"floor":27.0,"key":"aspiration:FrozenJewel"},{"floor":41.0,"key":"Slimebound:PreparedRelic"},{"floor":44.0,"key":"hubris:Spice"},{"floor":46.0,"key":"hubris:Spice"},{"floor":48.0,"key":"Dead Branch"},{"floor":52.0,"key":"hubris:Spice"}],"event_choices":[{"damage_healed":0.0,"max_hp_gain":0.0,"max_hp_loss":0.0,"gold_gain":0.0,"event_name":"betterSkull:BetterSkull","player_choice":"UP ","floor":28.0,"gold_loss":0.0,"damage_taken":16.0,"cards_upgraded":["hexamod:RecurringNightmare"],"relics_obtained":[]}],"is_beta":false,"boss_relics":[{"not_picked":["hubris:Spice","Black Star"],"picked":"hubris:Spice"},{"not_picked":["hubris:Spice","hubris:Spice"],"picked":"Cursed Key"}],"items_purged_floors":[21,47,47],"is_endless":false,"potions_floor_spawned":[9,10,13,16,19,29,31,32,37,45,46,48],"ascension_level":1}}