{"host":"5c3kjl7nos5i2inu","time":1610940973,"event":{"mods":["BaseMod","Dark Map","Downfall","Hermit","Minty Spire (QoL Compilation)","StSLib"],"gold_per_floor":[118,118,118,7,18,18,47,47,47,63,63,96,96,110,110,215,215,234,35,45,64,64,64,164,177,177,177,206,218,34,46,46,46,46],"floor_reached":33,"language":"ENG","playtime":2233,"items_purged":["Parasite","Strike_G"],"score":275,"play_id":"220605c9-ed34-42b4-b35d-48e2688a9e2b","local_time":"20210117223613","is_ascension_mode":false,"campfire_choices":[{"data":"Phantasmal Killer","floor":6,"key":"SMITH"},{"floor":8,"key":"REST"},{"data":"Backflip","floor":11,"key":"SMITH"},{"data":"Poisoned Stab","floor":15,"key":"SMITH"},{"data":"After Image","floor":23,"key":"SMITH"},{"data":"Blade Dance","floor":27,"key":"SMITH"},{"data":"Secret Weapon","floor":32,"key":"SMITH"}],"circlet_count":0,"master_deck":["Strike_G","Strike_G","Defend_G","Defend_G","Defend_G","Defend_G","Survivor","Neutralize","Phantasmal Killer+1","Blade Dance+1","Malaise","Masterful Stab","Backflip","Quick Slash","Backflip+1","Slice","Poisoned Stab+1","After Image+1","All Out Attack","Sucker Punch","Outmaneuver","Deflect+1","All Out Attack+1","Noxious Fumes","Dash","Cloak And Dagger","Flying Knee","Dagger Throw+1","Secret Weapon+1","Cloak And Dagger"],"relics":["Ring of the Snake","Lantern","Eternal Feather","White Beast Statue","NlothsMask","HoveringKite","HornCleat"],"acts_visited":["Exordium","TheCity"],"potions_floor_usage":[21,29,33],"damage_taken":[{"damage":6,"enemies":"Jaw Worm","floor":1,"turns":5},{"damage":1,"enemies":"Small Slimes","floor":5,"turns":4},{"damage":32,"enemies":"3 Sentries","floor":7,"turns":12},{"damage":0,"enemies":"Cultist","floor":10,"turns":2},{"damage":13,"enemies":"Gremlin Nob","floor":12,"turns":4},{"damage":0,"enemies":"3 Louse","floor":14,"turns":3},{"damage":33,"enemies":"Slime Boss","floor":16,"turns":11},{"damage":7,"enemies":"3 Byrds","floor":18,"turns":6},{"damage":3,"enemies":"Spheric Guardian","floor":20,"turns":4},{"damage":8,"enemies":"Chosen and Byrds","floor":21,"turns":7},{"damage":0,"enemies":"Snecko","floor":25,"turns":5},{"damage":2,"enemies":"Book of Stabbing","floor":28,"turns":6},{"damage":8,"enemies":"Snake Plant","floor":29,"turns":5},{"damage":2,"enemies":"Cultist and Chosen","floor":31,"turns":6},{"damage":80,"enemies":"Champ","floor":33,"turns":13}],"seed_played":"4356513418432860945","potions_obtained":[{"floor":7,"key":"CultistPotion"},{"floor":10,"key":"Weak Potion"},{"floor":14,"key":"Energy Potion"},{"floor":21,"key":"Block Potion"},{"floor":29,"key":"AttackPotion"},{"floor":31,"key":"hexamod:SoulburnPotion"}],"is_trial":false,"path_per_floor":["M","?","?","$","M","R","E","R","T","M","R","E","?","M","R","B",null,"M","$","M","M","?","R","?","M","T","R","E","M","$","M","R","B"],"character_chosen":"THE_SILENT","items_purchased":["Masterful Stab","Sucker Punch","Outmaneuver","Secret Weapon"],"campfire_rested":1,"item_purchase_floors":[4,19,19,30],"current_hp_per_floor":[64,64,64,64,63,63,31,51,51,51,60,47,47,47,59,26,67,60,60,57,49,49,64,64,64,64,67,65,57,57,55,67,0,0],"gold":46,"neow_bonus":"THREE_RARE_CARDS","is_daily":false,"chose_seed":false,"campfire_upgraded":6,"win_rate":0.0,"timestamp":1610940973,"path_taken":["M","?","?","$","M","R","E","R","T","M","R","E","?","M","R","BOSS","M","$","M","M","?","R","?","M","T","R","E","?","$","?","R","BOSS"],"items_purchased_type":["Card","Card","Card","Card"],"build_version":"2020-12-22","purchased_purges":2,"victory":false,"max_hp_per_floor":[70,70,70,67,67,67,67,67,67,67,67,67,67,67,67,67,67,67,67,67,67,67,67,67,67,67,67,67,67,67,67,67,67,67],"card_choices":[{"not_picked":["Glass Knife","Burst"],"picked":"Phantasmal Killer","floor":0},{"not_picked":["Outmaneuver","Skewer"],"picked":"Blade Dance","floor":1},{"not_picked":["Acrobatics","Outmaneuver"],"picked":"Backflip","floor":5},{"not_picked":["Storm of Steel","Expertise"],"picked":"Quick Slash","floor":7},{"not_picked":["PiercingWail","Underhanded Strike"],"picked":"Backflip","floor":10},{"not_picked":["Dagger Throw","Footwork"],"picked":"Slice","floor":12},{"not_picked":["Cloak And Dagger","Bouncing Flask"],"picked":"Poisoned Stab","floor":14},{"not_picked":["Venomology","Die Die Die"],"picked":"After Image","floor":16},{"not_picked":["Noxious Fumes","Acrobatics"],"picked":"All Out Attack","floor":18},{"not_picked":["Acrobatics","Bane"],"picked":"Deflect+1","floor":20},{"not_picked":["Tactician","Masterful Stab"],"picked":"All Out Attack+1","floor":21},{"not_picked":["Bane","Prepared+1"],"picked":"Cloak And Dagger","floor":25},{"not_picked":["Skewer+1","PiercingWail"],"picked":"Flying Knee","floor":28},{"not_picked":["Storm of Steel","PiercingWail"],"picked":"Dagger Throw+1","floor":29},{"not_picked":["PiercingWail+1","Bane"],"picked":"Cloak And Dagger","floor":31}],"player_experience":97826,"relics_obtained":[{"floor":7,"key":"Lantern"},{"floor":9,"key":"Eternal Feather"},{"floor":12,"key":"White Beast Statue"},{"floor":28,"key":"HornCleat"}],"event_choices":[{"damage_healed":0,"gold_gain":0,"player_choice":"Ignored","damage_taken":0,"max_hp_gain":0,"max_hp_loss":0,"event_name":"Liars Game","floor":2,"gold_loss":0},{"damage_healed":0,"gold_gain":0,"cards_transformed":["Strike_G"],"player_choice":"Change","damage_taken":0,"max_hp_gain":0,"max_hp_loss":0,"event_name":"Living Wall","floor":3,"gold_loss":0,"cards_obtained":["Malaise"]},{"damage_healed":0,"gold_gain":0,"player_choice":"Trade","damage_taken":0,"relics_obtained":["NlothsMask"],"max_hp_gain":0,"max_hp_loss":0,"event_name":"FaceTrader","floor":13,"gold_loss":0},{"damage_healed":0,"gold_gain":0,"cards_transformed":["Defend_G","Strike_G"],"player_choice":"Became Test Subject","damage_taken":0,"max_hp_gain":0,"max_hp_loss":0,"event_name":"Drug Dealer","floor":22,"gold_loss":0,"cards_obtained":["Noxious Fumes","Dash"]},{"damage_healed":0,"gold_gain":100,"player_choice":"Pray","damage_taken":0,"max_hp_gain":0,"max_hp_loss":0,"event_name":"Golden Shrine","floor":24,"gold_loss":0}],"is_beta":false,"boss_relics":[{"not_picked":["Snecko Eye","Runic Pyramid"],"picked":"HoveringKite"}],"items_purged_floors":[4,19],"is_endless":false,"potions_floor_spawned":[7,10,14,16,18,20,21,25,28,29,31],"killed_by":"Champ","ascension_level":0}}