{"host":"b995t17pt6d05w8c","time":1610987226,"event":{"mods":["AchievementEnabler","BaseMod","Colored Map","DeckTracker","Keyboard Shortcuts","Minty Spire (QoL Compilation)","Permanent Neow","SuperFastMode"],"gold_per_floor":[10,21,33,33,33,33,51,64,64,64,78,112,112,132,132,132,132],"floor_reached":16,"language":"KOR","playtime":401,"items_purged":[],"score":183,"play_id":"cd377c7b-b801-492b-a663-713f28c25f79","local_time":"20210119012706","is_ascension_mode":true,"campfire_choices":[{"floor":6.0,"key":"REST"},{"data":"Poisoned Stab","floor":13,"key":"SMITH"},{"data":"Neutralize","floor":15,"key":"SMITH"}],"circlet_count":0,"master_deck":["AscendersBane","Strike_G","Strike_G","Strike_G","Strike_G","Defend_G","Defend_G","Defend_G","Defend_G","Survivor","Neutralize+1","Reflex","Poisoned Stab+1","Backflip","PiercingWail+1","Blade Dance+1","Terror+1"],"relics":["Ring of the Snake","Golden Idol","Tiny Chest","Toxic Egg 2","Odd Mushroom"],"acts_visited":["Exordium"],"potions_floor_usage":[11,16],"damage_taken":[{"damage":8.0,"enemies":"Cultist","floor":1.0,"turns":5.0},{"damage":0.0,"enemies":"Small Slimes","floor":2.0,"turns":3.0},{"damage":0.0,"enemies":"Jaw Worm","floor":3.0,"turns":5.0},{"damage":8.0,"enemies":"Exordium Thugs","floor":7.0,"turns":7.0},{"damage":0.0,"enemies":"2 Fungi Beasts","floor":8.0,"turns":6.0},{"damage":6,"enemies":"Lots of Slimes","floor":11,"turns":4},{"damage":7,"enemies":"The Mushroom Lair","floor":12,"turns":6},{"damage":5,"enemies":"Blue Slaver","floor":14,"turns":3},{"damage":21,"enemies":"Hexaghost","floor":16,"turns":9}],"seed_played":"5817991144850897873","potions_obtained":[{"floor":1.0,"key":"Dexterity Potion"},{"floor":3.0,"key":"GamblersBrew"},{"floor":8.0,"key":"PowerPotion"},{"floor":14,"key":"SmokeBomb"}],"is_trial":false,"path_per_floor":["M","M","M","?","?","R","M","M","T","T","M","?","R","M","R","B"],"character_chosen":"THE_SILENT","items_purchased":[],"campfire_rested":1,"item_purchase_floors":[],"current_hp_per_floor":[51,51,51,28,23,42,34,34,34,34,28,21,21,16,16,0,0],"gold":132,"neow_bonus":"REMOVE_TWO","is_daily":false,"chose_seed":false,"campfire_upgraded":2,"win_rate":0.0,"timestamp":1610987226,"path_taken":["M","M","M","?","?","R","?","M","T","?","M","?","R","M","R","BOSS"],"items_purchased_type":[],"build_version":"2020-12-22","purchased_purges":0,"victory":false,"max_hp_per_floor":[66,66,66,66,66,66,66,66,66,66,66,66,66,66,66,66,66],"card_choices":[{"not_picked":["Calculated Gamble","Cloak And Dagger"],"picked":"Reflex","floor":1.0},{"not_picked":["Underhanded Strike","Finisher"],"picked":"Poisoned Stab","floor":2.0},{"not_picked":["Choke","Sucker Punch"],"picked":"Backflip","floor":3.0},{"not_picked":["Predator","Backflip","Poisoned Stab"],"picked":"SKIP","floor":7.0},{"not_picked":["Dagger Throw","Poisoned Stab","Sucker Punch"],"picked":"SKIP","floor":8.0},{"not_picked":["Poisoned Stab","Bane"],"picked":"PiercingWail+1","floor":11},{"not_picked":["Dodge and Roll+1","Dagger Throw"],"picked":"Blade Dance+1","floor":12},{"not_picked":["Caltrops","Infinite Blades"],"picked":"Terror+1","floor":14}],"player_experience":149727,"relics_obtained":[{"floor":10.0,"key":"Toxic Egg 2"},{"floor":12,"key":"Odd Mushroom"}],"event_choices":[{"damage_healed":0.0,"max_hp_gain":0.0,"max_hp_loss":0.0,"gold_gain":0.0,"event_name":"Golden Idol","player_choice":"Take Damage","floor":4.0,"gold_loss":0.0,"damage_taken":23.0,"relics_obtained":["Golden Idol"]},{"damage_healed":0.0,"max_hp_gain":0.0,"max_hp_loss":0.0,"gold_gain":0.0,"event_name":"Scrap Ooze","player_choice":"Success","floor":5.0,"gold_loss":0.0,"damage_taken":5.0,"relics_obtained":["Tiny Chest"]},{"damage_healed":0,"gold_gain":0,"player_choice":"Fought Mushrooms","damage_taken":0,"max_hp_gain":0,"max_hp_loss":0,"event_name":"Mushrooms","floor":12,"gold_loss":0}],"is_beta":false,"boss_relics":[],"items_purged_floors":[],"is_endless":false,"potions_floor_spawned":[1,3,8,14],"killed_by":"Hexaghost","ascension_level":19}}