{"host":"a5lz0e76zb3fcwkm","time":1610972059,"event":{"mods":["AchievementEnabler","BaseMod","Colored Map","Colored Powertips","Minty Spire (QoL Compilation)","StSLib","SuperFastMode"],"gold_per_floor":[116,127,144,70,97,97,172,172,172,197,210,242,242,259,259,336,336,351,351,351,364,54,79,99,119,119,119,144,25,45,79,79,158,158,171,1170,1170,879,898,929,929,960,986,998,1041,1064,1064,633,633,633,633,633],"floor_reached":51,"language":"KOR","playtime":1599,"items_purged":["Strike_G","Strike_G","Strike_G","Defend_G"],"score":1681,"play_id":"62762f73-6536-42fc-9533-847315ad1d63","local_time":"20210118211419","is_ascension_mode":true,"campfire_choices":[{"data":"Terror","floor":6.0,"key":"SMITH"},{"data":"Cloak And Dagger","floor":8.0,"key":"SMITH"},{"data":"Accuracy","floor":13.0,"key":"SMITH"},{"floor":15.0,"key":"REST"},{"data":"Apotheosis","floor":27,"key":"SMITH"},{"floor":32,"key":"RECALL"},{"data":"Footwork","floor":47,"key":"SMITH"},{"floor":49,"key":"REST"}],"circlet_count":0,"master_deck":["AscendersBane","Defend_G","Defend_G","Defend_G","Survivor","Neutralize","Terror+1","Crippling Poison","Cloak And Dagger+1","Accuracy+1","Escape Plan","PiercingWail","Backstab","Blade Dance","Storm of Steel","Infinite Blades","Apotheosis+1","Cloak And Dagger+1","Acrobatics","Malaise+1","Accuracy","Backflip","Terror+1","Calculated Gamble+1","Backflip","Footwork+1"],"relics":["Ring of the Snake","PreservedInsect","Snake Skull","Mercury Hourglass","Omamori","Regal Pillow","Empty Cage","Meat on the Bone","Membership Card","Smiling Mask","Ancient Tea Set","Mummified Hand","Ornamental Fan","WristBlade","Toolbox","Anchor","War Paint","Oddly Smooth Stone","CeramicFish","Blue Candle","TungstenRod","PrismaticShard"],"acts_visited":["Exordium","TheCity","TheBeyond"],"potions_floor_usage":[23,24,25,33,33,39,40,42,45,50,50],"damage_taken":[{"damage":1.0,"enemies":"Cultist","floor":1.0,"turns":5.0},{"damage":1.0,"enemies":"2 Louse","floor":2.0,"turns":4.0},{"damage":0.0,"enemies":"Small Slimes","floor":3.0,"turns":4.0},{"damage":20.0,"enemies":"Gremlin Nob","floor":10.0,"turns":4.0},{"damage":0.0,"enemies":"Blue Slaver","floor":11.0,"turns":3.0},{"damage":13.0,"enemies":"Lagavulin","floor":12.0,"turns":5.0},{"damage":0.0,"enemies":"Gremlin Gang","floor":14.0,"turns":2.0},{"damage":9.0,"enemies":"The Guardian","floor":16.0,"turns":13.0},{"damage":15.0,"enemies":"3 Byrds","floor":18.0,"turns":4.0},{"damage":0.0,"enemies":"Chosen","floor":21.0,"turns":3.0},{"damage":0,"enemies":"Gremlin Leader","floor":23,"turns":4},{"damage":7,"enemies":"Snecko","floor":24,"turns":3},{"damage":16,"enemies":"3 Cultists","floor":25,"turns":5},{"damage":3,"enemies":"Slavers","floor":28,"turns":4},{"damage":18,"enemies":"Snake Plant","floor":30,"turns":4},{"damage":6,"enemies":"Book of Stabbing","floor":31,"turns":4},{"damage":13,"enemies":"Automaton","floor":33,"turns":7},{"damage":19,"enemies":"3 Darklings","floor":35,"turns":5},{"damage":5,"enemies":"3 Shapes","floor":39,"turns":4},{"damage":0,"enemies":"Reptomancer","floor":40,"turns":4},{"damage":12,"enemies":"Nemesis","floor":42,"turns":3},{"damage":13,"enemies":"Writhing Mass","floor":44,"turns":6},{"damage":0,"enemies":"Reptomancer","floor":45,"turns":3},{"damage":21,"enemies":"Spire Growth","floor":46,"turns":3},{"damage":42,"enemies":"Awakened One","floor":50,"turns":10},{"damage":52,"enemies":"Time Eater","floor":51,"turns":10}],"seed_played":"4180979391380069483","potions_obtained":[{"floor":3.0,"key":"Dexterity Potion"},{"floor":12.0,"key":"ColorlessPotion"},{"floor":16.0,"key":"GamblersBrew"},{"floor":21.0,"key":"Explosive Potion"},{"floor":23,"key":"AttackPotion"},{"floor":31,"key":"Dexterity Potion"},{"floor":33,"key":"CunningPotion"},{"floor":39,"key":"Block Potion"},{"floor":42,"key":"DistilledChaos"},{"floor":44,"key":"ColorlessPotion"},{"floor":45,"key":"Regen Potion"}],"is_trial":false,"path_per_floor":["M","M","M","$","T","R","?","R","T","E","M","E","R","M","R","B",null,"M","?","?","M","$","E","M","M","T","R","E","$","M","E","R","B",null,"M","?","?","$","M","E","?","E","T","M","E","M","R","$","R","B","B"],"character_chosen":"THE_SILENT","items_purchased":["Accuracy","Membership Card","Apotheosis","Acrobatics","Regen Potion","Backflip","Toolbox","Anchor","DistilledChaos","Blue Candle","TungstenRod","PrismaticShard"],"campfire_rested":2,"item_purchase_floors":[4,22,22,29,29,38,38,38,38,48,48,48],"current_hp_per_floor":[58,57,57,57,57,57,46,46,46,26,26,13,13,13,47,38,59,44,44,44,44,44,44,37,33,33,33,42,42,36,42,42,44,61,42,42,42,42,37,37,37,37,37,36,36,27,27,27,61,45,0,0],"gold":633,"neow_bonus":"RANDOM_COMMON_RELIC","is_daily":false,"chose_seed":false,"campfire_upgraded":5,"win_rate":0.0,"timestamp":1610972059,"path_taken":["M","M","M","$","?","R","?","R","T","E","M","E","R","M","R","BOSS","M","?","?","M","$","E","M","?","T","R","E","$","M","E","R","BOSS","M","?","?","$","M","E","?","E","T","M","E","M","R","$","R","BOSS","BOSS"],"items_purchased_type":["Card","Relic","Card","Card","Potion","Card","Relic","Relic","Potion","Relic","Relic","Relic"],"build_version":"2020-12-22","purchased_purges":4,"victory":false,"max_hp_per_floor":[66,66,66,66,66,66,66,66,66,66,66,66,66,66,66,66,66,66,66,66,66,66,66,66,66,66,66,66,66,66,66,66,66,66,66,66,66,66,66,66,66,66,66,66,66,66,66,66,66,66,66,66],"card_choices":[{"not_picked":["Deflect","Choke"],"picked":"Terror","floor":1.0},{"not_picked":["Slice","Prepared"],"picked":"Crippling Poison","floor":2.0},{"not_picked":["Quick Slash","Phantasmal Killer"],"picked":"Cloak And Dagger","floor":3.0},{"not_picked":["Skewer","Flying Knee"],"picked":"Escape Plan","floor":10.0},{"not_picked":["All Out Attack","Deflect"],"picked":"PiercingWail","floor":11.0},{"not_picked":["Predator","Setup"],"picked":"Backstab","floor":12.0},{"not_picked":["Bane","Sucker Punch"],"picked":"Blade Dance","floor":14.0},{"not_picked":["Glass Knife","Envenom"],"picked":"Storm of Steel","floor":16.0},{"not_picked":["Prepared","Poisoned Stab","Eviscerate"],"picked":"SKIP","floor":18.0},{"not_picked":["Expertise","Dagger Spray+1"],"picked":"Infinite Blades","floor":21.0},{"not_picked":["Die Die Die","PiercingWail","Infinite Blades"],"picked":"SKIP","floor":23},{"not_picked":["Quick Slash","Bane+1"],"picked":"Cloak And Dagger","floor":24},{"not_picked":["Skewer","Caltrops","Prepared"],"picked":"SKIP","floor":25},{"not_picked":["Setup","Slice+1","Flying Knee"],"picked":"SKIP","floor":28},{"not_picked":["Dodge and Roll+1","Slice","Caltrops"],"picked":"SKIP","floor":30},{"not_picked":["Underhanded Strike","Distraction","Infinite Blades"],"picked":"SKIP","floor":31},{"not_picked":["Night Terror","Glass Knife"],"picked":"Malaise","floor":33},{"not_picked":["Crippling Poison","Sucker Punch"],"picked":"Accuracy","floor":35},{"not_picked":["Setup","Prepared"],"picked":"Terror+1","floor":39},{"not_picked":["Concentrate","Riddle With Holes","Deadly Poison"],"picked":"SKIP","floor":40},{"not_picked":["Expertise","Caltrops","Flying Knee"],"picked":"SKIP","floor":42},{"not_picked":["Bane","Sucker Punch+1"],"picked":"Calculated Gamble+1","floor":44},{"not_picked":["Dagger Spray","Bullet Time"],"picked":"Backflip","floor":45},{"not_picked":["Underhanded Strike","Acrobatics+1"],"picked":"Footwork","floor":46}],"player_experience":1765082,"relics_obtained":[{"floor":5.0,"key":"Snake Skull"},{"floor":9.0,"key":"Mercury Hourglass"},{"floor":10.0,"key":"Omamori"},{"floor":12.0,"key":"Regal Pillow"},{"floor":23,"key":"Smiling Mask"},{"floor":26,"key":"Ancient Tea Set"},{"floor":28,"key":"Mummified Hand"},{"floor":31,"key":"Ornamental Fan"},{"floor":40,"key":"War Paint"},{"floor":42,"key":"Oddly Smooth Stone"},{"floor":45,"key":"CeramicFish"}],"event_choices":[{"damage_healed":0.0,"max_hp_gain":0.0,"max_hp_loss":0.0,"gold_gain":75.0,"event_name":"World of Goop","player_choice":"Gather Gold","floor":7.0,"gold_loss":0.0,"damage_taken":11.0},{"cards_removed":["Defend_G"],"damage_healed":0.0,"max_hp_gain":0.0,"max_hp_loss":0.0,"gold_gain":0.0,"event_name":"Back to Basics","player_choice":"Elegance","floor":19.0,"gold_loss":0.0,"damage_taken":0.0},{"damage_healed":0.0,"max_hp_gain":0.0,"max_hp_loss":0.0,"gold_gain":0.0,"event_name":"WeMeetAgain","player_choice":"Gave Potion","floor":20.0,"gold_loss":0.0,"damage_taken":0.0,"relics_obtained":["Meat on the Bone"]},{"damage_healed":0,"gold_gain":999,"player_choice":"Gold","damage_taken":0,"max_hp_gain":0,"max_hp_loss":0,"event_name":"MindBloom","floor":36,"gold_loss":0,"cards_obtained":["Normality","Normality"]},{"damage_healed":0,"gold_gain":0,"player_choice":"Ignored","damage_taken":0,"max_hp_gain":0,"max_hp_loss":0,"event_name":"Tomb of Lord Red Mask","floor":37,"gold_loss":0},{"damage_healed":0,"gold_gain":0,"player_choice":"Memory 1","damage_taken":0,"max_hp_gain":0,"max_hp_loss":0,"event_name":"SensoryStone","floor":41,"gold_loss":0}],"is_beta":false,"boss_relics":[{"not_picked":["HoveringKite","Fusion Hammer"],"picked":"Empty Cage"},{"not_picked":["Tiny House","Runic Dome"],"picked":"WristBlade"}],"items_purged_floors":[22,29,38,48],"is_endless":false,"potions_floor_spawned":[3,12,14,16,21,23,31,33,39,42,44,45,46],"killed_by":"Time Eater","ascension_level":20}}