{"host":"lh9qfzqeqctr28d2","time":1610951329,"event":{"mods":["BaseMod","Luminous","Minty Spire (QoL Compilation)","Quick Restart","Relic Stats","Remilia£®¿Ÿ√◊¿Ú—«£©","StSLib"],"gold_per_floor":[113,113,63,83,83,112,123,123,123,142,142,67,67,86,86,187,187,207,232,251,29,29,57,69,97,133,145,167,199,211,223,235,348,360,384,411,440,452,474,486,498,498],"floor_reached":41,"language":"ZHS","playtime":2095,"items_purged":["Pain","Defend_B"],"score":438,"play_id":"56b3c95f-8bbd-406f-83b5-357731c1e5ae","local_time":"20210118142849","is_ascension_mode":false,"campfire_choices":[{"data":"Zap","floor":8.0,"key":"SMITH"},{"data":"Hologram","floor":13.0,"key":"SMITH"},{"data":"Dualcast","floor":15.0,"key":"SMITH"},{"data":"Machine Learning","floor":24.0,"key":"SMITH"},{"floor":27.0,"key":"REST"},{"data":"Loop","floor":32.0,"key":"SMITH"},{"data":"Barrage","floor":40,"key":"SMITH"}],"circlet_count":0,"master_deck":["Strike_B","Defend_B","Defend_B","Defend_B","Zap+1","Dualcast+1","Barrage+1","Self Repair","Sweeping Beam","Loop+1","Hologram+1","Leap","Machine Learning+1","Redo+1","Streamline","Conserve Battery","RitualDagger","Stack","Ball Lightning","Seek","Conserve Battery","Parasite","Reprogram"],"relics":["FrozenCore","NeowsBlessing","InkBottle","Anchor","Toy Ornithopter","WarpedTongs","Busted Crown","Lantern","Membership Card","MawBank","Bag of Preparation"],"acts_visited":["Exordium","TheCity","TheBeyond"],"potions_floor_usage":[39],"damage_taken":[{"damage":0.0,"enemies":"2 Louse","floor":1.0,"turns":1.0},{"damage":0.0,"enemies":"Jaw Worm","floor":4.0,"turns":1.0},{"damage":0.0,"enemies":"Gremlin Nob","floor":6.0,"turns":1.0},{"damage":5.0,"enemies":"Small Slimes","floor":7.0,"turns":3.0},{"damage":23.0,"enemies":"Exordium Thugs","floor":10.0,"turns":5.0},{"damage":3.0,"enemies":"Red Slaver","floor":14.0,"turns":3.0},{"damage":25.0,"enemies":"Hexaghost","floor":16.0,"turns":9.0},{"damage":0.0,"enemies":"Spheric Guardian","floor":18.0,"turns":3.0},{"damage":6.0,"enemies":"Shell Parasite","floor":20.0,"turns":5.0},{"damage":40.0,"enemies":"Gremlin Leader","floor":23.0,"turns":7.0},{"damage":21.0,"enemies":"Shelled Parasite and Fungi","floor":25.0,"turns":6.0},{"damage":14.0,"enemies":"Snecko","floor":28.0,"turns":6.0},{"damage":9.0,"enemies":"Centurion and Healer","floor":29.0,"turns":4.0},{"damage":51,"enemies":"Champ","floor":33,"turns":9},{"damage":15,"enemies":"3 Darklings","floor":35,"turns":5},{"damage":0,"enemies":"3 Shapes","floor":36,"turns":4},{"damage":14,"enemies":"Writhing Mass","floor":37,"turns":8},{"damage":3,"enemies":"3 Darklings","floor":39,"turns":5},{"damage":48,"enemies":"Nemesis","floor":41,"turns":10}],"seed_played":"-8433375279257188466","potions_obtained":[{"floor":7.0,"key":"SkillPotion"},{"floor":10.0,"key":"Swift Potion"},{"floor":18.0,"key":"Fruit Juice"},{"floor":20.0,"key":"Weak Potion"},{"floor":36,"key":"Strength Potion"}],"is_trial":false,"path_per_floor":["M","?","?","M","?","E","M","R","T","M","?","$","R","M","R","B",null,"M","T","M","$","?","E","R","M","T","R","M","M","?","?","R","B",null,"M","M","M","?","M","R","E"],"character_chosen":"DEFECT","items_purchased":["Conserve Battery","Membership Card"],"campfire_rested":1,"item_purchase_floors":[21,21],"current_hp_per_floor":[75,68,68,68,61,61,63,63,63,47,47,47,47,51,51,33,75,75,75,80,80,74,51,51,37,37,61,57,55,55,55,55,14,80,72,80,73,73,80,80,32,32],"gold":498,"neow_bonus":"THREE_ENEMY_KILL","is_daily":false,"chose_seed":false,"campfire_upgraded":6,"win_rate":0.0,"timestamp":1610951329,"path_taken":["M","?","?","M","?","E","?","R","T","M","?","$","R","?","R","BOSS","M","?","M","?","?","E","R","M","T","R","M","?","?","?","R","BOSS","M","M","M","?","?","R","E"],"items_purchased_type":["Card","Relic"],"build_version":"2020-12-22","purchased_purges":2,"victory":false,"max_hp_per_floor":[75,75,75,75,75,75,75,75,75,75,75,75,75,75,75,75,75,75,75,80,80,80,80,80,80,80,80,80,80,80,80,80,80,80,80,80,80,80,80,80,80,80],"relic_stats":{"Busted Crown":22,"counters":[19,93],"Bag of Preparation":[16],"MawBank":216,"obtain_stats":[{"Anchor":6,"Lantern":19,"Busted Crown":17,"NeowsBlessing":0,"Bag of Preparation":26,"Membership Card":21,"Cracked Core":0,"MawBank":23,"InkBottle":2,"Toy Ornithopter":9,"WarpedTongs":11,"FrozenCore":34},{"Anchor":3,"Lantern":8,"Busted Crown":7,"NeowsBlessing":0,"Bag of Preparation":11,"Membership Card":9,"Cracked Core":0,"MawBank":10,"InkBottle":1,"Toy Ornithopter":4,"WarpedTongs":5,"FrozenCore":14},{"Anchor":3,"Lantern":26,"Busted Crown":23,"NeowsBlessing":0,"Bag of Preparation":43,"Membership Card":31,"Cracked Core":0,"MawBank":37,"InkBottle":1,"Toy Ornithopter":6,"WarpedTongs":11,"FrozenCore":61}],"InkBottle":[38],"Toy Ornithopter":15,"FrozenCore":[10],"WarpedTongs":[80]},"card_choices":[{"not_picked":["Compile Driver","Defragment"],"picked":"Barrage","floor":1.0},{"not_picked":["Steam","Gash"],"picked":"Self Repair","floor":4.0},{"not_picked":["Go for the Eyes","Steam"],"picked":"Sweeping Beam","floor":6.0},{"not_picked":["Streamline","Gash"],"picked":"Loop","floor":7.0},{"not_picked":["Lockon","Doom and Gloom"],"picked":"Hologram","floor":10.0},{"not_picked":["Stack","Sweeping Beam"],"picked":"Leap","floor":14.0},{"not_picked":["Multi-Cast","Buffer"],"picked":"Machine Learning","floor":16.0},{"not_picked":[],"picked":"Redo+1","floor":18.0},{"not_picked":[],"picked":"Streamline","floor":20.0},{"not_picked":[],"picked":"Stack","floor":23.0},{"not_picked":[],"picked":"Ball Lightning","floor":25.0},{"not_picked":["Sweeping Beam"],"picked":"SKIP","floor":28.0},{"not_picked":["Sweeping Beam"],"picked":"SKIP","floor":29.0},{"not_picked":[],"picked":"Seek","floor":33},{"not_picked":["Streamline"],"picked":"SKIP","floor":35},{"not_picked":[],"picked":"Conserve Battery","floor":36},{"not_picked":["Sweeping Beam+1"],"picked":"SKIP","floor":37},{"not_picked":["Compile Driver+1"],"picked":"SKIP","floor":39}],"player_experience":411776,"relics_obtained":[{"floor":6.0,"key":"Anchor"},{"floor":9.0,"key":"Toy Ornithopter"},{"floor":19.0,"key":"Lantern"},{"floor":23.0,"key":"MawBank"},{"floor":26.0,"key":"Bag of Preparation"}],"event_choices":[{"damage_healed":0.0,"max_hp_gain":0.0,"max_hp_loss":0.0,"gold_gain":0.0,"event_name":"Scrap Ooze","player_choice":"Success","floor":2.0,"gold_loss":0.0,"damage_taken":7.0,"relics_obtained":["InkBottle"]},{"cards_removed":["Strike_B"],"damage_healed":0.0,"max_hp_gain":0.0,"max_hp_loss":0.0,"gold_gain":0.0,"event_name":"The Cleric","player_choice":"Card Removal","floor":3.0,"gold_loss":50.0,"damage_taken":0.0},{"cards_removed":["Strike_B"],"damage_healed":0.0,"max_hp_gain":0.0,"max_hp_loss":0.0,"gold_gain":0.0,"event_name":"Golden Wing","player_choice":"Card Removal","floor":5.0,"gold_loss":0.0,"damage_taken":7.0},{"damage_healed":0.0,"max_hp_gain":0.0,"max_hp_loss":0.0,"gold_gain":0.0,"event_name":"Accursed Blacksmith","player_choice":"Rummage","floor":11.0,"gold_loss":0.0,"damage_taken":0.0,"relics_obtained":["WarpedTongs"],"cards_obtained":["Pain"]},{"damage_healed":0.0,"max_hp_gain":0.0,"max_hp_loss":0.0,"gold_gain":0.0,"event_name":"Nest","player_choice":"Joined the Cult","floor":22.0,"gold_loss":0.0,"damage_taken":6.0,"cards_obtained":["RitualDagger"]},{"damage_healed":0.0,"max_hp_gain":0.0,"max_hp_loss":0.0,"gold_gain":0.0,"event_name":"Ghosts","player_choice":"Ignored","floor":30.0,"gold_loss":0.0,"damage_taken":0.0},{"damage_healed":0.0,"max_hp_gain":0.0,"max_hp_loss":0.0,"gold_gain":0.0,"event_name":"Vampires","player_choice":"Ignored","floor":31.0,"gold_loss":0.0,"damage_taken":0.0},{"damage_healed":0,"gold_gain":0,"cards_transformed":["Strike_B"],"player_choice":"Transformed","damage_taken":0,"max_hp_gain":0,"max_hp_loss":0,"event_name":"Transmorgrifier","floor":38,"gold_loss":0,"cards_obtained":["Reprogram"]}],"is_beta":false,"boss_relics":[{"not_picked":["Ectoplasm","Sozu"],"picked":"Busted Crown"},{"not_picked":["Runic Pyramid","Fusion Hammer"],"picked":"FrozenCore"}],"items_purged_floors":[12,21],"is_endless":false,"potions_floor_spawned":[7,10,18,20,36],"killed_by":"Nemesis","ascension_level":0}}