{"host":"w4b7hmige5bnqipq","time":1610981464,"event":{"mods":["2.2 Compatiblity","BaseMod","Colored Map","DeckTracker","Keyboard Shortcuts","Minty Spire (QoL Compilation)","Permanent Neow","Rare Cards Sparkle","SuperFastMode","everything is the same but u backflip on backflip","slay the spire mod where everything is the same but ironclad has a cowboy hat"],"gold_per_floor":[111,36,56,56,66,66,66,66,66,77,97,22,22,42,42,120,120,131,131,81,95,45,45,59,79,79,93,103,115,133,151,151,229,229,240,140,159,176,10,10,30,62,62,89,0,25,25,41,41,41,41,41,41,41,67,67,67],"floor_reached":56,"language":"KOR","playtime":8342,"items_purged":["Strike_G","Riddle With Holes","Defend_G"],"score":2170,"play_id":"9048ce4b-31b4-47d5-989d-57d767f9e0ce","local_time":"20210118225104","is_ascension_mode":true,"campfire_choices":[{"data":"Malaise","floor":6.0,"key":"SMITH"},{"data":"Neutralize","floor":8.0,"key":"SMITH"},{"data":"Poisoned Stab","floor":15.0,"key":"SMITH"},{"data":"Adrenaline","floor":23.0,"key":"SMITH"},{"data":"Concentrate","floor":32.0,"key":"SMITH"},{"floor":40.0,"key":"RECALL"},{"floor":49.0,"key":"REST"},{"floor":53.0,"key":"REST"}],"circlet_count":0,"master_deck":["AscendersBane","Defend_G","Survivor","Neutralize+1","Acrobatics+1","Malaise+1","Poisoned Stab+1","Adrenaline+1","Footwork","Crippling Poison+1","Backflip","Reflex","Concentrate+1","Adrenaline","Blur","After Image"],"relics":["Ring of the Snake","Meat on the Bone","Empty Cage","Matryoshka","Fusion Hammer","Darkstone Periapt","Art of War","Bottled Tornado","Red Mask","Shuriken","HornCleat"],"acts_visited":["Exordium","TheCity","TheBeyond","TheEnding"],"potions_floor_usage":[],"damage_taken":[{"damage":0.0,"enemies":"2 Louse","floor":1.0,"turns":5.0},{"damage":3.0,"enemies":"Cultist","floor":3.0,"turns":5.0},{"damage":5.0,"enemies":"Small Slimes","floor":5.0,"turns":9.0},{"damage":3.0,"enemies":"Red Slaver","floor":10.0,"turns":7.0},{"damage":0.0,"enemies":"Gremlin Gang","floor":11.0,"turns":5.0},{"damage":5.0,"enemies":"Large Slime","floor":14.0,"turns":6.0},{"damage":19.0,"enemies":"The Guardian","floor":16.0,"turns":11.0},{"damage":10.0,"enemies":"Spheric Guardian","floor":18.0,"turns":4.0},{"damage":0.0,"enemies":"3 Byrds","floor":21.0,"turns":8.0},{"damage":9.0,"enemies":"Snake Plant","floor":24.0,"turns":6.0},{"damage":12.0,"enemies":"Centurion and Healer","floor":25.0,"turns":8.0},{"damage":20.0,"enemies":"Chosen and Byrds","floor":27.0,"turns":10.0},{"damage":3.0,"enemies":"Snake Plant","floor":28.0,"turns":6.0},{"damage":9.0,"enemies":"Centurion and Healer","floor":29.0,"turns":8.0},{"damage":19.0,"enemies":"Sentry and Sphere","floor":30.0,"turns":7.0},{"damage":15.0,"enemies":"Cultist and Chosen","floor":31.0,"turns":7.0},{"damage":9.0,"enemies":"Automaton","floor":33.0,"turns":4.0},{"damage":0.0,"enemies":"3 Shapes","floor":35.0,"turns":3.0},{"damage":0.0,"enemies":"3 Darklings","floor":37.0,"turns":2.0},{"damage":0.0,"enemies":"Writhing Mass","floor":38.0,"turns":5.0},{"damage":0.0,"enemies":"Jaw Worm Horde","floor":41.0,"turns":3.0},{"damage":0.0,"enemies":"Nemesis","floor":42.0,"turns":1.0},{"damage":0.0,"enemies":"Giant Head","floor":44.0,"turns":2.0},{"damage":0.0,"enemies":"Reptomancer","floor":46.0,"turns":1.0},{"damage":0.0,"enemies":"Sphere and 2 Shapes","floor":48.0,"turns":1.0},{"damage":41.0,"enemies":"Time Eater","floor":50.0,"turns":20.0},{"damage":0.0,"enemies":"Awakened One","floor":51.0,"turns":7.0},{"damage":0.0,"enemies":"Shield and Spear","floor":55.0,"turns":1.0},{"damage":5,"enemies":"The Heart","floor":56,"turns":2}],"seed_played":"-3028371259995848337","potions_obtained":[{"floor":1.0,"key":"Fire Potion"},{"floor":10.0,"key":"GamblersBrew"},{"floor":14.0,"key":"CultistPotion"},{"floor":24.0,"key":"Energy Potion"},{"floor":27.0,"key":"LiquidMemories"},{"floor":28.0,"key":"Strength Potion"},{"floor":29.0,"key":"Fire Potion"},{"floor":33.0,"key":"SpeedPotion"},{"floor":37.0,"key":"SteroidPotion"},{"floor":41.0,"key":"Dexterity Potion"},{"floor":55.0,"key":"Weak Potion"}],"is_trial":false,"path_per_floor":["M","?","M","?","M","R","$","R","T","M","M","$","?","M","R","B",null,"M","?","$","M","?","R","M","M","T","M","M","M","M","M","R","B",null,"M","$","M","M","$","R","M","E","T","E","?","E","?","M","R","B","B",null,"R","$","E","B"],"character_chosen":"THE_SILENT","items_purchased":["Backflip","Blur"],"campfire_rested":2,"item_purchase_floors":[20,39],"current_hp_per_floor":[59,59,56,56,51,51,51,51,51,48,48,48,48,43,43,36,54,44,44,44,44,44,44,35,35,35,27,36,39,32,29,29,32,53,53,53,53,53,53,53,53,53,53,53,53,53,53,53,60,31,31,53,60,60,60,55,55],"gold":67,"neow_bonus":"REMOVE_TWO","is_daily":false,"chose_seed":false,"campfire_upgraded":5,"win_rate":0.0,"timestamp":1610981464,"path_taken":["M","?","M","?","?","R","$","R","T","M","M","$","?","M","R","BOSS","M","?","$","M","?","R","?","?","T","M","M","M","M","M","R","BOSS","M","$","M","M","$","R","M","E","T","E","?","E","?","M","R","BOSS","BOSS","R","$","E","BOSS"],"items_purchased_type":["Card","Card"],"build_version":"2020-12-22","purchased_purges":3,"victory":false,"max_hp_per_floor":[60,60,60,60,60,60,60,60,60,60,60,60,60,60,60,60,60,60,60,60,60,60,60,60,60,60,60,60,60,60,60,60,60,60,60,60,60,60,60,60,60,60,60,60,60,60,60,60,60,60,60,60,60,60,60,60,60],"card_choices":[{"not_picked":["Slice","Sucker Punch","Quick Slash"],"picked":"SKIP","floor":1.0},{"not_picked":["Endless Agony","Prepared"],"picked":"Acrobatics","floor":3.0},{"not_picked":["Deflect","Footwork"],"picked":"Malaise","floor":5.0},{"not_picked":["Acrobatics","Dodge and Roll"],"picked":"Poisoned Stab","floor":10.0},{"not_picked":["Deflect","Dodge and Roll"],"picked":"Riddle With Holes","floor":11.0},{"not_picked":["Acrobatics","Blade Dance","Distraction"],"picked":"SKIP","floor":14.0},{"not_picked":["Burst","Envenom"],"picked":"Adrenaline","floor":16.0},{"not_picked":["All Out Attack","Dagger Spray"],"picked":"Footwork","floor":18.0},{"not_picked":["Dodge and Roll","Bane","Choke"],"picked":"SKIP","floor":21.0},{"not_picked":["Dagger Throw","Quick Slash","Deadly Poison"],"picked":"SKIP","floor":24.0},{"not_picked":["PiercingWail","Concentrate","Caltrops+1"],"picked":"SKIP","floor":25.0},{"not_picked":["Dagger Spray","Finisher"],"picked":"Reflex","floor":27.0},{"not_picked":["Flying Knee","Slice","Well Laid Plans"],"picked":"SKIP","floor":28.0},{"not_picked":["Setup","Dagger Throw","Backflip"],"picked":"SKIP","floor":29.0},{"not_picked":["Bane","Flying Knee"],"picked":"Concentrate","floor":30.0},{"not_picked":["Dash","Predator","Finisher"],"picked":"SKIP","floor":31.0},{"not_picked":["Venomology","Die Die Die"],"picked":"Adrenaline","floor":33.0},{"not_picked":["Cloak And Dagger","PiercingWail+1","Outmaneuver"],"picked":"SKIP","floor":35.0},{"not_picked":["Accuracy","Dagger Throw","Acrobatics"],"picked":"SKIP","floor":37.0},{"not_picked":["Dagger Spray+1","Noxious Fumes","Leg Sweep+1"],"picked":"SKIP","floor":38.0},{"not_picked":["Caltrops+1","Cloak And Dagger","Distraction"],"picked":"SKIP","floor":41.0},{"not_picked":["Malaise","Predator","Cloak And Dagger"],"picked":"SKIP","floor":42.0},{"not_picked":["Dash","Underhanded Strike","Leg Sweep"],"picked":"SKIP","floor":44.0},{"not_picked":["Sucker Punch+1","Acrobatics+1"],"picked":"After Image","floor":46.0},{"not_picked":["Leg Sweep","Outmaneuver","Concentrate"],"picked":"SKIP","floor":48.0},{"not_picked":["Escape Plan","Backflip+1","Infinite Blades"],"picked":"SKIP","floor":55.0}],"player_experience":504666,"relics_obtained":[{"floor":9.0,"key":"Meat on the Bone"},{"floor":26.0,"key":"Matryoshka"},{"floor":42.0,"key":"Darkstone Periapt"},{"floor":43.0,"key":"Art of War"},{"floor":44.0,"key":"Bottled Tornado"},{"floor":46.0,"key":"Shuriken"},{"floor":55.0,"key":"HornCleat"}],"event_choices":[{"cards_removed":["Strike_G"],"damage_healed":0.0,"max_hp_gain":0.0,"max_hp_loss":0.0,"gold_gain":0.0,"event_name":"The Cleric","player_choice":"Card Removal","floor":2.0,"gold_loss":75.0,"damage_taken":0.0},{"cards_removed":["Defend_G"],"damage_healed":0.0,"max_hp_gain":0.0,"max_hp_loss":0.0,"gold_gain":0.0,"event_name":"Bonfire Elementals","player_choice":"Offered Basic","floor":4.0,"gold_loss":0.0,"damage_taken":0.0},{"cards_removed":["Strike_G"],"damage_healed":0.0,"max_hp_gain":0.0,"max_hp_loss":0.0,"gold_gain":0.0,"event_name":"Wheel of Change","player_choice":"Card Removal","floor":13.0,"gold_loss":0.0,"damage_taken":0.0},{"damage_healed":0.0,"max_hp_gain":0.0,"max_hp_loss":0.0,"gold_gain":0.0,"event_name":"The Library","player_choice":"Read","floor":19.0,"gold_loss":0.0,"damage_taken":0.0,"cards_obtained":["Crippling Poison"]},{"damage_healed":0.0,"max_hp_gain":0.0,"max_hp_loss":0.0,"gold_gain":0.0,"event_name":"Designer","player_choice":"Upgraded Two","floor":22.0,"gold_loss":50.0,"damage_taken":0.0,"cards_upgraded":["Acrobatics","Crippling Poison"]},{"damage_healed":0.0,"max_hp_gain":0.0,"max_hp_loss":0.0,"gold_gain":0.0,"event_name":"Tomb of Lord Red Mask","player_choice":"Paid","floor":45.0,"gold_loss":89.0,"damage_taken":0.0,"relics_obtained":["Red Mask"]},{"damage_healed":0.0,"max_hp_gain":0.0,"max_hp_loss":0.0,"gold_gain":0.0,"event_name":"SensoryStone","player_choice":"Memory 1","floor":47.0,"gold_loss":0.0,"damage_taken":0.0}],"is_beta":false,"boss_relics":[{"not_picked":["Cursed Key","Black Star"],"picked":"Empty Cage"},{"not_picked":["Snecko Eye","Coffee Dripper"],"picked":"Fusion Hammer"}],"items_purged_floors":[12,36,39],"is_endless":false,"potions_floor_spawned":[1,10,14,24,27,28,29,33,37,41,42,55],"killed_by":"The Heart","ascension_level":20}}