{"host":"yuoancq4cku3x8wq","time":1610969658,"event":{"mods":["AchievementEnabler","BaseMod","Minty Spire (QoL Compilation)","Quick Restart","StSLib","SuperFastMode"],"gold_per_floor":[116,116,96,106,126,155,155,170,195,223,223,253,263,22,22,99,99,118,118,118,130,130,158,158,184,184,184,194,194,227,227,227,300,300,311,324,324,324,324,358,358,386,386,412,428,84,100,131,131,131,131,131,131,34,66,66,66],"floor_reached":56,"language":"ZHS","playtime":1743,"items_purged":["Defend_P","Strike_P"],"score":2328,"play_id":"3affabab-4c0f-40f1-82b9-9e724fe9480e","local_time":"20210118193418","is_ascension_mode":true,"campfire_choices":[{"data":"Apotheosis","floor":7.0,"key":"SMITH"},{"data":"Eruption","floor":11.0,"key":"SMITH"},{"floor":15.0,"key":"RECALL"},{"floor":24.0,"key":"REST"},{"floor":27.0,"key":"REST"},{"data":"Scrawl","floor":29.0,"key":"SMITH"},{"floor":32.0,"key":"REST"},{"floor":41.0,"key":"REST"},{"floor":49.0,"key":"REST"},{"floor":53.0,"key":"REST"}],"circlet_count":0,"master_deck":["AscendersBane","Strike_P","Strike_P","Defend_P","Defend_P","Eruption+1","Vigilance+1","Apotheosis+1","CarveReality","EmptyFist","MasterReality","TalkToTheHand","InnerPeace+1","Conclude","Scrawl+1","Fasting2","Wallop","MentalFortress","Brilliance","FlurryOfBlows","Crescendo","EmptyMind+1","Tantrum","MentalFortress+1","Finesse+1","Pray+1"],"relics":["PureWater","Toy Ornithopter","Vajra","Blood Vial","Centennial Puzzle","Medical Kit","Philosopher\u0027s Stone","Darkstone Periapt","Orichalcum","Bottled Lightning","Anchor","Runic Dome","Lizard Tail","Kunai","Toxic Egg 2","ClockworkSouvenir","Singing Bowl","War Paint"],"acts_visited":["Exordium","TheCity","TheBeyond","TheEnding"],"potions_floor_usage":[56,56],"damage_taken":[{"damage":0.0,"enemies":"Jaw Worm","floor":1.0,"turns":3.0},{"damage":0.0,"enemies":"2 Louse","floor":4.0,"turns":1.0},{"damage":0.0,"enemies":"Cultist","floor":5.0,"turns":3.0},{"damage":0.0,"enemies":"Lagavulin","floor":6.0,"turns":4.0},{"damage":5.0,"enemies":"2 Fungi Beasts","floor":8.0,"turns":4.0},{"damage":0.0,"enemies":"3 Sentries","floor":10.0,"turns":3.0},{"damage":1.0,"enemies":"Lagavulin","floor":12.0,"turns":6.0},{"damage":5.0,"enemies":"Blue Slaver","floor":13.0,"turns":2.0},{"damage":0.0,"enemies":"Slime Boss","floor":16.0,"turns":5.0},{"damage":0.0,"enemies":"Shell Parasite","floor":18.0,"turns":1.0},{"damage":0.0,"enemies":"Spheric Guardian","floor":21.0,"turns":2.0},{"damage":16.0,"enemies":"Slavers","floor":23.0,"turns":3.0},{"damage":12.0,"enemies":"Book of Stabbing","floor":25.0,"turns":4.0},{"damage":0.0,"enemies":"Centurion and Healer","floor":28.0,"turns":3.0},{"damage":12.0,"enemies":"Gremlin Leader","floor":30.0,"turns":3.0},{"damage":67.0,"enemies":"Automaton","floor":33.0,"turns":7.0},{"damage":0.0,"enemies":"Orb Walker","floor":35.0,"turns":2.0},{"damage":9.0,"enemies":"3 Darklings","floor":36.0,"turns":3.0},{"damage":0.0,"enemies":"Reptomancer","floor":40.0,"turns":2.0},{"damage":6.0,"enemies":"Nemesis","floor":42.0,"turns":5.0},{"damage":0.0,"enemies":"Giant Head","floor":44.0,"turns":3.0},{"damage":0.0,"enemies":"Spire Growth","floor":45.0,"turns":2.0},{"damage":7.0,"enemies":"Sphere and 2 Shapes","floor":47.0,"turns":2.0},{"damage":10.0,"enemies":"Reptomancer","floor":48.0,"turns":2.0},{"damage":32.0,"enemies":"Time Eater","floor":50.0,"turns":11.0},{"damage":17.0,"enemies":"Donu and Deca","floor":51.0,"turns":6.0},{"damage":101.0,"enemies":"Shield and Spear","floor":55.0,"turns":6.0},{"damage":50,"enemies":"The Heart","floor":56,"turns":6}],"seed_played":"8547110607935919918","potions_obtained":[{"floor":1.0,"key":"Energy Potion"},{"floor":3.0,"key":"FearPotion"},{"floor":5.0,"key":"Ambrosia"},{"floor":16.0,"key":"Fire Potion"},{"floor":25.0,"key":"Regen Potion"},{"floor":28.0,"key":"BottledMiracle"},{"floor":36.0,"key":"Ancient Potion"},{"floor":45.0,"key":"Energy Potion"},{"floor":55.0,"key":"Block Potion"}],"is_trial":false,"path_per_floor":["M","?","?","M","M","E","R","M","T","E","R","E","M","$","R","B",null,"M","?","?","M","?","E","R","E","T","R","M","R","E","?","R","B",null,"M","M","?","?","?","E","R","E","T","E","M","$","M","E","R","B","B",null,"R","$","E","B"],"character_chosen":"WATCHER","items_purchased":["Medical Kit","ClockworkSouvenir","Tantrum","Finesse+1"],"campfire_rested":6,"item_purchase_floors":[14,46,46,54],"current_hp_per_floor":[43,36,36,36,36,36,36,31,31,36,36,37,34,34,34,36,60,62,43,43,45,45,36,57,52,52,73,73,73,61,61,73,6,56,58,64,64,64,64,66,69,63,63,65,67,67,62,54,69,42,27,59,69,69,32,0,0],"gold":66,"neow_bonus":"RANDOM_COLORLESS_2","is_daily":false,"chose_seed":false,"campfire_upgraded":3,"win_rate":0.0,"timestamp":1610969658,"path_taken":["M","?","?","?","M","E","R","M","T","E","R","E","M","$","R","BOSS","M","?","?","?","?","E","R","E","T","R","M","R","E","?","R","BOSS","M","M","?","?","?","E","R","E","T","E","M","$","?","E","R","BOSS","BOSS","R","$","E","BOSS"],"items_purchased_type":["Relic","Relic","Card","Card"],"build_version":"2020-12-22","purchased_purges":2,"victory":false,"max_hp_per_floor":[68,68,68,68,68,68,68,68,68,68,68,68,68,68,68,68,68,68,73,73,73,73,73,73,73,73,73,73,73,73,73,73,73,73,73,73,73,69,69,69,69,69,69,69,69,69,69,69,69,69,69,69,69,69,69,69,69],"card_choices":[{"not_picked":["Panache","Metamorphosis"],"picked":"Apotheosis","floor":0.0},{"not_picked":["Protect","Nirvana"],"picked":"CarveReality","floor":1.0},{"not_picked":["ThirdEye","JustLucky","SashWhip"],"picked":"SKIP","floor":4.0},{"not_picked":["Pray","Evaluate"],"picked":"EmptyFist","floor":5.0},{"not_picked":["FlurryOfBlows","InnerPeace"],"picked":"MasterReality","floor":6.0},{"not_picked":["Prostrate","Halt","ThirdEye"],"picked":"SKIP","floor":8.0},{"not_picked":["Fasting2","EmptyBody"],"picked":"TalkToTheHand","floor":10.0},{"not_picked":["FlyingSleeves","SandsOfTime"],"picked":"InnerPeace","floor":12.0},{"not_picked":["FlyingSleeves","Swivel"],"picked":"Conclude","floor":13.0},{"not_picked":["SpiritShield","Blasphemy"],"picked":"Scrawl","floor":16.0},{"not_picked":["FollowUp","Nirvana","Worship"],"picked":"SKIP","floor":18.0},{"not_picked":["Evaluate+1","JustLucky"],"picked":"Fasting2","floor":21.0},{"not_picked":["DevaForm","BowlingBash","SashWhip"],"picked":"SKIP","floor":23.0},{"not_picked":["Nirvana","Scrawl"],"picked":"Wallop","floor":25.0},{"not_picked":["WreathOfFlame","EmptyBody","SignatureMove"],"picked":"SKIP","floor":28.0},{"not_picked":["PathToVictory","FlurryOfBlows"],"picked":"MentalFortress","floor":30.0},{"not_picked":["LessonLearned","Scrawl"],"picked":"Brilliance","floor":33.0},{"not_picked":["Weave","WindmillStrike+1","BattleHymn"],"picked":"SKIP","floor":35.0},{"not_picked":["ThirdEye","InnerPeace+1"],"picked":"FlurryOfBlows","floor":36.0},{"not_picked":["Perseverance+1","CrushJoints+1"],"picked":"Crescendo","floor":40.0},{"not_picked":["FlurryOfBlows","Consecrate"],"picked":"EmptyMind+1","floor":42.0},{"not_picked":["JustLucky+1","BowlingBash","Protect+1"],"picked":"SKIP","floor":44.0},{"not_picked":["SashWhip","Blasphemy+1","FlurryOfBlows"],"picked":"SKIP","floor":45.0},{"not_picked":["Prostrate+1","ThirdEye+1","JustLucky"],"picked":"SKIP","floor":47.0},{"not_picked":["LikeWater","FlyingSleeves"],"picked":"MentalFortress+1","floor":48.0},{"not_picked":["FlurryOfBlows","Blasphemy+1"],"picked":"Pray+1","floor":55.0}],"player_experience":286225,"relics_obtained":[{"floor":6.0,"key":"Toy Ornithopter"},{"floor":9.0,"key":"Vajra"},{"floor":10.0,"key":"Blood Vial"},{"floor":12.0,"key":"Centennial Puzzle"},{"floor":23.0,"key":"Darkstone Periapt"},{"floor":25.0,"key":"Orichalcum"},{"floor":26.0,"key":"Bottled Lightning"},{"floor":30.0,"key":"Anchor"},{"floor":40.0,"key":"Lizard Tail"},{"floor":42.0,"key":"Kunai"},{"floor":44.0,"key":"Toxic Egg 2"},{"floor":48.0,"key":"Singing Bowl"},{"floor":55.0,"key":"War Paint"}],"event_choices":[{"cards_removed":["Defend_P"],"damage_healed":0.0,"max_hp_gain":0.0,"max_hp_loss":0.0,"gold_gain":0.0,"event_name":"Golden Wing","player_choice":"Card Removal","floor":2.0,"gold_loss":0.0,"damage_taken":7.0},{"damage_healed":0.0,"max_hp_gain":0.0,"max_hp_loss":0.0,"gold_gain":0.0,"event_name":"The Woman in Blue","player_choice":"Bought 1 Potion","floor":3.0,"gold_loss":0.0,"damage_taken":0.0},{"damage_healed":0.0,"max_hp_gain":5.0,"max_hp_loss":0.0,"gold_gain":0.0,"event_name":"Forgotten Altar","player_choice":"Shed Blood","floor":19.0,"gold_loss":0.0,"damage_taken":24.0},{"cards_removed":["Strike_P"],"damage_healed":0.0,"max_hp_gain":0.0,"max_hp_loss":0.0,"gold_gain":0.0,"event_name":"Wheel of Change","player_choice":"Card Removal","floor":20.0,"gold_loss":0.0,"damage_taken":0.0},{"damage_healed":0.0,"max_hp_gain":0.0,"max_hp_loss":0.0,"gold_gain":0.0,"event_name":"Cursed Tome","player_choice":"Ignored","floor":22.0,"gold_loss":0.0,"damage_taken":0.0},{"damage_healed":0.0,"max_hp_gain":0.0,"max_hp_loss":0.0,"gold_gain":0.0,"event_name":"Ghosts","player_choice":"Ignored","floor":31.0,"gold_loss":0.0,"damage_taken":0.0},{"damage_healed":0.0,"max_hp_gain":0.0,"max_hp_loss":0.0,"gold_gain":0.0,"event_name":"SensoryStone","player_choice":"Memory 1","floor":37.0,"gold_loss":0.0,"damage_taken":0.0},{"damage_healed":0.0,"max_hp_gain":0.0,"max_hp_loss":4.0,"gold_gain":0.0,"event_name":"Winding Halls","player_choice":"Max HP","floor":38.0,"gold_loss":0.0,"damage_taken":0.0},{"damage_healed":0.0,"max_hp_gain":0.0,"max_hp_loss":0.0,"gold_gain":0.0,"event_name":"Tomb of Lord Red Mask","player_choice":"Ignored","floor":39.0,"gold_loss":0.0,"damage_taken":0.0}],"is_beta":false,"boss_relics":[{"not_picked":["Pandora\u0027s Box","VioletLotus"],"picked":"Philosopher\u0027s Stone"},{"not_picked":["Tiny House","Cursed Key"],"picked":"Runic Dome"}],"items_purged_floors":[14,46],"is_endless":false,"potions_floor_spawned":[1,4,5,16,25,28,36,42,45,55],"killed_by":"The Heart","ascension_level":20}}