{"host":"3h5qf14xt40jhha0","time":1610936884,"event":{"mods":["AlwaysNeverKeys","BaseMod","Colored Powertips","Minty Spire (QoL Compilation)","Permanent Neow","Relic Stats","StSLib"],"gold_per_floor":[119,119,119,44,119,119,119],"floor_reached":6,"language":"ENG","playtime":146,"items_purged":["Regret"],"score":64,"play_id":"b17e32c9-380e-4560-8a2f-ad7bf58a5e9e","local_time":"20210117212804","is_ascension_mode":true,"campfire_choices":[],"circlet_count":0,"master_deck":["AscendersBane","Strike_G","Strike_G","Defend_G","Defend_G","Defend_G","Defend_G","Defend_G","Survivor","Neutralize","Choke+1","Glass Knife+1","Backflip+1","Slice"],"relics":["Astrolabe","Nunchaku","Golden Idol"],"acts_visited":["Exordium"],"potions_floor_usage":[],"damage_taken":[{"damage":0,"enemies":"Small Slimes","floor":1,"turns":3},{"damage":49,"enemies":"Gremlin Nob","floor":6,"turns":4}],"seed_played":"7064405905076912728","potions_obtained":[{"floor":1,"key":"Energy Potion"}],"is_trial":false,"path_per_floor":["M","?","?","$","?","E"],"character_chosen":"THE_SILENT","items_purchased":[],"campfire_rested":0,"item_purchase_floors":[],"current_hp_per_floor":[59,59,59,59,48,0,0],"gold":119,"neow_bonus":"BOSS_RELIC","is_daily":false,"chose_seed":false,"campfire_upgraded":0,"win_rate":0.0,"timestamp":1610936884,"path_taken":["M","?","?","$","?","E"],"items_purchased_type":[],"build_version":"2020-12-22","purchased_purges":1,"victory":false,"max_hp_per_floor":[66,66,60,60,60,60,60],"relic_stats":{"Nunchaku":[0],"counters":[2,7],"Golden Idol":0,"Astrolabe":["Choke","Glass Knife","Backflip"],"obtain_stats":[{"Nunchaku":2,"Golden Idol":3,"Astrolabe":0,"Ring of the Snake":0},{"Nunchaku":1,"Golden Idol":1,"Astrolabe":0,"Ring of the Snake":0},{"Nunchaku":3,"Golden Idol":3,"Astrolabe":0,"Ring of the Snake":0}]},"card_choices":[{"not_picked":["Caltrops","Calculated Gamble"],"picked":"Slice","floor":1}],"player_experience":1350249,"relics_obtained":[],"event_choices":[{"damage_healed":0,"gold_gain":0,"player_choice":"Box","damage_taken":0,"relics_obtained":["Nunchaku"],"max_hp_gain":0,"max_hp_loss":0,"event_name":"Big Fish","floor":2,"gold_loss":0,"cards_obtained":["Regret"]},{"damage_healed":0,"gold_gain":0,"player_choice":"Lose Max HP","damage_taken":0,"relics_obtained":["Golden Idol"],"max_hp_gain":0,"max_hp_loss":6,"event_name":"Golden Idol","floor":3,"gold_loss":0},{"damage_healed":0,"gold_gain":75,"player_choice":"Gather Gold","damage_taken":11,"max_hp_gain":0,"max_hp_loss":0,"event_name":"World of Goop","floor":5,"gold_loss":0}],"is_beta":false,"boss_relics":[],"items_purged_floors":[4],"is_endless":false,"potions_floor_spawned":[1],"killed_by":"Gremlin Nob","ascension_level":20}}