{"host":"mai03x2ekbjy4059","time":1610929833,"event":{"mods":["2.2 Compatiblity","BaseMod","DeckTracker","Keyboard Shortcuts","Minty Spire (QoL Compilation)","Permanent Neow","Quick Restart","SuperFastMode","everything is the same but u backflip on backflip"],"gold_per_floor":[18,33,47,62,237,237,265,284,310,310,337,350,49,62,62,62,62],"floor_reached":16,"language":"KOR","playtime":686,"items_purged":["Strike_G"],"score":120,"play_id":"cf1a9f7e-d545-4fad-a286-707b1a6ffab0","local_time":"20210118093033","is_ascension_mode":true,"campfire_choices":[{"floor":6.0,"key":"DIG"},{"floor":15.0,"key":"DIG"}],"circlet_count":0,"master_deck":["Strike_G","Strike_G","Strike_G","Strike_G","Defend_G+1","Defend_G","Defend_G+1","Defend_G","Defend_G","Survivor","Neutralize","Noxious Fumes","Crippling Poison","Deflect","Corpse Explosion","Caltrops","Backflip","Caltrops"],"relics":["Ring of the Snake","Shovel","Juzu Bracelet","Ancient Tea Set","Potion Belt","Bag of Preparation","War Paint","Omamori"],"acts_visited":["Exordium"],"potions_floor_usage":[16],"damage_taken":[{"damage":0.0,"enemies":"Cultist","floor":1.0,"turns":4.0},{"damage":0.0,"enemies":"Small Slimes","floor":2.0,"turns":7.0},{"damage":0.0,"enemies":"2 Louse","floor":3.0,"turns":3.0},{"damage":8.0,"enemies":"Lots of Slimes","floor":4.0,"turns":3.0},{"damage":28.0,"enemies":"Gremlin Nob","floor":7.0,"turns":5.0},{"damage":3.0,"enemies":"Exordium Thugs","floor":8.0,"turns":4.0},{"damage":5.0,"enemies":"Lagavulin","floor":11.0,"turns":8.0},{"damage":2.0,"enemies":"Blue Slaver","floor":12.0,"turns":5.0},{"damage":8.0,"enemies":"Large Slime","floor":14.0,"turns":8.0},{"damage":15,"enemies":"Slime Boss","floor":16,"turns":9}],"seed_played":"6776801244378200430","potions_obtained":[{"floor":1.0,"key":"Dexterity Potion"},{"floor":3.0,"key":"Fire Potion"},{"floor":7.0,"key":"DistilledChaos"},{"floor":11.0,"key":"ColorlessPotion"}],"is_trial":false,"path_per_floor":["M","M","M","M","?","R","E","M","T","?","E","M","$","M","R","B"],"character_chosen":"THE_SILENT","items_purchased":["War Paint","Caltrops"],"campfire_rested":0,"item_purchase_floors":[13,13],"current_hp_per_floor":[70,70,70,62,62,62,34,31,31,31,26,24,24,16,16,1,1],"gold":62,"neow_bonus":"ONE_RARE_RELIC","is_daily":false,"chose_seed":false,"campfire_upgraded":0,"win_rate":0.0,"timestamp":1610929833,"path_taken":["M","M","M","?","?","R","E","M","T","?","E","M","$","M","R","BOSS"],"items_purchased_type":["Relic","Card"],"build_version":"2020-12-22","purchased_purges":1,"victory":false,"max_hp_per_floor":[70,70,70,70,70,70,70,70,70,70,70,70,70,70,70,70,70],"card_choices":[{"not_picked":["Choke","Flying Knee","Endless Agony"],"picked":"SKIP","floor":1.0},{"not_picked":["Dagger Spray","Outmaneuver"],"picked":"Noxious Fumes","floor":2.0},{"not_picked":["Sucker Punch","Slice"],"picked":"Crippling Poison","floor":3.0},{"not_picked":["Slice","Cloak And Dagger","Choke"],"picked":"SKIP","floor":4.0},{"not_picked":["Finisher","Poisoned Stab"],"picked":"Deflect","floor":7.0},{"not_picked":["Noxious Fumes","Underhanded Strike"],"picked":"Corpse Explosion","floor":8.0},{"not_picked":["Choke","Predator"],"picked":"Caltrops","floor":11.0},{"not_picked":["Riddle With Holes","Quick Slash"],"picked":"Backflip","floor":12.0},{"not_picked":["Dash","Calculated Gamble","Bouncing Flask"],"picked":"SKIP","floor":14.0}],"player_experience":1074733,"relics_obtained":[{"floor":6.0,"key":"Juzu Bracelet"},{"floor":7.0,"key":"Ancient Tea Set"},{"floor":9.0,"key":"Potion Belt"},{"floor":11.0,"key":"Bag of Preparation"},{"floor":15.0,"key":"Omamori"}],"event_choices":[{"damage_healed":0.0,"max_hp_gain":0.0,"max_hp_loss":0.0,"gold_gain":175.0,"event_name":"Liars Game","player_choice":"AGREE","floor":5.0,"gold_loss":0.0,"damage_taken":0.0,"cards_obtained":["Doubt"]},{"cards_removed":["Doubt"],"damage_healed":0.0,"max_hp_gain":0.0,"max_hp_loss":0.0,"gold_gain":0.0,"event_name":"Purifier","player_choice":"Purged","floor":10.0,"gold_loss":0.0,"damage_taken":0.0}],"is_beta":false,"boss_relics":[],"items_purged_floors":[13],"is_endless":false,"potions_floor_spawned":[1,3,7,11],"killed_by":"Slime Boss","ascension_level":1}}