{"host":"6azrrw3tf7wb0f4b","time":1610955390,"event":{"mods":["BaseMod","DeckTracker","Minty Spire (QoL Compilation)","SuperFastMode"],"gold_per_floor":[116,116,116,47,47,47,58,58,58,58,8,8,21,35,35,136,136,136,136,136,23,23,23,23,23,23,23,23],"floor_reached":27,"language":"KOR","playtime":537,"items_purged":["Strike_P"],"score":422,"play_id":"035149e5-80d2-469c-9936-24b4f59a7608","local_time":"20210118163630","is_ascension_mode":true,"campfire_choices":[{"data":"Eruption","floor":6.0,"key":"SMITH"},{"data":"WreathOfFlame","floor":8.0,"key":"SMITH"},{"data":"Meditate","floor":10.0,"key":"SMITH"},{"data":"EmptyBody","floor":12.0,"key":"SMITH"},{"data":"Adaptation","floor":15.0,"key":"SMITH"},{"data":"Pray","floor":24,"key":"SMITH"}],"circlet_count":0,"master_deck":["AscendersBane","Strike_P","Strike_P","Defend_P+1","Defend_P","Eruption+1","Vigilance","WreathOfFlame+1","FlyingSleeves+1","Meditate+1","EmptyBody+1","Adaptation+1","Vault","WaveOfTheHand","Conclude","EmptyFist","Wallop","Pray+1"],"relics":["PureWater","Orichalcum","Blue Candle","Ectoplasm","Pen Nib","Oddly Smooth Stone","Bag of Marbles"],"acts_visited":["Exordium","TheCity"],"potions_floor_usage":[16,19,22,25],"damage_taken":[{"damage":0.0,"enemies":"Small Slimes","floor":1.0,"turns":2.0},{"damage":1.0,"enemies":"2 Louse","floor":7.0,"turns":3.0},{"damage":0.0,"enemies":"Cultist","floor":13.0,"turns":3.0},{"damage":0.0,"enemies":"Large Slime","floor":14.0,"turns":4.0},{"damage":30,"enemies":"Hexaghost","floor":16,"turns":6},{"damage":6,"enemies":"Shell Parasite","floor":18,"turns":3},{"damage":0,"enemies":"Spheric Guardian","floor":19,"turns":3},{"damage":18,"enemies":"3 Cultists","floor":22,"turns":4},{"damage":0,"enemies":"Gremlin Leader","floor":23,"turns":6},{"damage":9,"enemies":"Book of Stabbing","floor":25,"turns":3},{"damage":18,"enemies":"Colosseum Slavers","floor":27,"turns":4},{"damage":8,"enemies":"Colosseum Nobs","floor":27,"turns":3}],"seed_played":"1340926499998293610","potions_obtained":[{"floor":7.0,"key":"Energy Potion"},{"floor":14.0,"key":"GamblersBrew"},{"floor":16,"key":"Explosive Potion"},{"floor":23,"key":"FearPotion"}],"is_trial":false,"path_per_floor":["M","?","?","$","?","R","M","R","T","R","?","R","M","M","R","B",null,"M","M","?","$","M","E","R","E","T","?"],"character_chosen":"WATCHER","items_purchased":["Meditate","Wallop"],"campfire_rested":0,"item_purchase_floors":[4,21],"current_hp_per_floor":[65,51,39,39,39,39,38,38,38,38,38,38,38,38,38,8,56,50,50,50,50,32,32,32,23,23,0,0],"gold":23,"neow_bonus":"TRANSFORM_CARD","is_daily":false,"chose_seed":false,"campfire_upgraded":6,"win_rate":0.0,"timestamp":1610955390,"path_taken":["M","?","?","$","?","R","?","R","T","R","?","R","M","M","R","BOSS","M","M","?","$","M","E","R","E","T","?"],"items_purchased_type":["Card","Card"],"build_version":"2020-12-22","purchased_purges":1,"victory":false,"max_hp_per_floor":[72,72,72,72,72,72,72,72,72,72,72,72,72,72,72,72,72,72,72,72,72,72,72,72,72,72,72,72],"card_choices":[{"not_picked":["Crescendo","CrushJoints"],"picked":"FlyingSleeves","floor":1.0},{"not_picked":["CutThroughFate","Prostrate"],"picked":"EmptyBody","floor":7.0},{"not_picked":["ThirdEye","Sanctity","Evaluate"],"picked":"SKIP","floor":13.0},{"not_picked":["EmptyFist","Collect"],"picked":"Adaptation","floor":14.0},{"not_picked":["Alpha","Blasphemy"],"picked":"Vault","floor":16},{"not_picked":["Consecrate","Fasting2"],"picked":"WaveOfTheHand","floor":18},{"not_picked":["Evaluate","CutThroughFate"],"picked":"Conclude","floor":19},{"not_picked":["TalkToTheHand","JustLucky","Evaluate"],"picked":"SKIP","floor":22},{"not_picked":["DeusExMachina","CutThroughFate+1"],"picked":"Pray","floor":23},{"not_picked":["EmptyBody","CrushJoints","FlyingSleeves"],"picked":"SKIP","floor":25}],"player_experience":727362,"relics_obtained":[{"floor":9.0,"key":"Blue Candle"},{"floor":23,"key":"Pen Nib"},{"floor":25,"key":"Oddly Smooth Stone"},{"floor":26,"key":"Bag of Marbles"}],"event_choices":[{"damage_healed":0.0,"max_hp_gain":0.0,"max_hp_loss":0.0,"gold_gain":0.0,"event_name":"Shining Light","player_choice":"Entered Light","floor":2.0,"gold_loss":0.0,"damage_taken":14.0,"cards_upgraded":["FlyingSleeves","Defend_P"]},{"damage_healed":0.0,"max_hp_gain":0.0,"max_hp_loss":0.0,"gold_gain":0.0,"event_name":"Scrap Ooze","player_choice":"Success","floor":3.0,"gold_loss":0.0,"damage_taken":12.0,"relics_obtained":["Orichalcum"]},{"cards_removed":["Defend_P"],"damage_healed":0.0,"max_hp_gain":0.0,"max_hp_loss":0.0,"gold_gain":0.0,"event_name":"Purifier","player_choice":"Purged","floor":5.0,"gold_loss":0.0,"damage_taken":0.0},{"cards_removed":["Defend_P"],"damage_healed":0.0,"max_hp_gain":0.0,"max_hp_loss":0.0,"gold_gain":0.0,"event_name":"The Cleric","player_choice":"Card Removal","floor":11.0,"gold_loss":50.0,"damage_taken":0.0},{"damage_healed":0,"gold_gain":0,"player_choice":"Read","damage_taken":0,"max_hp_gain":0,"max_hp_loss":0,"event_name":"The Library","floor":20,"gold_loss":0,"cards_obtained":["EmptyFist"]},{"damage_healed":0,"gold_gain":0,"player_choice":"Fight","damage_taken":0,"max_hp_gain":0,"max_hp_loss":0,"event_name":"Colosseum","floor":27,"gold_loss":0},{"damage_healed":0,"gold_gain":0,"player_choice":"Fought Nobs","damage_taken":0,"max_hp_gain":0,"max_hp_loss":0,"event_name":"Colosseum","floor":27,"gold_loss":0}],"is_beta":false,"boss_relics":[{"not_picked":["Black Star","Empty Cage"],"picked":"Ectoplasm"}],"items_purged_floors":[21],"is_endless":false,"potions_floor_spawned":[7,14,16,23],"killed_by":"Colosseum Nobs","ascension_level":12}}