{"host":"g5ztulhog0otympt","time":1610983479,"event":{"mods":["AchievementEnabler","BaseMod","Downfall","Hermit","Minty Spire (QoL Compilation)","StSLib","The Cursed"],"gold_per_floor":[118,134,134,153,153,153,21,51,76,76,106,124,124,138,138,238,238,253,263,18,18,18,53,53,67,113,113,113,113,14,24,24,129,129,139,139,188,203,155,155,171,171,217,217,217,234,234,234],"floor_reached":47,"language":"ENG","playtime":1495,"items_purged":[],"score":476,"play_id":"c41df68c-3a8f-4cc2-a04d-2051909ed550","local_time":"20210118172439","is_ascension_mode":false,"campfire_choices":[{"floor":6,"key":"REST"},{"floor":10,"key":"REST"},{"data":"1","floor":13,"key":"LIFT"},{"data":"2","floor":15,"key":"LIFT"},{"floor":24,"key":"REST"},{"data":"3","floor":28,"key":"LIFT"},{"floor":32,"key":"REST"},{"floor":40,"key":"REST"},{"floor":42,"key":"REST"}],"circlet_count":0,"master_deck":["Strike_B","Strike_B","Strike_B","Strike_B+1","Defend_B","Defend_B","Defend_B","Defend_B","Zap","Dualcast","Rip and Tear+1","Static Discharge","FTL","Gash","Electrodynamics","Gash+1","Rip and Tear+1","Hello World+1","Sunder+1","Sweeping Beam+1"],"relics":["Cracked Core","Oddly Smooth Stone","Art of War","Orichalcum","Potion Belt","Girya","SlaversCollar","Pear","HornCleat","Ancient Tea Set","MutagenicStrength","SacredBark","Gambling Chip","Blood Vial","Symbiotic Virus"],"acts_visited":["Exordium","TheCity","TheBeyond"],"potions_floor_usage":[8,8,16,19,23,30,37,41],"damage_taken":[{"damage":1,"enemies":"Jaw Worm","floor":1,"turns":3},{"damage":8,"enemies":"Small Slimes","floor":2,"turns":3},{"damage":0,"enemies":"Cultist","floor":4,"turns":2},{"damage":25,"enemies":"Lagavulin","floor":8,"turns":4},{"damage":14,"enemies":"Gremlin Nob","floor":11,"turns":4},{"damage":0,"enemies":"Exordium Thugs","floor":12,"turns":3},{"damage":0,"enemies":"2 Fungi Beasts","floor":14,"turns":2},{"damage":24,"enemies":"Hexaghost","floor":16,"turns":7},{"damage":4,"enemies":"Chosen","floor":18,"turns":4},{"damage":0,"enemies":"Spheric Guardian","floor":19,"turns":2},{"damage":34,"enemies":"Slavers","floor":23,"turns":3},{"damage":8,"enemies":"Centurion and Healer","floor":25,"turns":5},{"damage":0,"enemies":"Snecko","floor":31,"turns":3},{"damage":62,"enemies":"Champ","floor":33,"turns":8},{"damage":25,"enemies":"3 Darklings","floor":35,"turns":4},{"damage":55,"enemies":"2 Orb Walkers","floor":37,"turns":5},{"damage":4,"enemies":"Orb Walker","floor":38,"turns":2},{"damage":29,"enemies":"Spire Growth","floor":41,"turns":4},{"damage":23,"enemies":"Transient","floor":46,"turns":5},{"damage":19,"enemies":"4 Shapes","floor":47,"turns":1}],"seed_played":"-8145163941138614711","potions_obtained":[{"floor":1,"key":"Energy Potion"},{"floor":4,"key":"Weak Potion"},{"floor":14,"key":"SkillPotion"},{"floor":18,"key":"BlessingOfTheForge"},{"floor":19,"key":"AttackPotion"},{"floor":35,"key":"Swift Potion"}],"is_trial":false,"path_per_floor":["M","M","?","M","?","R","?","E","T","R","E","M","R","M","R","B",null,"M","M","$","?","$","E","R","M","T","?","R","$","$","M","R","B",null,"M","?","?","M","$","R","M","R","T","T","?","M","M"],"character_chosen":"DEFECT","items_purchased":["Pear","Fruit Juice","ColorlessPotion"],"campfire_rested":6,"item_purchase_floors":[20,30,39],"current_hp_per_floor":[74,66,51,51,51,73,73,48,48,70,56,56,56,56,56,32,75,71,71,81,81,81,47,72,64,64,64,64,64,69,69,90,28,90,65,65,10,6,6,33,4,31,31,31,31,10,0,0],"gold":234,"neow_bonus":"RANDOM_COMMON_RELIC","is_daily":false,"chose_seed":false,"campfire_upgraded":0,"win_rate":0.0,"timestamp":1610983479,"path_taken":["M","M","?","M","?","R","?","E","T","R","E","M","R","M","R","BOSS","M","?","$","?","$","E","R","M","T","?","R","?","$","M","R","BOSS","M","?","?","?","$","R","M","R","T","?","?","M","M"],"items_purchased_type":["Relic","Potion","Potion"],"build_version":"2020-12-22","purchased_purges":0,"victory":false,"max_hp_per_floor":[75,75,75,75,75,75,75,75,75,75,75,75,75,75,75,75,75,75,75,85,85,85,85,85,85,85,85,85,85,90,90,90,90,90,90,90,90,90,90,90,90,90,90,90,90,90,90,90],"card_choices":[{"not_picked":["Reinforced Body","Barrage"],"picked":"Rip and Tear","floor":1},{"not_picked":["Hologram","Leap","Ball Lightning"],"picked":"SKIP","floor":2},{"not_picked":["Double Energy","Beam Cell"],"picked":"Static Discharge","floor":4},{"not_picked":["Turbo","Melter"],"picked":"Go for the Eyes","floor":8},{"not_picked":["Compile Driver","Go for the Eyes"],"picked":"FTL","floor":11},{"not_picked":["Stack","Cold Snap","Undo"],"picked":"SKIP","floor":12},{"not_picked":["Beam Cell","Barrage"],"picked":"Gash","floor":14},{"not_picked":["Multi-Cast","Thunder Strike"],"picked":"Electrodynamics","floor":16},{"not_picked":["Consume+1","Turbo+1"],"picked":"Gash+1","floor":18},{"not_picked":["Beam Cell","Stack","Auto Shields+1"],"picked":"SKIP","floor":19},{"not_picked":["Go for the Eyes","Steam","Barrage"],"picked":"SKIP","floor":23},{"not_picked":["Undo","Rebound"],"picked":"Rip and Tear+1","floor":25},{"not_picked":["Coolheaded","Cold Snap+1"],"picked":"Loop","floor":31},{"not_picked":["Redo+1","Rip and Tear"],"picked":"Hello World+1","floor":35},{"not_picked":["Conserve Battery+1","Leap"],"picked":"Sunder+1","floor":37},{"not_picked":["Coolheaded+1","Hologram+1","Consume+1"],"picked":"SKIP","floor":38},{"not_picked":["Loop+1","Stack+1","Coolheaded+1"],"picked":"SKIP","floor":41},{"not_picked":["Barrage+1","Cold Snap"],"picked":"Sweeping Beam+1","floor":46}],"player_experience":94104,"relics_obtained":[{"floor":8,"key":"Orichalcum"},{"floor":9,"key":"Potion Belt"},{"floor":11,"key":"Girya"},{"floor":23,"key":"HornCleat"},{"floor":26,"key":"Ancient Tea Set"},{"floor":37,"key":"Gambling Chip"},{"floor":43,"key":"Blood Vial"},{"floor":44,"key":"Symbiotic Virus"}],"event_choices":[{"damage_healed":0,"gold_gain":0,"player_choice":"Entered Light","damage_taken":15,"max_hp_gain":0,"max_hp_loss":0,"event_name":"Shining Light","floor":3,"gold_loss":0,"cards_upgraded":["Rip and Tear","Strike_B"]},{"damage_healed":0,"gold_gain":0,"player_choice":"Ignored","damage_taken":0,"max_hp_gain":0,"max_hp_loss":0,"event_name":"Golden Idol","floor":5,"gold_loss":0},{"damage_healed":0,"gold_gain":0,"player_choice":"Paid Gold","damage_taken":0,"relics_obtained":["Art of War"],"max_hp_gain":0,"max_hp_loss":0,"event_name":"WeMeetAgain","floor":7,"gold_loss":132},{"damage_healed":0,"gold_gain":0,"player_choice":"Ignored","damage_taken":0,"max_hp_gain":0,"max_hp_loss":0,"event_name":"Vampires","floor":21,"gold_loss":0},{"damage_healed":0,"gold_gain":0,"player_choice":"Inject Mutagens","damage_taken":0,"relics_obtained":["MutagenicStrength"],"max_hp_gain":0,"max_hp_loss":0,"event_name":"Drug Dealer","floor":27,"gold_loss":0},{"cards_removed":["Go for the Eyes"],"damage_healed":0,"gold_gain":0,"player_choice":"Removed Attack","damage_taken":0,"max_hp_gain":0,"max_hp_loss":0,"event_name":"Falling","floor":36,"gold_loss":0},{"damage_healed":0,"gold_gain":0,"player_choice":"Fight","damage_taken":0,"max_hp_gain":0,"max_hp_loss":0,"event_name":"Mysterious Sphere","floor":37,"gold_loss":0},{"cards_removed":["Loop"],"damage_healed":0,"gold_gain":0,"player_choice":"Purged","damage_taken":0,"max_hp_gain":0,"max_hp_loss":0,"event_name":"Purifier","floor":45,"gold_loss":0}],"is_beta":false,"boss_relics":[{"not_picked":["Sozu","Tiny House"],"picked":"SlaversCollar"},{"not_picked":["Runic Pyramid","Cursed Key"],"picked":"SacredBark"}],"items_purged_floors":[],"is_endless":false,"potions_floor_spawned":[1,4,14,18,19,35],"killed_by":"4 Shapes","ascension_level":0}}