{"host":"w3q5ijqu8eoknil3","time":1610983304,"event":{"mods":["AchievementEnabler","BaseMod","Block Reminder","Colored Powertips","Curses Come First","Minty Spire (QoL Compilation)","Quick Restart","Relic Stats","StSLib","ojb\u0027s Better Paths Mod","ojb\u0027s Info Mod","slay the spire mod where everything is the same but ironclad has a cowboy hat"],"gold_per_floor":[118,128,128,128,154,154,176,196,221,221,221],"floor_reached":10,"language":"ENG","playtime":228,"items_purged":[],"score":114,"play_id":"90c5939b-0b75-4fcd-9cf7-027e710d086e","local_time":"20210118152144","is_ascension_mode":true,"campfire_choices":[{"floor":6,"key":"REST"}],"circlet_count":0,"master_deck":["AscendersBane","Strike_G","Strike_G","Strike_G","Strike_G","Defend_G","Defend_G","Defend_G","Defend_G","Defend_G","Survivor","Neutralize","Finisher","Deadly Poison","Dagger Spray","Acrobatics","Blade Dance"],"relics":["Ring of the Snake","NeowsBlessing","CeramicFish","Regal Pillow"],"acts_visited":["Exordium"],"potions_floor_usage":[8,10],"damage_taken":[{"damage":0,"enemies":"Jaw Worm","floor":1,"turns":1},{"damage":0,"enemies":"2 Louse","floor":2,"turns":1},{"damage":0,"enemies":"Cultist","floor":5,"turns":1},{"damage":13,"enemies":"3 Louse","floor":7,"turns":3},{"damage":19,"enemies":"Exordium Thugs","floor":8,"turns":4},{"damage":10,"enemies":"3 Sentries","floor":10,"turns":2}],"seed_played":"-8329876986963736233","potions_obtained":[{"floor":5,"key":"Dexterity Potion"},{"floor":7,"key":"Explosive Potion"}],"is_trial":false,"path_per_floor":["M","M","?","?","M","R","M","M","T","E"],"character_chosen":"THE_SILENT","items_purchased":[],"campfire_rested":1,"item_purchase_floors":[],"current_hp_per_floor":[59,59,24,17,17,36,23,4,4,0,0],"gold":221,"neow_bonus":"THREE_ENEMY_KILL","is_daily":false,"chose_seed":false,"campfire_upgraded":0,"win_rate":0.0,"timestamp":1610983304,"path_taken":["M","M","?","?","M","R","M","M","T","E"],"items_purchased_type":[],"build_version":"2020-12-22","purchased_purges":0,"victory":false,"max_hp_per_floor":[66,66,66,66,66,66,66,66,66,66,66],"relic_stats":{"Regal Pillow":0,"counters":[6,12],"CeramicFish":27,"obtain_stats":[{"Regal Pillow":9,"NeowsBlessing":0,"CeramicFish":3,"Ring of the Snake":0},{"Regal Pillow":5,"NeowsBlessing":0,"CeramicFish":2,"Ring of the Snake":0},{"Regal Pillow":10,"NeowsBlessing":0,"CeramicFish":2,"Ring of the Snake":0}],"Ring of the Snake":[12]},"card_choices":[{"not_picked":["Dagger Throw","Catalyst"],"picked":"Finisher","floor":1},{"not_picked":["Outmaneuver","PiercingWail"],"picked":"Deadly Poison","floor":2},{"not_picked":["Reflex","Outmaneuver"],"picked":"Dagger Spray","floor":5},{"not_picked":["Deadly Poison","Heel Hook"],"picked":"Acrobatics","floor":7},{"not_picked":["Dagger Spray","Outmaneuver"],"picked":"Blade Dance","floor":8}],"player_experience":991501,"relics_obtained":[{"floor":9,"key":"Regal Pillow"}],"event_choices":[{"damage_healed":0,"gold_gain":0,"player_choice":"Success","damage_taken":35,"relics_obtained":["CeramicFish"],"max_hp_gain":0,"max_hp_loss":0,"event_name":"Scrap Ooze","floor":3,"gold_loss":0},{"cards_removed":["Strike_G"],"damage_healed":0,"gold_gain":0,"player_choice":"Card Removal","damage_taken":7,"max_hp_gain":0,"max_hp_loss":0,"event_name":"Golden Wing","floor":4,"gold_loss":0}],"is_beta":false,"boss_relics":[],"items_purged_floors":[],"is_endless":false,"potions_floor_spawned":[5,7],"killed_by":"3 Sentries","ascension_level":18}}