{"host":"15dd7v8o90xso62x","time":1610963085,"event":{"mods":["BaseMod","Minty Spire (QoL Compilation)","Quick Restart","StSLib","SuperFastMode"],"gold_per_floor":[110,110,124,124,199,199,229,229,229,249,119,138,138,157,157,232,232,247,247,257,94,94,94],"floor_reached":22,"language":"KOR","playtime":769,"items_purged":["Defend_G"],"score":418,"play_id":"7f9a852c-acec-4027-9ba5-59401d3f28b6","local_time":"20210118184445","is_ascension_mode":true,"campfire_choices":[{"data":"Well Laid Plans","floor":6,"key":"SMITH"},{"data":"Acrobatics","floor":13,"key":"SMITH"},{"data":"Crippling Poison","floor":15,"key":"SMITH"}],"circlet_count":0,"master_deck":["AscendersBane","Strike_G","Strike_G+1","Strike_G","Strike_G+1","Defend_G","Defend_G","Defend_G","Defend_G","Survivor","Neutralize","Well Laid Plans+1","PiercingWail","Crippling Poison+1","Predator","Acrobatics+1","Tactician","After Image","Footwork","Calculated Gamble","Acrobatics","Prepared+1","A Thousand Cuts","Backflip"],"relics":["Ring of the Snake","NeowsBlessing","Sundial","HornCleat","Darkstone Periapt","Philosopher\u0027s Stone","Orrery"],"acts_visited":["Exordium","TheCity"],"potions_floor_usage":[14,16],"damage_taken":[{"damage":0,"enemies":"Small Slimes","floor":1,"turns":1},{"damage":0,"enemies":"2 Louse","floor":3,"turns":1},{"damage":0,"enemies":"Gremlin Nob","floor":7,"turns":1},{"damage":2,"enemies":"Cultist","floor":10,"turns":5},{"damage":0,"enemies":"2 Fungi Beasts","floor":12,"turns":4},{"damage":14,"enemies":"Exordium Wildlife","floor":14,"turns":5},{"damage":4,"enemies":"Hexaghost","floor":16,"turns":11},{"damage":22,"enemies":"3 Byrds","floor":18,"turns":5},{"damage":15,"enemies":"Shell Parasite","floor":20,"turns":6},{"damage":19,"enemies":"Sentry and Sphere","floor":22,"turns":3}],"seed_played":"-2003866126415565170","potions_obtained":[{"floor":1,"key":"Energy Potion"},{"floor":7,"key":"LiquidBronze"},{"floor":16,"key":"Dexterity Potion"},{"floor":20,"key":"Block Potion"}],"is_trial":false,"path_per_floor":["M","?","M","?","?","R","E","T","T","M","$","M","R","M","R","B",null,"M","?","M","$","M"],"character_chosen":"THE_SILENT","items_purchased":["Acrobatics","Orrery"],"campfire_rested":0,"item_purchase_floors":[11,21],"current_hp_per_floor":[59,39,39,32,21,21,21,21,21,19,19,19,19,5,5,1,50,28,28,13,13,0,0],"gold":94,"neow_bonus":"THREE_ENEMY_KILL","is_daily":false,"chose_seed":false,"campfire_upgraded":3,"win_rate":0.0,"timestamp":1610963085,"path_taken":["M","?","M","?","?","R","E","?","T","M","$","?","R","M","R","BOSS","M","?","M","$","M"],"items_purchased_type":["Card","Relic"],"build_version":"2020-12-22","purchased_purges":1,"victory":false,"max_hp_per_floor":[66,66,66,66,66,66,66,66,66,66,66,66,66,66,66,66,66,66,66,66,66,66,66],"card_choices":[{"not_picked":["Predator","Deflect"],"picked":"Well Laid Plans","floor":1},{"not_picked":["Masterful Stab","Underhanded Strike"],"picked":"PiercingWail","floor":3},{"not_picked":["Distraction","Accuracy"],"picked":"Crippling Poison","floor":7},{"not_picked":["Backstab","Slice"],"picked":"Predator","floor":10},{"not_picked":["Prepared","Dagger Spray"],"picked":"Tactician","floor":12},{"not_picked":["Deflect","Blade Dance","Catalyst"],"picked":"SKIP","floor":14},{"not_picked":["Doppelganger","Night Terror"],"picked":"After Image","floor":16},{"not_picked":["Flying Knee+1","Slice"],"picked":"Footwork","floor":18},{"not_picked":["Quick Slash","PiercingWail"],"picked":"Calculated Gamble","floor":20},{"not_picked":["PiercingWail","Endless Agony+1"],"picked":"Acrobatics","floor":21},{"not_picked":["Dagger Throw+1","Acrobatics"],"picked":"Prepared+1","floor":21},{"not_picked":["Slice","Infinite Blades"],"picked":"A Thousand Cuts","floor":21},{"not_picked":["Predator","Finisher"],"picked":"Backflip","floor":21}],"player_experience":1043867,"relics_obtained":[{"floor":7,"key":"Sundial"},{"floor":8,"key":"HornCleat"},{"floor":9,"key":"Darkstone Periapt"}],"event_choices":[{"damage_healed":0,"gold_gain":0,"player_choice":"Entered Light","damage_taken":20,"max_hp_gain":0,"max_hp_loss":0,"event_name":"Shining Light","floor":2,"gold_loss":0,"cards_upgraded":["Strike_G","Strike_G"]},{"cards_removed":["Strike_G"],"damage_healed":0,"gold_gain":0,"player_choice":"Card Removal","damage_taken":7,"max_hp_gain":0,"max_hp_loss":0,"event_name":"Golden Wing","floor":4,"gold_loss":0},{"damage_healed":0,"gold_gain":75,"player_choice":"Gather Gold","damage_taken":11,"max_hp_gain":0,"max_hp_loss":0,"event_name":"World of Goop","floor":5,"gold_loss":0},{"damage_healed":0,"gold_gain":0,"player_choice":"Ignored","damage_taken":0,"max_hp_gain":0,"max_hp_loss":0,"event_name":"Cursed Tome","floor":19,"gold_loss":0}],"is_beta":false,"boss_relics":[{"not_picked":["Snecko Eye","Velvet Choker"],"picked":"Philosopher\u0027s Stone"}],"items_purged_floors":[11],"is_endless":false,"potions_floor_spawned":[1,7,16,20],"killed_by":"Sentry and Sphere","ascension_level":20}}