{"host":"jscggscbx0p7706o","time":1610979271,"event":{"mods":["AchievementEnabler","BaseMod","Block Reminder","Colored Powertips","Filter the Spire","Minty Spire (QoL Compilation)","Permanent Neow","Quick Restart","StSLib"],"gold_per_floor":[109,109,109,11,27,52,52,77,97,128,153,328,347,347,377,10,25,25,25,25,130,130,141,141,161,86,99,109,109,135,135,154,180,180,196,213,242,242,289,289,289,392,392,412,436,436,452,138,156,156,156,182,82,82,82,95,110,121,121,121,121,121,121,0,27,27],"floor_reached":67,"language":"ENG","playtime":4641,"items_purged":["Doubt","Strike_P","Strike_P"],"score":1321,"play_id":"33faec23-698a-4803-8038-0d799f11f55a","local_time":"20210118221431","is_ascension_mode":false,"campfire_choices":[{"data":"Eruption","floor":7.0,"key":"SMITH"},{"data":"WindmillStrike","floor":14.0,"key":"SMITH"},{"data":"Establishment","floor":18.0,"key":"SMITH"},{"data":"Wireheading","floor":20.0,"key":"SMITH"},{"data":"Alpha","floor":29.0,"key":"SMITH"},{"data":"Weave","floor":31.0,"key":"SMITH"},{"floor":40.0,"key":"REST"},{"data":"WindmillStrike","floor":41.0,"key":"SMITH"},{"floor":51.0,"key":"RECALL"},{"data":"Nirvana","floor":55.0,"key":"SMITH"},{"data":"Meditate","floor":60.0,"key":"SMITH"},{"data":"Protect","floor":63.0,"key":"SMITH"}],"circlet_count":0,"master_deck":["Defend_P+1","Defend_P","Defend_P","Defend_P+1","Eruption+1","Vigilance","CutThroughFate","Wireheading+1","Halt","Weave+1","Sanctity+1","Establishment+1","CutThroughFate","WindmillStrike+1","Crescendo","Alpha+1","JustLucky","JustLucky","Nirvana+1","Protect+1","Weave+1","CutThroughFate+1","JustLucky+1","WindmillStrike+1","LessonLearned+1","Meditate+1","Parasite","ClearTheMind","CrushJoints+1"],"relics":["Calling Bell","MealTicket","Blue Candle","GoldenEye","Shuriken","Vajra","Dream Catcher","Bag of Preparation","Tiny Chest","PreservedInsect","FossilizedHelix","Empty Cage","War Paint","Damaru","Matryoshka","The Courier","Toy Ornithopter","Anchor","Sozu","Bronze Scales","Pantograph","Du-Vu Doll","Nunchaku","Happy Flower","HornCleat"],"acts_visited":["Exordium","TheCity","TheBeyond","TheEnding"],"potions_floor_usage":[66,66],"damage_taken":[{"damage":0.0,"enemies":"Small Slimes","floor":1.0,"turns":3.0},{"damage":1.0,"enemies":"Jaw Worm","floor":5.0,"turns":5.0},{"damage":14.0,"enemies":"3 Sentries","floor":8.0,"turns":7.0},{"damage":0.0,"enemies":"2 Louse","floor":9.0,"turns":2.0},{"damage":9.0,"enemies":"Gremlin Nob","floor":10.0,"turns":4.0},{"damage":6.0,"enemies":"Blue Slaver","floor":13.0,"turns":4.0},{"damage":13.0,"enemies":"3 Sentries","floor":15.0,"turns":8.0},{"damage":1.0,"enemies":"3 Louse","floor":17.0,"turns":4.0},{"damage":17.0,"enemies":"Hexaghost","floor":21.0,"turns":7.0},{"damage":10.0,"enemies":"Shell Parasite","floor":23.0,"turns":5.0},{"damage":12.0,"enemies":"2 Thieves","floor":25.0,"turns":3.0},{"damage":0.0,"enemies":"Snake Plant","floor":27.0,"turns":3.0},{"damage":4.0,"enemies":"Snecko","floor":28.0,"turns":4.0},{"damage":22.0,"enemies":"Slavers","floor":30.0,"turns":4.0},{"damage":0.0,"enemies":"Chosen and Byrds","floor":32.0,"turns":4.0},{"damage":0.0,"enemies":"Cultist and Chosen","floor":35.0,"turns":4.0},{"damage":18.0,"enemies":"Centurion and Healer","floor":36.0,"turns":5.0},{"damage":9.0,"enemies":"Gremlin Leader","floor":37.0,"turns":5.0},{"damage":12.0,"enemies":"Automaton","floor":42.0,"turns":5.0},{"damage":10.0,"enemies":"3 Darklings","floor":44.0,"turns":4.0},{"damage":0.0,"enemies":"3 Shapes","floor":47.0,"turns":4.0},{"damage":0.0,"enemies":"Spire Growth","floor":49.0,"turns":3.0},{"damage":0.0,"enemies":"Nemesis","floor":52.0,"turns":5.0},{"damage":20.0,"enemies":"4 Shapes","floor":56.0,"turns":4.0},{"damage":0.0,"enemies":"Writhing Mass","floor":57.0,"turns":3.0},{"damage":0.0,"enemies":"Transient","floor":58.0,"turns":5.0},{"damage":21.0,"enemies":"Donu and Deca","floor":61.0,"turns":5.0},{"damage":20.0,"enemies":"Shield and Spear","floor":65.0,"turns":3.0},{"damage":28,"enemies":"The Heart","floor":66,"turns":7}],"seed_played":"3473448716132698346","potions_obtained":[{"floor":5.0,"key":"Dexterity Potion"},{"floor":8.0,"key":"Fruit Juice"},{"floor":15.0,"key":"EntropicBrew"},{"floor":23.0,"key":"Strength Potion"},{"floor":30.0,"key":"Regen Potion"},{"floor":32.0,"key":"Dexterity Potion"}],"is_trial":false,"path_per_floor":["M","?","?","$","M","T","R","E","M","E","T","?","M","R","E","$","M","R","B","R","B",null,"M","?","M","$","M","M","R","E","R","M","T","T","M","M","E","?","T","R","R","B",null,"M","T","?","M","$","M","E","R","E","$","T","R","M","M","M","?","R","B",null,"R","$","E","B",null],"character_chosen":"WATCHER","items_purchased":["Wireheading","Halt","FossilizedHelix","Nirvana","Pantograph","Meditate","Happy Flower"],"campfire_rested":1,"item_purchase_floors":[4,4,16,26,48,48,64],"current_hp_per_floor":[72,77,70,77,76,76,76,67,67,58,58,58,52,52,39,54,53,53,53,53,36,82,72,72,60,75,75,71,71,49,49,49,49,49,49,31,22,22,22,46,46,34,82,72,72,72,72,82,82,82,82,82,82,82,82,62,62,62,62,62,61,82,82,82,62,54],"gold":27,"neow_bonus":"BOSS_RELIC","is_daily":false,"chose_seed":false,"campfire_upgraded":10,"win_rate":0.0,"timestamp":1610979271,"path_taken":["M","?","?","$","M","?","R","E","M","E","T","?","?","R","E","$","M","R","BOSS","R","BOSS","M","?","M","$","M","M","R","E","R","M","T","?","M","?","E","?","?","R","R","BOSS","M","?","?","M","$","M","E","R","E","?","T","R","M","M","M","?","R","BOSS","R","$","E","BOSS"],"items_purchased_type":["Card","Card","Relic","Card","Relic","Card","Relic"],"build_version":"2020-12-22","purchased_purges":3,"victory":true,"max_hp_per_floor":[72,77,77,77,77,77,77,82,82,82,82,82,82,82,82,82,82,82,82,82,82,82,82,82,82,82,82,82,82,82,82,82,82,82,82,82,82,82,82,82,82,82,82,82,82,82,82,82,82,82,82,82,82,82,82,82,82,82,82,82,82,82,82,82,82,82],"card_choices":[{"not_picked":["Indignation","Tantrum"],"picked":"CutThroughFate","floor":1.0},{"not_picked":["PathToVictory","EmptyFist"],"picked":"Weave","floor":5.0},{"not_picked":["PathToVictory","FollowUp"],"picked":"Sanctity","floor":8.0},{"not_picked":["EmptyFist","Protect"],"picked":"Establishment","floor":9.0},{"not_picked":["BowlingBash","Vengeance"],"picked":"CutThroughFate","floor":10.0},{"not_picked":["DeceiveReality","Pray"],"picked":"WindmillStrike","floor":13.0},{"not_picked":["EmptyBody","EmptyFist"],"picked":"Crescendo","floor":15.0},{"not_picked":["Study","Evaluate","Collect"],"picked":"SKIP","floor":17.0},{"not_picked":["DevaForm","MasterReality"],"picked":"Alpha","floor":21.0},{"not_picked":["Collect","FlurryOfBlows"],"picked":"JustLucky","floor":23.0},{"not_picked":["Wallop","Evaluate"],"picked":"JustLucky","floor":25.0},{"not_picked":["PathToVictory+1","SandsOfTime"],"picked":"Protect","floor":27.0},{"not_picked":["Sanctity","BowlingBash"],"picked":"Weave+1","floor":28.0},{"not_picked":["EmptyFist","CarveReality","Ragnarok"],"picked":"SKIP","floor":30.0},{"not_picked":["FearNoEvil","JustLucky"],"picked":"ThirdEye","floor":32.0},{"not_picked":["ForeignInfluence","SignatureMove+1"],"picked":"CutThroughFate+1","floor":35.0},{"not_picked":["Crescendo","EmptyFist","CarveReality"],"picked":"SKIP","floor":36.0},{"not_picked":["Nirvana+1","EmptyBody"],"picked":"JustLucky+1","floor":37.0},{"not_picked":["Swivel","WheelKick"],"picked":"WindmillStrike","floor":40.0},{"not_picked":["ConjureBlade","Establishment"],"picked":"LessonLearned","floor":42.0},{"not_picked":["Crescendo+1","EmptyMind+1","Fasting2"],"picked":"SKIP","floor":44.0},{"not_picked":["Pray","Prostrate","JustLucky"],"picked":"SKIP","floor":47.0},{"not_picked":["CrushJoints","CarveReality","FollowUp"],"picked":"SKIP","floor":49.0},{"not_picked":["Alpha","Prostrate","Collect+1"],"picked":"SKIP","floor":52.0},{"not_picked":["JustLucky","Meditate+1","ReachHeaven"],"picked":"SKIP","floor":56.0},{"not_picked":["SashWhip+1","BowlingBash+1","EmptyMind"],"picked":"SKIP","floor":57.0},{"not_picked":["SignatureMove+1","Fasting2"],"picked":"ClearTheMind","floor":58.0},{"not_picked":["Wallop","FearNoEvil+1"],"picked":"CrushJoints+1","floor":65.0}],"player_experience":293917,"relics_obtained":[{"floor":0.0,"key":"MealTicket"},{"floor":0.0,"key":"Blue Candle"},{"floor":0.0,"key":"GoldenEye"},{"floor":6.0,"key":"Vajra"},{"floor":8.0,"key":"Dream Catcher"},{"floor":10.0,"key":"Bag of Preparation"},{"floor":11.0,"key":"Tiny Chest"},{"floor":15.0,"key":"PreservedInsect"},{"floor":30.0,"key":"War Paint"},{"floor":33.0,"key":"Damaru"},{"floor":34.0,"key":"Matryoshka"},{"floor":37.0,"key":"The Courier"},{"floor":39.0,"key":"Toy Ornithopter"},{"floor":39.0,"key":"Anchor"},{"floor":45.0,"key":"Bronze Scales"},{"floor":52.0,"key":"Du-Vu Doll"},{"floor":54.0,"key":"Nunchaku"},{"floor":65.0,"key":"HornCleat"}],"event_choices":[{"damage_healed":0.0,"max_hp_gain":5.0,"max_hp_loss":0.0,"gold_gain":0.0,"event_name":"Big Fish","player_choice":"Donut","floor":2.0,"gold_loss":0.0,"damage_taken":0.0},{"damage_healed":0.0,"max_hp_gain":0.0,"max_hp_loss":0.0,"gold_gain":0.0,"event_name":"Scrap Ooze","player_choice":"Success","floor":3.0,"gold_loss":0.0,"damage_taken":7.0,"relics_obtained":["Shuriken"]},{"damage_healed":0.0,"max_hp_gain":0.0,"max_hp_loss":0.0,"gold_gain":175.0,"event_name":"Liars Game","player_choice":"AGREE","floor":12.0,"gold_loss":0.0,"damage_taken":0.0,"cards_obtained":["Doubt"]},{"damage_healed":0.0,"max_hp_gain":0.0,"max_hp_loss":0.0,"gold_gain":0.0,"event_name":"Masked Bandits","player_choice":"Fought Bandits","floor":24.0,"gold_loss":0.0,"damage_taken":0.0},{"damage_healed":0.0,"max_hp_gain":0.0,"max_hp_loss":0.0,"gold_gain":0.0,"event_name":"Cursed Tome","player_choice":"Ignored","floor":38.0,"gold_loss":0.0,"damage_taken":0.0},{"cards_removed":["ThirdEye"],"damage_healed":0.0,"max_hp_gain":0.0,"max_hp_loss":0.0,"gold_gain":0.0,"event_name":"Falling","player_choice":"Removed Skill","floor":46.0,"gold_loss":0.0,"damage_taken":0.0},{"damage_healed":0.0,"max_hp_gain":0.0,"max_hp_loss":0.0,"gold_gain":0.0,"event_name":"Match and Keep!","player_choice":"0 cards matched","floor":59.0,"gold_loss":0.0,"damage_taken":0.0,"cards_obtained":[]}],"is_beta":false,"boss_relics":[{"not_picked":["SacredBark","VioletLotus"],"picked":"Empty Cage"},{"not_picked":["Astrolabe","Runic Pyramid"],"picked":"Sozu"}],"items_purged_floors":[16,48,53],"is_endless":false,"potions_floor_spawned":[5,8,15,23,30,32,36,37,49,52,57],"ascension_level":0}}