{"host":"kiauivt48syq9iz6","time":1610998099,"event":{"mods":["A Magickal Journey","BaseMod","Conspire","Downfall","Hermit","Minty Spire (QoL Compilation)","SIMod","Somnambulant","StSLib","The Animator","The Construct","The Cursed","The Disciple","The Forsaken","The Judge","The Marked","The Runesmith","The Servant 0.9.4","The Spell Scribe"],"gold_per_floor":[117,192,172,185,195,195,215,51,51,51,16,16,16,16,16,146,146,119,119,34,57,78,78,97,97,97,120,140,140,158,34,34,162,162,182,197,211,234,248,248,268,268,316,316,316,316],"floor_reached":45,"language":"ENG","playtime":1464,"items_purged":[],"score":484,"play_id":"981e141e-fdd2-42f2-9259-59e34dc736ef","local_time":"20210118122819","is_ascension_mode":false,"campfire_choices":[{"data":"Heavy Blade","floor":6,"key":"SMITH"},{"data":"Demon Form","floor":13,"key":"SMITH"},{"data":"Berserk","floor":15,"key":"SMITH"},{"floor":23,"key":"REST"},{"floor":25,"key":"REST"},{"floor":29,"key":"REST"},{"floor":32,"key":"REST"},{"floor":40,"key":"REST"},{"floor":42,"key":"RECALL"}],"circlet_count":0,"master_deck":["Strike_R","Strike_R","Strike_R","Strike_R","Defend_R","Defend_R","Defend_R","Bash","Berserk+1","Hemokinesis","Inflame","Heavy Blade+1","Shrug It Off","Sword Boomerang","Madness","Demon Form+1","Metallicize","Injury","conspire:Purge","Sever Soul","downfall:Icky","Fire Breathing","Battle Trance+1","Spot Weakness","Armaments","Sword Boomerang+1","Rupture","True Grit","Juggernaut","Bloodletting","Dual Wield+1","Feed","Dual Wield+1","Armaments+1"],"relics":["Burning Blood","Self Forming Clay","Darkstone Periapt","Golden Idol","Philosopher\u0027s Stone","CaptainsWheel","Pear","Mark of Pain","Bag of Marbles"],"acts_visited":["Exordium","TheCity","TheBeyond"],"potions_floor_usage":[16,16,33,33,38,38,41],"damage_taken":[{"damage":6,"enemies":"Jaw Worm","floor":1,"turns":3},{"damage":4,"enemies":"Small Slimes","floor":4,"turns":3},{"damage":2,"enemies":"Cultist","floor":5,"turns":2},{"damage":2,"enemies":"Large Slime","floor":7,"turns":4},{"damage":11,"enemies":"The Guardian","floor":16,"turns":7},{"damage":52,"enemies":"2 Thieves","floor":18,"turns":5},{"damage":21,"enemies":"conspire:FuzzyDice","floor":21,"turns":6},{"damage":29,"enemies":"Snake Plant","floor":22,"turns":4},{"damage":24,"enemies":"Cultist and Chosen","floor":24,"turns":5},{"damage":21,"enemies":"Centurion and Healer","floor":27,"turns":6},{"damage":33,"enemies":"Shelled Parasite and Fungi","floor":28,"turns":5},{"damage":16,"enemies":"conspire:HollyBat","floor":30,"turns":6},{"damage":95,"enemies":"Automaton","floor":33,"turns":9},{"damage":60,"enemies":"3 Shapes","floor":35,"turns":5},{"damage":23,"enemies":"3 Darklings","floor":36,"turns":5},{"damage":22,"enemies":"Sphere and 2 Shapes","floor":37,"turns":6},{"damage":37,"enemies":"Maw","floor":38,"turns":7},{"damage":11,"enemies":"Transient","floor":39,"turns":5},{"damage":38,"enemies":"3 Darklings","floor":41,"turns":5},{"damage":28,"enemies":"Spire Growth","floor":45,"turns":2}],"seed_played":"-8915938651922760296","potions_obtained":[{"floor":3,"key":"SteroidPotion"},{"floor":4,"key":"FearPotion"},{"floor":7,"key":"Block Potion"},{"floor":21,"key":"EssenceOfSteel"},{"floor":28,"key":"CultistPotion"},{"floor":35,"key":"LiquidBronze"},{"floor":39,"key":"LiquidBronze"}],"is_trial":false,"path_per_floor":["M","?","?","M","M","R","M","$","T","?","$","?","R","?","R","B",null,"M","?","?","M","M","R","M","R","T","M","M","R","M","$","R","B",null,"M","M","M","M","M","R","M","R","T","?","M"],"character_chosen":"IRONCLAD","items_purchased":["Flex","Sword Boomerang","Madness","Metallicize","Rupture","True Grit"],"campfire_rested":5,"item_purchase_floors":[8,8,8,11,31,31],"current_hp_per_floor":[80,69,69,71,75,75,79,79,79,103,103,96,96,102,102,97,110,64,76,76,61,38,74,56,92,102,87,60,99,89,89,128,39,132,78,61,45,18,13,53,21,21,21,21,0,0],"gold":316,"neow_bonus":"ONE_RANDOM_RARE_CARD","is_daily":false,"chose_seed":false,"campfire_upgraded":3,"win_rate":0.0,"timestamp":1610998099,"path_taken":["M","?","?","?","M","R","M","$","T","?","?","?","R","?","R","BOSS","M","?","?","M","M","R","M","R","T","M","M","R","M","$","R","BOSS","M","M","M","M","M","R","M","R","T","?","M"],"items_purchased_type":["Card","Card","Card","Card","Card","Card"],"build_version":"2020-12-22","purchased_purges":0,"victory":false,"max_hp_per_floor":[80,80,80,80,80,80,80,80,80,104,104,104,104,110,110,110,110,110,122,122,122,122,122,122,122,132,132,132,132,132,132,132,132,132,132,132,132,136,136,136,136,136,136,136,136,136],"card_choices":[{"not_picked":["Cleave","Battle Trance"],"picked":"Hemokinesis","floor":1},{"not_picked":["Body Slam","Headbutt"],"picked":"Inflame","floor":4},{"not_picked":["Clash","Entrench"],"picked":"Heavy Blade","floor":5},{"not_picked":["Clothesline","Intimidate"],"picked":"Shrug It Off","floor":7},{"not_picked":["conspire:HitWhereItHurts","Impervious"],"picked":"conspire:Purge","floor":16},{"not_picked":["Clash","conspire:ExplosiveBarrier"],"picked":"Sever Soul","floor":18},{"not_picked":["Armaments","Wild Strike"],"picked":"Fire Breathing","floor":21},{"not_picked":["Clothesline","Twin Strike+1"],"picked":"Battle Trance+1","floor":22},{"not_picked":["Intimidate+1","True Grit"],"picked":"Spot Weakness","floor":24},{"not_picked":["Anger","Heavy Blade","Cleave"],"picked":"SKIP","floor":27},{"not_picked":["Carnage","Twin Strike"],"picked":"Armaments","floor":28},{"not_picked":["Anger","Body Slam"],"picked":"Sword Boomerang+1","floor":30},{"not_picked":["Brutality","Corruption"],"picked":"Juggernaut","floor":33},{"not_picked":["Sword Boomerang","Warcry"],"picked":"Bloodletting","floor":35},{"not_picked":["Sword Boomerang","Clash"],"picked":"Dual Wield+1","floor":36},{"not_picked":["Warcry+1","Iron Wave"],"picked":"Feed","floor":37},{"not_picked":["Cleave+1","Entrench"],"picked":"Dual Wield+1","floor":38},{"not_picked":["Battle Trance+1","Clash"],"picked":"Armaments+1","floor":39},{"not_picked":["Pommel Strike","True Grit","Juggernaut"],"picked":"SKIP","floor":41}],"player_experience":168101,"relics_obtained":[{"floor":9,"key":"Self Forming Clay"},{"floor":26,"key":"Pear"},{"floor":43,"key":"Bag of Marbles"}],"event_choices":[{"damage_healed":0,"gold_gain":75,"player_choice":"Gather Gold","damage_taken":11,"max_hp_gain":0,"max_hp_loss":0,"event_name":"World of Goop","floor":2,"gold_loss":0},{"damage_healed":0,"gold_gain":0,"player_choice":"Bought 1 Potion","damage_taken":0,"max_hp_gain":0,"max_hp_loss":0,"event_name":"The Woman in Blue","floor":3,"gold_loss":0},{"cards_removed":["downfall:Malfunctioning"],"damage_healed":0,"gold_gain":0,"player_choice":"Card Removal","damage_taken":7,"max_hp_gain":0,"max_hp_loss":0,"event_name":"Golden Wing","floor":12,"gold_loss":0},{"damage_healed":0,"gold_gain":0,"player_choice":"Take Wound","damage_taken":0,"relics_obtained":["Golden Idol"],"max_hp_gain":0,"max_hp_loss":0,"event_name":"Golden Idol","floor":14,"gold_loss":0,"cards_obtained":["Injury"]},{"damage_healed":0,"gold_gain":0,"cards_transformed":["Pain","conspire:Blindness"],"player_choice":"Became Test Subject","damage_taken":0,"max_hp_gain":0,"max_hp_loss":0,"event_name":"Drug Dealer","floor":19,"gold_loss":0,"cards_obtained":["downfall:Icky","Shame"]},{"damage_healed":0,"gold_gain":0,"player_choice":"Obtained Relic","damage_taken":0,"relics_obtained":["CaptainsWheel"],"max_hp_gain":0,"max_hp_loss":0,"event_name":"Addict","floor":20,"gold_loss":85},{"damage_healed":0,"gold_gain":0,"player_choice":"Leave","damage_taken":0,"max_hp_gain":0,"max_hp_loss":0,"event_name":"conspire:Investor","floor":44,"gold_loss":0}],"is_beta":false,"boss_relics":[{"not_picked":["Runesmith:UraniumAnvil","Fusion Hammer"],"picked":"Philosopher\u0027s Stone"},{"not_picked":["Runic Dome","construct:ClawGrip"],"picked":"Mark of Pain"}],"items_purged_floors":[],"is_endless":false,"potions_floor_spawned":[4,7,21,28,35,39],"killed_by":"Spire Growth","ascension_level":0}}