{"host":"i4yzoangb31cseo0","time":1610971324,"event":{"mods":["AchievementEnabler","BaseMod","Colored Powertips","Curses Come First","Downfall","Hermit","Minty Spire (QoL Compilation)","StSLib","The Cursed"],"gold_per_floor":[99,115,132,142,127,146,146,162,262,262,103,103,103,120,138,235,235,235,249,249,13,0,100,125,138,155,155,189,189,204,214,234,234,234,234],"floor_reached":33,"language":"ENG","playtime":3602,"items_purged":["Shame","Doubt"],"score":286,"play_id":"7b388fdc-56f5-45ad-b287-282d20b61fe4","local_time":"20210118223204","is_ascension_mode":false,"campfire_choices":[{"floor":1.0,"key":"RECALL"},{"floor":10,"key":"REST"},{"data":"Slimebound:Split","floor":12,"key":"SMITH"},{"data":"Slimebound:PrepareCrush","floor":18,"key":"SMITH"},{"floor":29,"key":"REST"}],"circlet_count":0,"master_deck":["Slimebound:Strike_Slimebound","Slimebound:Strike_Slimebound","Slimebound:Strike_Slimebound","Slimebound:Tackle","Slimebound:Defend_Slimebound","Slimebound:Defend_Slimebound","Slimebound:Split+1","Slimebound:CorrosiveSpit","Slimebound:Schlurp","Slimebound:Schlurp","Slimebound:GoopSpray","Slimebound:Equalize","Slimebound:SplitLeeching","Slimebound:LeechingTouch","Slimebound:Prepare","TheCursedMod:Dregs","Slimebound:TongueLash","Slimebound:Grow","Slimebound:LeechEnergy","Slimebound:Dissolve","Slimebound:PrepareCrush+1","CurseOfTheBell","Slimebound:MegaLick","Slimebound:SlimeTap+1","Slimebound:AcidTongue","Slimebound:Repurpose","Slimebound:LeechEnergy","J.A.X.","Slimebound:ItLooksTasty","Slimebound:FlameTackle","Slimebound:LivingWall+1","Slimebound:HauntingLick","Slimebound:RejuvenatingLick","Slimebound:LeechEnergy","Slimebound:AcidTongue+1","Slimebound:GrowthPunch","Slimebound:SamplingLick+1"],"relics":["Slimebound:AbsorbEndCombat","Du-Vu Doll","Gremlin Horn","Calling Bell","Blood Vial","White Beast Statue","Calipers","MutagenicStrength","Boot","Eternal Feather"],"acts_visited":["Exordium","TheCity"],"potions_floor_usage":[11,16,16,22,23,26,26,26,30,32,33,33],"damage_taken":[{"damage":4,"enemies":"Jaw Worm","floor":2,"turns":3},{"damage":1,"enemies":"Small Slimes","floor":3,"turns":3},{"damage":0,"enemies":"2 Louse","floor":4,"turns":3},{"damage":0,"enemies":"downfall:FleeingMerchant","floor":5,"turns":4},{"damage":21,"enemies":"Exordium Thugs","floor":6,"turns":5},{"damage":10,"enemies":"Lots of Slimes","floor":8,"turns":4},{"damage":0,"enemies":"downfall:FleeingMerchant","floor":11,"turns":4},{"damage":10,"enemies":"Red Slaver","floor":14,"turns":2},{"damage":0,"enemies":"2 Fungi Beasts","floor":15,"turns":3},{"damage":9,"enemies":"IC_STATUS_ARCHETYPE","floor":16,"turns":7},{"damage":2,"enemies":"3 Byrds","floor":19,"turns":5},{"damage":18,"enemies":"downfall:FleeingMerchant","floor":21,"turns":4},{"damage":3,"enemies":"downfall:FleeingMerchant","floor":22,"turns":4},{"damage":16,"enemies":"downfall:Augmenter","floor":23,"turns":7},{"damage":12,"enemies":"Chosen","floor":25,"turns":5},{"damage":4,"enemies":"Sentry and Sphere","floor":26,"turns":4},{"damage":24,"enemies":"Slavers","floor":28,"turns":5},{"damage":40,"enemies":"Shelled Parasite and Fungi","floor":30,"turns":6},{"damage":0,"enemies":"3 Cultists","floor":31,"turns":3},{"damage":20,"enemies":"Centurion and Healer","floor":32,"turns":4},{"damage":28,"enemies":"SI_MIRROR_ARCHETYPE","floor":33,"turns":4}],"seed_played":"-4600656534620373536","potions_obtained":[{"floor":3,"key":"FearPotion"},{"floor":8,"key":"LiquidMemories"},{"floor":15,"key":"Slimebound:SlimyTonguePotion"},{"floor":16,"key":"Strength Potion"},{"floor":19,"key":"Weak Potion"},{"floor":21,"key":"Weak Potion"},{"floor":22,"key":"GamblersBrew"},{"floor":23,"key":"Weak Potion"},{"floor":25,"key":"BlessingOfTheForge"},{"floor":26,"key":"SmokeBomb"},{"floor":28,"key":"hexamod:SoulburnPotion"},{"floor":30,"key":"champ:CounterPotion"},{"floor":31,"key":"BlessingOfTheForge"},{"floor":32,"key":"EssenceOfSteel"}],"is_trial":false,"path_per_floor":["R","M","M","M","$","M","T","M","?","R","$","R","?","M","M","B",null,"R","M","?","$","$","?","T","M","M","?","E","R","M","M","M","B"],"character_chosen":"SLIMEBOUND","items_purchased":["Slimebound:Grow","Slimebound:AcidTongue","Slimebound:Repurpose"],"campfire_rested":2,"item_purchase_floors":[11,21,21],"current_hp_per_floor":[65,63,65,65,65,50,50,46,46,65,65,65,62,53,55,51,65,65,64,64,49,56,48,48,40,46,46,33,65,29,36,21,0,0,0],"gold":234,"neow_bonus":"THREE_CARDS","is_daily":false,"chose_seed":false,"campfire_upgraded":2,"win_rate":0.0,"timestamp":1610971324,"path_taken":["R","M","M","M","$","M","T","M","?","R","$","R","?","M","M","BOSS","R","M","?","?","$","?","T","M","M","?","E","R","?","M","M","BOSS"],"items_purchased_type":["Card","Card","Card"],"build_version":"2020-12-22","purchased_purges":2,"victory":false,"max_hp_per_floor":[65,65,65,65,65,65,65,65,65,65,65,65,65,65,65,65,65,65,65,65,65,65,65,65,65,65,65,65,65,65,65,65,65,65,65],"card_choices":[{"not_picked":["Slimebound:LeadByExample","Slimebound:GoopSpray"],"picked":"Slimebound:Schlurp","floor":0.0},{"not_picked":["Slimebound:SplitLeeching","Slimebound:SlimeBarrage"],"picked":"Slimebound:Schlurp","floor":2},{"not_picked":["Slimebound:MegaLick","Slimebound:ItLooksTasty"],"picked":"Slimebound:GoopSpray","floor":3},{"not_picked":["Slimebound:SplitMire","Slimebound:Schlurp"],"picked":"Slimebound:Equalize","floor":4},{"not_picked":["Slimebound:LivingWall","Slimebound:SlimeSpikes"],"picked":"Slimebound:SplitLeeching","floor":5},{"not_picked":["Slimebound:SlimeSpikes","Slimebound:FinishingTackle"],"picked":"Slimebound:LeechingTouch","floor":6},{"not_picked":["Slimebound:HauntingLick","Slimebound:Nibble"],"picked":"Slimebound:Prepare","floor":8},{"not_picked":["Slimebound:SlimeSpikes","Slimebound:MassFeed"],"picked":"Slimebound:TongueLash","floor":11},{"not_picked":["Slimebound:FormOfPuddle","Slimebound:ComboTackle"],"picked":"Slimebound:LeechEnergy","floor":14},{"not_picked":["Slimebound:Prepare","Slimebound:SlimeSpikes"],"picked":"Slimebound:Dissolve","floor":15},{"not_picked":["Slimebound:MassFeed","Slimebound:DouseInSlime"],"picked":"Slimebound:PrepareCrush","floor":16},{"not_picked":["Slimebound:SlimeSpikes+1","Slimebound:SplitAcid"],"picked":"Slimebound:MegaLick","floor":19},{"not_picked":["Slimebound:DouseInSlime","Slimebound:SplitMire"],"picked":"Slimebound:SlimeTap+1","floor":21},{"not_picked":["Slimebound:ForwardTackle","Slimebound:GoopTackle"],"picked":"Slimebound:LeechEnergy","floor":22},{"not_picked":[],"picked":"J.A.X.","floor":23},{"not_picked":["Slimebound:ForwardTackle","Slimebound:FinishingTackle"],"picked":"Slimebound:LivingWall+1","floor":23},{"not_picked":["Slimebound:SamplingLick","Slimebound:Chomp+1"],"picked":"Slimebound:HauntingLick","floor":25},{"not_picked":["Slimebound:SlimeSpikes","Slimebound:GoopTackle"],"picked":"Slimebound:RejuvenatingLick","floor":26},{"not_picked":["Slimebound:GoopSpray","Slimebound:Grow"],"picked":"Slimebound:AcidTongue+1","floor":28},{"not_picked":["Slimebound:DuplicatedForm","Slimebound:SplitLeeching+1","Slimebound:SlimeSpikes"],"picked":"SKIP","floor":30},{"not_picked":["Slimebound:SpikyOuterGoop","Slimebound:Teamwork"],"picked":"Slimebound:GrowthPunch","floor":31},{"not_picked":["Slimebound:SpikyOuterGoop","Slimebound:HauntingLick"],"picked":"Slimebound:SamplingLick+1","floor":32}],"player_experience":119420,"relics_obtained":[{"floor":17,"key":"Blood Vial"},{"floor":17,"key":"White Beast Statue"},{"floor":17,"key":"Calipers"},{"floor":23,"key":"MutagenicStrength"},{"floor":24,"key":"Boot"},{"floor":28,"key":"Eternal Feather"}],"event_choices":[{"damage_healed":0,"gold_gain":0,"player_choice":"Success","damage_taken":3,"relics_obtained":["Gremlin Horn"],"max_hp_gain":0,"max_hp_loss":0,"event_name":"Scrap Ooze","floor":13,"gold_loss":0}],"is_beta":false,"boss_relics":[{"not_picked":["Snecko Eye","Runic Dome"],"picked":"Calling Bell"}],"items_purged_floors":[11,21],"is_endless":false,"potions_floor_spawned":[3,8,15,16,19,21,22,23,25,26,28,30,31,32],"killed_by":"SI_MIRROR_ARCHETYPE","ascension_level":0}}