{"host":"mike","time":1610937227,"event":{"mods":["2.2 Compatiblity","AchievementEnabler","BaseMod","Dio Mod","Hermit","Highlight Path","Jorbs\u0027s Wanderer Trilogy","Minty Spire (QoL Compilation)","Random Character Button","Rare Cards Sparkle","Relic Stats","StSLib","The Bladedancer","The Cursed","The Marked"],"gold_per_floor":[111,126,145,165,216,247,247,274,274,274,274,274,290,317,317,414,414,414,414,339,339,339,339,339,339,339,339,339,23,23,23,23,23,23,23,23,23,23,23,23,23,23,23,23,23,23,23,23,23,23,23,23,23,23,23,23],"floor_reached":55,"language":"ENG","playtime":3474,"items_purged":["dioMod:Strike"],"score":968,"play_id":"81c1afaf-91a5-4ef4-9603-4d2b38672af3","local_time":"20210117213347","is_ascension_mode":true,"campfire_choices":[{"data":"dioMod:DoubleTime","floor":7.0,"key":"SMITH"},{"floor":12.0,"key":"REST"},{"floor":15.0,"key":"REST"},{"data":"dioMod:Pluck","floor":23.0,"key":"SMITH"},{"floor":32.0,"key":"REST"},{"floor":41,"key":"RECALL"},{"floor":49,"key":"REST"},{"data":"dioMod:KonoDioDa","floor":52,"key":"SMITH"}],"circlet_count":0,"master_deck":["dioMod:Strike","dioMod:Strike","dioMod:Strike","Bite","dioMod:Defend","dioMod:Defend","dioMod:Defend","dioMod:Defend","dioMod:RoadRoller+1","dioMod:Diversion+1","dioMod:Muda","dioMod:Roundabout","dioMod:Muda","dioMod:DoubleTime+1","dioMod:Pluck+1","dioMod:StreetSign+1","dioMod:Refresh","dioMod:ComboFever","dioMod:Hiss","dioMod:DaggerToss","dioMod:KonoDioDa+1","dioMod:SadisticLaugh","dioMod:DisarmingVoice","dioMod:TheWalk","dioMod:DoubleTime","dioMod:GoldVial","dioMod:MudaMudaMuda+1","dioMod:ZaWarudo","dioMod:DarkRebirth+1","dioMod:HeavyLifting+1","dioMod:CoffinBath+1"],"relics":["dioMod:VampireBlood","Ancient Tea Set","Bag of Preparation","Centennial Puzzle","Kunai","Ectoplasm","Whetstone","Potion Belt","Eternal Feather","Lantern","Membership Card","Mercury Hourglass","SlaversCollar","Old Coin","Frozen Egg 2","Vajra","MealTicket","White Beast Statue"],"acts_visited":["Exordium","TheCity","TheBeyond","TheEnding"],"potions_floor_usage":[37,50,55,55,55],"damage_taken":[{"damage":1.0,"enemies":"Cultist","floor":1.0,"turns":4.0},{"damage":5.0,"enemies":"Small Slimes","floor":2.0,"turns":4.0},{"damage":3.0,"enemies":"Jaw Worm","floor":3.0,"turns":6.0},{"damage":15.0,"enemies":"Looter","floor":4.0,"turns":4.0},{"damage":32.0,"enemies":"Gremlin Nob","floor":6.0,"turns":4.0},{"damage":35.0,"enemies":"3 Sentries","floor":8.0,"turns":8.0},{"damage":0.0,"enemies":"Exordium Wildlife","floor":13.0,"turns":2.0},{"damage":0.0,"enemies":"Gremlin Nob","floor":14.0,"turns":2.0},{"damage":48.0,"enemies":"Hexaghost","floor":16.0,"turns":6.0},{"damage":14.0,"enemies":"Shell Parasite","floor":18.0,"turns":2.0},{"damage":2.0,"enemies":"Chosen","floor":21.0,"turns":3.0},{"damage":6.0,"enemies":"3 Cultists","floor":22.0,"turns":3.0},{"damage":31.0,"enemies":"Book of Stabbing","floor":24.0,"turns":4.0},{"damage":0.0,"enemies":"Gremlin Leader","floor":27.0,"turns":4.0},{"damage":52.0,"enemies":"Snecko","floor":28.0,"turns":6.0},{"damage":5.0,"enemies":"Centurion and Healer","floor":30.0,"turns":3.0},{"damage":6.0,"enemies":"Snake Plant","floor":31.0,"turns":3.0},{"damage":65.0,"enemies":"Champ","floor":33.0,"turns":10.0},{"damage":23,"enemies":"3 Shapes","floor":35,"turns":5},{"damage":17,"enemies":"Mind Bloom Boss Battle","floor":36,"turns":3},{"damage":17,"enemies":"3 Darklings","floor":37,"turns":5},{"damage":16,"enemies":"Nemesis","floor":40,"turns":3},{"damage":8,"enemies":"Giant Head","floor":42,"turns":4},{"damage":20,"enemies":"Nemesis","floor":44,"turns":6},{"damage":11,"enemies":"Sphere and 2 Shapes","floor":46,"turns":3},{"damage":28,"enemies":"Maw","floor":47,"turns":6},{"damage":18,"enemies":"Spire Growth","floor":48,"turns":4},{"damage":98,"enemies":"Awakened One","floor":50,"turns":10},{"damage":30,"enemies":"Shield and Spear","floor":54,"turns":6},{"damage":120,"enemies":"Kars","floor":55,"turns":5}],"seed_played":"8776725676338932094","potions_obtained":[{"floor":1.0,"key":"Ancient Potion"},{"floor":3.0,"key":"SteroidPotion"},{"floor":4.0,"key":"Block Potion"},{"floor":18.0,"key":"FairyPotion"},{"floor":24.0,"key":"SmokeBomb"},{"floor":27.0,"key":"LiquidMemories"},{"floor":36,"key":"SkillPotion"},{"floor":40,"key":"Swift Potion"},{"floor":46,"key":"Weak Potion"}],"is_trial":false,"path_per_floor":["M","M","M","M","?","E","R","E","T","?","?","R","M","E","R","B",null,"M","T","$","M","M","R","E","?","T","E","M","$","M","M","R","B",null,"M","?","M","T","?","E","R","E","T","E","?","M","M","M","R","B",null,"R","$","E","B"],"character_chosen":"THE_DEFAULT","items_purchased":["Membership Card","Mercury Hourglass","dioMod:TheWalk"],"campfire_rested":4,"item_purchase_floors":[29,29,29],"current_hp_per_floor":[60,65,69,59,59,32,32,8,8,8,8,30,36,41,63,20,75,64,64,64,69,72,72,48,48,48,57,12,12,15,12,49,25,75,63,51,54,54,54,50,65,74,74,69,69,67,53,47,75,21,75,75,75,59,0,0],"gold":23,"neow_bonus":"THREE_RARE_CARDS","is_daily":false,"chose_seed":false,"campfire_upgraded":3,"win_rate":0.0,"timestamp":1610937227,"path_taken":["M","?","?","M","?","E","R","E","T","?","?","R","M","E","R","BOSS","M","?","$","?","M","R","E","?","T","E","M","?","M","M","R","BOSS","M","?","M","?","?","E","R","E","T","E","?","M","M","?","R","BOSS","R","$","E","BOSS"],"items_purchased_type":["Relic","Relic","Card"],"build_version":"2020-12-18","purchased_purges":1,"victory":false,"max_hp_per_floor":[75,75,75,75,75,75,75,75,75,75,75,75,75,75,75,75,75,75,75,75,75,75,75,75,75,75,75,75,75,75,75,75,75,75,75,75,75,75,75,75,75,75,75,75,75,75,75,75,75,75,75,75,75,75,75,75],"relic_stats":{"Centennial Puzzle":[63],"counters":[30,136],"Eternal Feather":48,"MealTicket":0,"Ectoplasm":831,"Bag of Preparation":[48],"Kunai":[69],"Whetstone":["dioMod:StreetSign","dioMod:Diversion"],"obtain_stats":[{"Potion Belt":24,"Lantern":27,"Vajra":42,"Eternal Feather":26,"Bag of Preparation":8,"Whetstone":19,"Frozen Egg 2":40,"Ancient Tea Set":6,"White Beast Statue":54,"Mercury Hourglass":29,"Old Coin":36,"SlaversCollar":34,"Centennial Puzzle":9,"dioMod:VampireBlood":0,"MealTicket":43,"Ectoplasm":17,"Kunai":14,"Membership Card":29},{"Potion Belt":13,"Lantern":14,"Vajra":23,"Eternal Feather":13,"Bag of Preparation":6,"Whetstone":10,"Frozen Egg 2":22,"Ancient Tea Set":5,"White Beast Statue":29,"Mercury Hourglass":15,"Old Coin":20,"SlaversCollar":18,"Centennial Puzzle":6,"dioMod:VampireBlood":0,"MealTicket":23,"Ectoplasm":9,"Kunai":8,"Membership Card":15},{"Potion Belt":52,"Lantern":56,"Vajra":96,"Eternal Feather":52,"Bag of Preparation":30,"Whetstone":42,"Frozen Egg 2":92,"Ancient Tea Set":22,"White Beast Statue":131,"Mercury Hourglass":62,"Old Coin":84,"SlaversCollar":77,"Centennial Puzzle":30,"dioMod:VampireBlood":0,"MealTicket":96,"Ectoplasm":40,"Kunai":34,"Membership Card":62}],"Mercury Hourglass":[258]},"card_choices":[{"not_picked":["dioMod:KonoDioDa","dioMod:PathToHeaven"],"picked":"dioMod:RoadRoller","floor":0.0},{"not_picked":["dioMod:Minions","dioMod:SlashThroughTime"],"picked":"dioMod:Diversion","floor":1.0},{"not_picked":["dioMod:Donut","dioMod:Minions"],"picked":"dioMod:Muda","floor":2.0},{"not_picked":["dioMod:VengefulMuda","dioMod:TripleThreat"],"picked":"dioMod:Roundabout","floor":3.0},{"not_picked":["dioMod:CutDeep","dioMod:BloodShield"],"picked":"dioMod:Muda","floor":4.0},{"not_picked":["dioMod:BloodSuck","dioMod:BloodShield"],"picked":"dioMod:DoubleTime","floor":6.0},{"not_picked":["dioMod:BloodSplash","dioMod:StreetSign"],"picked":"dioMod:Pluck","floor":8.0},{"not_picked":["dioMod:BloodShield","dioMod:SecretPlan"],"picked":"dioMod:StreetSign","floor":13.0},{"not_picked":["dioMod:VengefulMuda","dioMod:SecretPlan","dioMod:TripleThreat"],"picked":"SKIP","floor":14.0},{"not_picked":["dioMod:ZaWarudo","dioMod:UltimateSacrifice"],"picked":"dioMod:Refresh","floor":16.0},{"not_picked":["dioMod:CoffinBath","dioMod:FlyAway"],"picked":"dioMod:ComboFever","floor":18.0},{"not_picked":["dioMod:Donut","dioMod:TripleThreat"],"picked":"dioMod:Hiss","floor":21.0},{"not_picked":["dioMod:StreetSign+1","dioMod:SlashThroughTime"],"picked":"dioMod:DaggerToss","floor":22.0},{"not_picked":["dioMod:BloodSuck","dioMod:FlyAway"],"picked":"dioMod:KonoDioDa","floor":24.0},{"not_picked":["dioMod:BloodShield","dioMod:BloodTransfusion"],"picked":"dioMod:SadisticLaugh","floor":27.0},{"not_picked":["dioMod:VengefulMuda+1","dioMod:DaggerToss"],"picked":"dioMod:DisarmingVoice","floor":28.0},{"not_picked":["dioMod:ComboFever+1","dioMod:BlendIn"],"picked":"dioMod:DoubleTime","floor":30.0},{"not_picked":["dioMod:Muda","dioMod:DaggerToss","dioMod:DisarmingVoice+1"],"picked":"SKIP","floor":31.0},{"not_picked":["dioMod:PhantomBlood","dioMod:RoadRoller"],"picked":"dioMod:GoldVial","floor":33.0},{"not_picked":["dioMod:SlashThroughTime+1","dioMod:StreetSign"],"picked":"dioMod:MudaMudaMuda","floor":35},{"not_picked":["dioMod:StreetSign+1","dioMod:Hiss"],"picked":"dioMod:Freeze+1","floor":37},{"not_picked":["dioMod:HeavyLifting+1","dioMod:BloodSuck+1"],"picked":"dioMod:ZaWarudo","floor":40},{"not_picked":["dioMod:BlendIn+1","dioMod:StreetSign+1"],"picked":"dioMod:DarkRebirth+1","floor":42},{"not_picked":["dioMod:DisarmingVoice+1","dioMod:ComposedMuda","dioMod:StreetSign+1"],"picked":"SKIP","floor":44},{"not_picked":["dioMod:SecretPlan+1","dioMod:Hiss+1"],"picked":"dioMod:HeavyLifting+1","floor":46},{"not_picked":["dioMod:ComboFever+1","dioMod:WRYYY","dioMod:StreetSign+1"],"picked":"SKIP","floor":47},{"not_picked":["dioMod:Minions+1","dioMod:FlyAway"],"picked":"dioMod:CoffinBath+1","floor":48},{"not_picked":["dioMod:FlyAway","dioMod:Refresh","dioMod:Diversion"],"picked":"SKIP","floor":54}],"player_experience":320958,"relics_obtained":[{"floor":6.0,"key":"Ancient Tea Set"},{"floor":8.0,"key":"Bag of Preparation"},{"floor":9.0,"key":"Centennial Puzzle"},{"floor":14.0,"key":"Kunai"},{"floor":19.0,"key":"Whetstone"},{"floor":24.0,"key":"Potion Belt"},{"floor":26.0,"key":"Eternal Feather"},{"floor":27.0,"key":"Lantern"},{"floor":36,"key":"Old Coin"},{"floor":40,"key":"Frozen Egg 2"},{"floor":42,"key":"Vajra"},{"floor":43,"key":"MealTicket"},{"floor":54,"key":"White Beast Statue"}],"event_choices":[{"damage_healed":0.0,"max_hp_gain":0.0,"max_hp_loss":0.0,"gold_gain":51.0,"event_name":"Golden Wing","player_choice":"Gained Gold","floor":5.0,"gold_loss":0.0,"damage_taken":0.0},{"damage_healed":0.0,"max_hp_gain":0.0,"max_hp_loss":0.0,"gold_gain":0.0,"event_name":"Dead Adventurer","player_choice":"Searched \u00270\u0027 times","floor":10.0,"gold_loss":0.0,"damage_taken":0.0},{"damage_healed":0.0,"max_hp_gain":0.0,"max_hp_loss":0.0,"gold_gain":0.0,"event_name":"Upgrade Shrine","player_choice":"Upgraded","floor":11.0,"gold_loss":0.0,"damage_taken":0.0,"cards_upgraded":["dioMod:RoadRoller"]},{"damage_healed":0.0,"max_hp_gain":0.0,"max_hp_loss":0.0,"gold_gain":0.0,"event_name":"Ghosts","player_choice":"Ignored","floor":25.0,"gold_loss":0.0,"damage_taken":0.0},{"damage_healed":0,"gold_gain":0,"player_choice":"Fight","damage_taken":0,"max_hp_gain":0,"max_hp_loss":0,"event_name":"MindBloom","floor":36,"gold_loss":0},{"cards_removed":["dioMod:Freeze"],"damage_healed":0,"gold_gain":0,"player_choice":"Removed Skill","damage_taken":0,"max_hp_gain":0,"max_hp_loss":0,"event_name":"Falling","floor":39,"gold_loss":0},{"damage_healed":0,"gold_gain":0,"player_choice":"Forge","damage_taken":0,"max_hp_gain":0,"max_hp_loss":0,"event_name":"Accursed Blacksmith","floor":45,"gold_loss":0,"cards_upgraded":["dioMod:MudaMudaMuda"]}],"is_beta":true,"boss_relics":[{"not_picked":["Runic Dome","Astrolabe"],"picked":"Ectoplasm"},{"not_picked":["Empty Cage","Velvet Choker"],"picked":"SlaversCollar"}],"items_purged_floors":[20],"is_endless":false,"potions_floor_spawned":[1,3,4,16,18,22,24,27,36,40,46,48],"killed_by":"Kars","ascension_level":3}}