{"host":"xsuxkwaivmtd234a","time":1610982991,"event":{"mods":["BaseMod","Colored Map","Filter the Spire","Minty Spire (QoL Compilation)","Relic Stats","StSLib"],"gold_per_floor":[112,130,147,72,72,99,99,119,188,188,214,214,241,257,257,359,359,379,379,392,392,392,422,22,22,46,64,99,110,136,98,98,193,193,203,203,203,218,93,120,120,148,173,173,223,252,269,282,282,282,282,282,39,70,70],"floor_reached":56,"language":"ENG","playtime":3250,"items_purged":["Defend_R","Strike_R","Strike_R+1"],"score":1545,"play_id":"fb8d23d2-b9b8-4dd6-b41d-7aafdc44d518","local_time":"20210118101631","is_ascension_mode":true,"campfire_choices":[{"data":"Whirlwind","floor":7,"key":"SMITH"},{"data":"Inflame","floor":10,"key":"SMITH"},{"data":"Bash","floor":12,"key":"SMITH"},{"data":"Fire Breathing","floor":15,"key":"SMITH"},{"floor":25,"key":"REST"},{"floor":32,"key":"REST"},{"floor":41,"key":"REST"},{"floor":44,"key":"REST"},{"floor":49,"key":"RECALL"},{"floor":52,"key":"REST"}],"circlet_count":0,"master_deck":["Strike_R+1","Defend_R","Defend_R","Defend_R","Bash+1","Shrug It Off","Power Through","Inflame+1","Whirlwind+1","Fire Breathing+1","Clothesline","Barricade","Shrug It Off+1","Entrench","Second Wind+1","Body Slam","Power Through","Evolve","Reaper","Transmutation","Uppercut","Flame Barrier+1","Dual Wield","Feel No Pain+1","Power Through","Power Through+1"],"relics":["Snecko Eye","Pocketwatch","Letter Opener","Anchor","Whetstone","Fusion Hammer","Ornamental Fan","OrangePellets","Bag of Marbles","PreservedInsect","Juzu Bracelet","Dream Catcher","SacredBark","Omamori","Frozen Egg 2","Mango","Pen Nib","Vajra"],"acts_visited":["Exordium","TheCity","TheBeyond","TheEnding"],"potions_floor_usage":[11,13,23,28,33,50,55,55,55],"damage_taken":[{"damage":11,"enemies":"Jaw Worm","floor":1,"turns":2},{"damage":0,"enemies":"Cultist","floor":2,"turns":2},{"damage":5,"enemies":"Small Slimes","floor":3,"turns":5},{"damage":24,"enemies":"3 Sentries","floor":6,"turns":10},{"damage":4,"enemies":"Blue Slaver","floor":8,"turns":2},{"damage":0,"enemies":"Lagavulin","floor":11,"turns":4},{"damage":0,"enemies":"Gremlin Nob","floor":13,"turns":2},{"damage":0,"enemies":"3 Louse","floor":14,"turns":1},{"damage":2,"enemies":"The Guardian","floor":16,"turns":8},{"damage":0,"enemies":"Chosen","floor":18,"turns":3},{"damage":0,"enemies":"Spheric Guardian","floor":20,"turns":4},{"damage":37,"enemies":"Slavers","floor":23,"turns":4},{"damage":0,"enemies":"Snecko","floor":27,"turns":6},{"damage":0,"enemies":"Gremlin Leader","floor":28,"turns":6},{"damage":6,"enemies":"Snake Plant","floor":29,"turns":5},{"damage":39,"enemies":"Slavers","floor":30,"turns":4},{"damage":0,"enemies":"Collector","floor":33,"turns":5},{"damage":0,"enemies":"3 Shapes","floor":35,"turns":5},{"damage":0,"enemies":"3 Darklings","floor":38,"turns":1},{"damage":33,"enemies":"Nemesis","floor":40,"turns":9},{"damage":0,"enemies":"Reptomancer","floor":42,"turns":6},{"damage":0,"enemies":"Mind Bloom Boss Battle","floor":45,"turns":4},{"damage":0,"enemies":"Giant Head","floor":46,"turns":8},{"damage":0,"enemies":"Maw","floor":47,"turns":6},{"damage":10,"enemies":"Jaw Worm Horde","floor":48,"turns":4},{"damage":44,"enemies":"Donu and Deca","floor":50,"turns":10},{"damage":47,"enemies":"Shield and Spear","floor":54,"turns":13},{"damage":7,"enemies":"The Heart","floor":55,"turns":11}],"seed_played":"7849823040143089515","potions_obtained":[{"floor":6,"key":"Strength Potion"},{"floor":8,"key":"SteroidPotion"},{"floor":11,"key":"Dexterity Potion"},{"floor":18,"key":"ColorlessPotion"},{"floor":27,"key":"SkillPotion"},{"floor":28,"key":"Ancient Potion"},{"floor":29,"key":"SteroidPotion"},{"floor":40,"key":"BloodPotion"}],"is_trial":false,"path_per_floor":["M","M","M","$","?","E","R","M","T","R","E","R","E","M","R","B",null,"M","?","M","?","?","E","$","R","T","M","E","M","E","$","R","B",null,"M","?","?","M","$","E","R","E","T","R","?","E","M","M","R","B",null,"R","$","E","B",null],"character_chosen":"IRONCLAD","items_purchased":["OrangePellets","Bag of Marbles","Evolve","Feel No Pain+1","Power Through","CultistPotion"],"campfire_rested":5,"item_purchase_floors":[24,24,31,53,53,53],"current_hp_per_floor":[69,69,64,64,64,40,40,36,36,36,36,36,36,36,36,34,80,80,80,80,80,80,43,43,67,67,67,67,61,22,22,46,46,80,80,80,80,80,80,54,78,78,78,80,94,94,94,85,85,83,94,94,94,51,94],"gold":70,"neow_bonus":"BOSS_RELIC","is_daily":false,"chose_seed":false,"campfire_upgraded":4,"win_rate":0.0,"timestamp":1610982991,"path_taken":["M","M","M","$","?","E","R","M","T","R","E","R","E","?","R","BOSS","M","?","M","?","?","E","?","R","T","?","E","M","E","$","R","BOSS","M","?","?","M","$","E","R","E","T","R","?","E","M","M","R","BOSS","R","$","E","BOSS"],"items_purchased_type":["Relic","Relic","Card","Card","Card","Potion"],"build_version":"2020-12-22","purchased_purges":3,"victory":true,"max_hp_per_floor":[80,80,80,80,80,80,80,80,80,80,80,80,80,80,80,80,80,80,80,80,80,80,80,80,80,80,80,80,80,80,80,80,80,80,80,80,80,80,80,80,80,80,80,80,94,94,94,94,94,94,94,94,94,94,94],"relic_stats":{"OrangePellets":[19],"Dream Catcher":4,"counters":[28,150],"Ornamental Fan":[24],"Snecko Eye":[141,123,128,143],"PreservedInsect":380,"Pen Nib":[4],"Juzu Bracelet":1,"Letter Opener":[164],"Whetstone":["Strike_R","Strike_R"],"obtain_stats":[{"SacredBark":34,"Vajra":54,"Mango":45,"PreservedInsect":26,"Pen Nib":46,"Juzu Bracelet":28,"Omamori":40,"Letter Opener":9,"Whetstone":13,"Frozen Egg 2":42,"Burning Blood":0,"OrangePellets":24,"Anchor":11,"Dream Catcher":30,"Ornamental Fan":23,"Snecko Eye":0,"Fusion Hammer":17,"Bag of Marbles":24,"Pocketwatch":6},{"SacredBark":17,"Vajra":27,"Mango":22,"PreservedInsect":12,"Pen Nib":23,"Juzu Bracelet":14,"Omamori":20,"Letter Opener":5,"Whetstone":7,"Frozen Egg 2":21,"Burning Blood":0,"OrangePellets":12,"Anchor":6,"Dream Catcher":16,"Ornamental Fan":12,"Snecko Eye":0,"Fusion Hammer":9,"Bag of Marbles":12,"Pocketwatch":4},{"SacredBark":73,"Vajra":139,"Mango":98,"PreservedInsect":47,"Pen Nib":106,"Juzu Bracelet":59,"Omamori":88,"Letter Opener":21,"Whetstone":27,"Frozen Egg 2":94,"Burning Blood":0,"OrangePellets":47,"Anchor":25,"Dream Catcher":68,"Ornamental Fan":47,"Snecko Eye":0,"Fusion Hammer":36,"Bag of Marbles":47,"Pocketwatch":19}],"Pocketwatch":[132]},"card_choices":[{"not_picked":["Perfected Strike","True Grit"],"picked":"Shrug It Off","floor":1},{"not_picked":["Flex","Perfected Strike"],"picked":"Power Through","floor":2},{"not_picked":["Armaments","Anger"],"picked":"Inflame","floor":3},{"not_picked":["Twin Strike","Power Through"],"picked":"Whirlwind","floor":6},{"not_picked":["Whirlwind","Perfected Strike","Sever Soul"],"picked":"SKIP","floor":8},{"not_picked":["Armaments","Carnage"],"picked":"Fire Breathing","floor":11},{"not_picked":["True Grit","Heavy Blade","Wild Strike"],"picked":"SKIP","floor":13},{"not_picked":["Perfected Strike","Body Slam"],"picked":"Clothesline","floor":14},{"not_picked":["Double Tap","Limit Break"],"picked":"Barricade","floor":16},{"not_picked":["Fire Breathing","Combust+1"],"picked":"Shrug It Off+1","floor":18},{"not_picked":["Havoc+1","Perfected Strike","Shrug It Off"],"picked":"SKIP","floor":20},{"not_picked":["Blood for Blood","Seeing Red+1"],"picked":"Second Wind+1","floor":23},{"not_picked":["Clash","Warcry","Thunderclap"],"picked":"SKIP","floor":27},{"not_picked":["Flex","Pommel Strike"],"picked":"Body Slam","floor":28},{"not_picked":["Headbutt+1","Havoc","Wild Strike"],"picked":"SKIP","floor":29},{"not_picked":["Offering","Infernal Blade"],"picked":"Power Through","floor":30},{"not_picked":["Barricade","Bludgeon"],"picked":"Reaper","floor":33},{"not_picked":["Warcry","Sword Boomerang","Anger+1"],"picked":"SKIP","floor":35},{"not_picked":["Trip","Good Instincts"],"picked":"Transmutation","floor":36},{"not_picked":["Anger+1","Infernal Blade"],"picked":"Uppercut","floor":38},{"not_picked":["Whirlwind+1","Sword Boomerang","Perfected Strike"],"picked":"SKIP","floor":40},{"not_picked":["Carnage","Sword Boomerang","Perfected Strike"],"picked":"SKIP","floor":42},{"not_picked":["Barricade+1","Wild Strike+1","Dropkick"],"picked":"SKIP","floor":46},{"not_picked":["Sword Boomerang+1","Havoc"],"picked":"Flame Barrier+1","floor":47},{"not_picked":["Dual Wield","Iron Wave","Clothesline"],"picked":"SKIP","floor":48},{"not_picked":["Iron Wave","Clothesline"],"picked":"Dual Wield","floor":48},{"not_picked":["Reckless Charge","Intimidate"],"picked":"Power Through+1","floor":54}],"player_experience":1178626,"relics_obtained":[{"floor":6,"key":"Pocketwatch"},{"floor":9,"key":"Letter Opener"},{"floor":11,"key":"Anchor"},{"floor":13,"key":"Whetstone"},{"floor":23,"key":"Ornamental Fan"},{"floor":26,"key":"PreservedInsect"},{"floor":28,"key":"Juzu Bracelet"},{"floor":30,"key":"Dream Catcher"},{"floor":40,"key":"Omamori"},{"floor":42,"key":"Frozen Egg 2"},{"floor":45,"key":"Mango"},{"floor":46,"key":"Pen Nib"},{"floor":54,"key":"Vajra"}],"event_choices":[{"cards_removed":["Strike_R"],"damage_healed":0,"gold_gain":0,"player_choice":"Offered Basic","damage_taken":0,"max_hp_gain":0,"max_hp_loss":0,"event_name":"Bonfire Elementals","floor":5,"gold_loss":0},{"damage_healed":0,"gold_gain":0,"player_choice":"Ignored","damage_taken":0,"max_hp_gain":0,"max_hp_loss":0,"event_name":"Vampires","floor":19,"gold_loss":0},{"cards_removed":["Strike_R"],"damage_healed":0,"gold_gain":0,"player_choice":"Elegance","damage_taken":0,"max_hp_gain":0,"max_hp_loss":0,"event_name":"Back to Basics","floor":21,"gold_loss":0},{"damage_healed":0,"gold_gain":0,"player_choice":"Read","damage_taken":0,"max_hp_gain":0,"max_hp_loss":0,"event_name":"The Library","floor":22,"gold_loss":0,"cards_obtained":["Entrench"]},{"damage_healed":0,"gold_gain":0,"player_choice":"Memory 1","damage_taken":0,"max_hp_gain":0,"max_hp_loss":0,"event_name":"SensoryStone","floor":36,"gold_loss":0},{"damage_healed":0,"gold_gain":0,"player_choice":"Ignored","damage_taken":0,"max_hp_gain":0,"max_hp_loss":0,"event_name":"Tomb of Lord Red Mask","floor":37,"gold_loss":0},{"damage_healed":0,"gold_gain":0,"player_choice":"Fight","damage_taken":0,"max_hp_gain":0,"max_hp_loss":0,"event_name":"MindBloom","floor":45,"gold_loss":0}],"is_beta":false,"boss_relics":[{"not_picked":["SlaversCollar","Runic Cube"],"picked":"Fusion Hammer"},{"not_picked":["Runic Pyramid","Pandora\u0027s Box"],"picked":"SacredBark"}],"items_purged_floors":[4,24,39],"is_endless":false,"potions_floor_spawned":[6,8,11,18,27,28,29,40,46,47],"ascension_level":1}}