{"host":"8oeebsytg2tzguhe","time":1610955051,"event":{"mods":["BaseMod","GungeonMod","Minty Spire (QoL Compilation)","Replay The Spire","StSLib","The Animator","The Bug Knight"],"gold_per_floor":[112,122,50,77,94,94,105,132,132,132,57,87,87,105,105,105,105],"floor_reached":16,"language":"ZHS","playtime":824,"items_purged":["HollowMod:NailStrikeStart"],"score":116,"play_id":"c8e88c4a-ac38-4aed-8ff1-a9ac84d48f6c","local_time":"20210118153051","is_ascension_mode":true,"campfire_choices":[{"data":"HollowMod:FocusHealStart","floor":6,"key":"SMITH"},{"data":"HollowMod:NailStrikeStart","floor":15,"key":"PURGE"}],"circlet_count":0,"master_deck":["HollowMod:QuickDashStart","HollowMod:QuickDashStart","HollowMod:QuickDashStart","HollowMod:QuickDashStart","HollowMod:FocusHealStart+1","HollowMod:PogoStrike","HollowMod:BlackTendrils","HollowMod:SharpenedShadows","HollowMod:VengefulVoid","HollowMod:DashSlash","HollowMod:VoidDash","HollowMod:ShadowDash","HollowMod:CloakDash"],"relics":["HollowMod:VesselMask","NeowsBlessing","DemoMod:SevenLeafClover","DemoMod:Metronome","HollowMod:QueensCombRelic","Anchor"],"acts_visited":["Exordium"],"potions_floor_usage":[7],"damage_taken":[{"damage":0,"enemies":"Small Slimes","floor":1,"turns":1},{"damage":0,"enemies":"2 Louse","floor":2,"turns":1},{"damage":0,"enemies":"Cultist","floor":5,"turns":1},{"damage":6,"enemies":"3 Louse","floor":7,"turns":4},{"damage":40,"enemies":"3 Sentries","floor":8,"turns":9},{"damage":25,"enemies":"Lagavulin","floor":12,"turns":10},{"damage":1,"enemies":"Exordium Wildlife","floor":14,"turns":3},{"damage":89,"enemies":"Slime Boss","floor":16,"turns":13}],"seed_played":"52165504843829758","potions_obtained":[{"floor":1,"key":"ColorlessPotion"},{"floor":8,"key":"FairyPotion"}],"is_trial":false,"path_per_floor":["M","M","$","?","M","R","M","E","T","?","$","E","?","M","R","B"],"character_chosen":"THE_BUGKNIGHT","items_purchased":["HollowMod:SharpenedShadows"],"campfire_rested":0,"item_purchase_floors":[3],"current_hp_per_floor":[75,75,75,57,59,59,65,39,39,39,39,29,29,40,40,0,0],"gold":105,"neow_bonus":"THREE_ENEMY_KILL","is_daily":false,"chose_seed":false,"campfire_upgraded":1,"win_rate":0.0,"timestamp":1610955051,"path_taken":["M","M","$","?","?","R","M","E","T","?","?","E","?","M","R","BOSS"],"items_purchased_type":["Card"],"build_version":"2020-12-22","purchased_purges":1,"victory":false,"max_hp_per_floor":[75,75,75,75,75,75,75,75,50,50,50,50,50,50,50,50,50],"card_choices":[{"not_picked":["HollowMod:NewJinnsSoul","HollowMod:HeavyBlow","HollowMod:SharpenedNail"],"picked":"SKIP","floor":1},{"not_picked":["HollowMod:MonarchWings","HollowMod:SharpenedNail"],"picked":"HollowMod:BlackTendrils","floor":2},{"not_picked":["HollowMod:RecoilStrike","HollowMod:LifebloodCocoon"],"picked":"HollowMod:VengefulVoid","floor":5},{"not_picked":["HollowMod:RecoilStrike","HollowMod:VengefulSpirit"],"picked":"HollowMod:DashSlash","floor":7},{"not_picked":["HollowMod:TaintedHusks","HollowMod:NewJinnsSoul","HollowMod:SiblingsSouls"],"picked":"SKIP","floor":8},{"not_picked":["HollowMod:ElderbugsWisdom","HollowMod:NewInfectedGuardian"],"picked":"HollowMod:VoidDash","floor":9},{"not_picked":["HollowMod:GreatSlash","HollowMod:BaldurShell"],"picked":"HollowMod:ShadowDash","floor":12},{"not_picked":["HollowMod:HornetsHelp","HollowMod:VengefulVoid"],"picked":"HollowMod:CloakDash","floor":14}],"player_experience":64431,"relics_obtained":[{"floor":4,"key":"DemoMod:SevenLeafClover"},{"floor":8,"key":"DemoMod:Metronome"},{"floor":9,"key":"HollowMod:QueensCombRelic"},{"floor":12,"key":"Anchor"}],"event_choices":[{"cards_removed":["HollowMod:NailStrikeStart"],"damage_healed":0,"gold_gain":0,"player_choice":"Forget","damage_taken":0,"max_hp_gain":0,"max_hp_loss":0,"event_name":"Living Wall","floor":10,"gold_loss":0},{"cards_removed":["HollowMod:NailStrikeStart"],"damage_healed":0,"gold_gain":0,"player_choice":"Offered Basic","damage_taken":0,"max_hp_gain":0,"max_hp_loss":0,"event_name":"Bonfire Elementals","floor":13,"gold_loss":0}],"is_beta":false,"boss_relics":[],"items_purged_floors":[11],"is_endless":false,"potions_floor_spawned":[1,8],"killed_by":"Slime Boss","ascension_level":1}}