{"host":"clf2hd4adhiiw0zf","time":1610997374,"event":{"mods":["AchievementEnabler","BaseMod","Beaked The Cultist","Bestiary","Dark Map","Downfall","Gremlin Mod","Hermit","Jorbs\u0027s Wanderer Trilogy","Marisa????????","Minty Spire (QoL Compilation)","Shop Mod","StSLib","The Cursed","The Servant 0.9.4","UnlockEverythingMod"],"gold_per_floor":[99,99,199,199,199,199,224,224,255,705,715,515,541,556,566,566,566],"floor_reached":16,"language":"ENG","playtime":689,"items_purged":[],"score":131,"play_id":"c4a3f1f7-aa5e-4d1b-8d8f-2082605d47dd","local_time":"20210118121614","is_ascension_mode":false,"campfire_choices":[{"floor":1,"key":"RECALL"}],"circlet_count":0,"master_deck":["sneckomod:Strike","sneckomod:Strike","sneckomod:Strike","sneckomod:Defend","sneckomod:Defend","sneckomod:Defend","sneckomod:TailWhip","sneckomod:SnekBite","sneckomod:Unknown","sneckomod:CheapStock","sneckomod:DiceCrush","sneckomod:UnknownCommonSkill","sneckomod:UnknownBlock","downfall:Icky","downfall:Icky","downfall:Icky","sneckomod:MorePower","beaked:Sacrifice","sneckomod:UnknownCommonSkill+1","sneckomod:ImprovisedAttack","sneckomod:UnknownStrength+1","sneckomod:UnendingSupply","sneckomod:UnknownRarePower+1","sneckomod:Unknown0Cost"],"relics":["sneckomod:SneckoSoul","downfall:HeartsMalice","downfall:BrokenWingStatue","sneckomod:LoadedDie","Pantograph","downfall:HeartBlessingBlue","downfall:HeartBlessingRed","Tiny Chest"],"acts_visited":["Exordium"],"potions_floor_usage":[15,15,15,16],"damage_taken":[{"damage":0,"enemies":"Small Slimes","floor":4,"turns":1},{"damage":0,"enemies":"2 Louse","floor":6,"turns":1},{"damage":0,"enemies":"Jaw Worm","floor":8,"turns":1},{"damage":48,"enemies":"Gremlin Nob","floor":9,"turns":6},{"damage":5,"enemies":"Exordium Wildlife","floor":11,"turns":4},{"damage":36,"enemies":"3 Sentries","floor":13,"turns":10},{"damage":5,"enemies":"2 Fungi Beasts","floor":14,"turns":4},{"damage":2,"enemies":"3 Louse","floor":15,"turns":3},{"damage":58,"enemies":"WA_ARCHETYPE_RETAIN","floor":16,"turns":4}],"seed_played":"-1599464705933916211","potions_obtained":[{"floor":11,"key":"Weak Potion"},{"floor":13,"key":"FearPotion"},{"floor":14,"key":"Energy Potion"},{"floor":15,"key":"Fruit Juice"}],"is_trial":false,"path_per_floor":["R","?","?","M","?","M","T","M","E","?","M","R","E","M","M","B"],"character_chosen":"THE_SNECKO","items_purchased":[],"campfire_rested":0,"item_purchase_floors":[],"current_hp_per_floor":[90,90,90,90,83,83,83,83,35,35,30,40,7,5,11,0,0],"gold":566,"neow_bonus":"THREE_ENEMY_KILL","is_daily":false,"chose_seed":false,"campfire_upgraded":0,"win_rate":0.0,"timestamp":1610997374,"path_taken":["R","?","?","M","?","M","T","?","E","?","M","R","E","M","M","BOSS"],"items_purchased_type":[],"build_version":"2020-12-22","purchased_purges":0,"victory":false,"max_hp_per_floor":[90,90,90,90,90,90,90,90,90,90,90,100,103,106,114,114,114],"card_choices":[{"not_picked":["sneckomod:SnekBeam","sneckomod:QuickMove"],"picked":"sneckomod:CheapStock","floor":4},{"not_picked":["sneckomod:QuickBite","sneckomod:QuickMove"],"picked":"sneckomod:DiceCrush","floor":6},{"not_picked":["sneckomod:DiceCrush","sneckomod:ImprovisedGuard"],"picked":"sneckomod:UnknownCommonSkill","floor":8},{"not_picked":["sneckomod:MasterEye","sneckomod:TrashToTreasure"],"picked":"sneckomod:UnknownBlock","floor":9},{"not_picked":["sneckomod:WideSting","sneckomod:UnknownCommonAttack"],"picked":"sneckomod:MorePower","floor":11},{"not_picked":["sneckomod:Unknown+1","sneckomod:UnknownClassTHE_CURSED_PURPLE+1"],"picked":"sneckomod:UnknownCommonSkill+1","floor":13},{"not_picked":["sneckomod:QuickMove","sneckomod:UnknownUncommonPower"],"picked":"sneckomod:ImprovisedAttack","floor":13},{"not_picked":["sneckomod:UnknownClassHEXA_GHOST_PURPLE+1","sneckomod:UnknownClassMARISA_COLOR+1"],"picked":"sneckomod:UnknownStrength+1","floor":14},{"not_picked":["sneckomod:UnknownDraw","sneckomod:SoulDraw"],"picked":"sneckomod:UnendingSupply","floor":14},{"not_picked":["sneckomod:UnknownDexterity+1","sneckomod:UnknownClassGREEN+1"],"picked":"sneckomod:UnknownRarePower+1","floor":15},{"not_picked":["sneckomod:DiceBlock","sneckomod:UnknownStrike"],"picked":"sneckomod:Unknown0Cost","floor":15}],"player_experience":65589,"relics_obtained":[{"floor":9,"key":"Pantograph"},{"floor":13,"key":"Tiny Chest"}],"event_choices":[{"damage_healed":0,"gold_gain":0,"player_choice":"Success","damage_taken":7,"relics_obtained":["sneckomod:LoadedDie"],"max_hp_gain":0,"max_hp_loss":0,"event_name":"Scrap Ooze","floor":5,"gold_loss":0}],"is_beta":false,"boss_relics":[],"items_purged_floors":[],"is_endless":false,"potions_floor_spawned":[11,13,14,15],"killed_by":"WA_ARCHETYPE_RETAIN","ascension_level":0}}