{"host":"ad59wuc8ynh8u2z6","time":1610999715,"event":{"mods":["AchievementEnabler","BaseMod","Colored Powertips","DeckTracker","Highlight Path","Minty Spire (QoL Compilation)","Permanent Neow"],"gold_per_floor":[109,121,140,140,156,196,196,196,249,292,292,335,335,374,374,374,374],"floor_reached":16,"language":"ENG","playtime":797,"items_purged":[],"score":150,"play_id":"48b7ae64-06e7-43d9-bdc2-517b1c09c38b","local_time":"20210118205515","is_ascension_mode":true,"campfire_choices":[{"floor":8,"key":"REST"},{"data":"Shockwave","floor":13,"key":"SMITH"},{"data":"Metallicize","floor":15,"key":"SMITH"}],"circlet_count":0,"master_deck":["Strike_R","Strike_R","Strike_R","Strike_R","Strike_R","Defend_R","Defend_R","Defend_R","Defend_R","Bash","Shockwave+1","Shrug It Off","Metallicize+1","Berserk"],"relics":["Philosopher\u0027s Stone","Golden Idol","Darkstone Periapt","Toy Ornithopter","Matryoshka","FaceOfCleric","Omamori","Strawberry"],"acts_visited":["Exordium"],"potions_floor_usage":[7,12,16],"damage_taken":[{"damage":0,"enemies":"Cultist","floor":1,"turns":2},{"damage":8,"enemies":"Jaw Worm","floor":2,"turns":3},{"damage":0,"enemies":"2 Louse","floor":3,"turns":4},{"damage":8,"enemies":"Large Slime","floor":5,"turns":10},{"damage":32,"enemies":"3 Sentries","floor":6,"turns":12},{"damage":0,"enemies":"Blue Slaver","floor":7,"turns":1},{"damage":19,"enemies":"Lagavulin","floor":10,"turns":8},{"damage":7,"enemies":"3 Sentries","floor":12,"turns":11},{"damage":13,"enemies":"Gremlin Nob","floor":14,"turns":4},{"damage":15,"enemies":"The Guardian","floor":16,"turns":9}],"seed_played":"34787783478388460","potions_obtained":[{"floor":2,"key":"SmokeBomb"},{"floor":6,"key":"Energy Potion"},{"floor":10,"key":"PowerPotion"}],"is_trial":false,"path_per_floor":["M","M","M","?","M","E","M","R","T","E","?","E","R","E","R","B"],"character_chosen":"IRONCLAD","items_purchased":[],"campfire_rested":1,"item_purchase_floors":[],"current_hp_per_floor":[80,72,72,52,44,12,12,36,36,17,17,16,16,11,11,1,1],"gold":374,"neow_bonus":"BOSS_RELIC","is_daily":false,"chose_seed":false,"campfire_upgraded":2,"win_rate":0.0,"timestamp":1610999715,"path_taken":["M","M","M","?","M","E","M","R","T","E","?","E","R","E","R","BOSS"],"items_purchased_type":[],"build_version":"2020-12-22","purchased_purges":0,"victory":false,"max_hp_per_floor":[80,80,80,80,80,80,80,80,80,80,80,81,81,89,89,89,89],"card_choices":[{"not_picked":["Clothesline","Anger"],"picked":"Shockwave","floor":1},{"not_picked":["Armaments","Evolve"],"picked":"Shrug It Off","floor":2},{"not_picked":["Battle Trance","Armaments"],"picked":"Metallicize","floor":3},{"not_picked":["True Grit","Seeing Red","Armaments"],"picked":"SKIP","floor":5},{"not_picked":["Cleave","Armaments"],"picked":"Berserk","floor":6},{"not_picked":["Rupture","Combust","Warcry"],"picked":"SKIP","floor":10},{"not_picked":["Dropkick","Havoc","Warcry"],"picked":"SKIP","floor":12},{"not_picked":["Twin Strike","Cleave","Headbutt"],"picked":"SKIP","floor":14}],"player_experience":61803,"relics_obtained":[{"floor":6,"key":"Darkstone Periapt"},{"floor":9,"key":"Toy Ornithopter"},{"floor":10,"key":"Matryoshka"},{"floor":12,"key":"Omamori"},{"floor":14,"key":"Strawberry"}],"event_choices":[{"damage_healed":0,"gold_gain":0,"player_choice":"Take Damage","damage_taken":20,"relics_obtained":["Golden Idol"],"max_hp_gain":0,"max_hp_loss":0,"event_name":"Golden Idol","floor":4,"gold_loss":0},{"damage_healed":0,"gold_gain":0,"player_choice":"Trade","damage_taken":0,"relics_obtained":["FaceOfCleric"],"max_hp_gain":0,"max_hp_loss":0,"event_name":"FaceTrader","floor":11,"gold_loss":0}],"is_beta":false,"boss_relics":[],"items_purged_floors":[],"is_endless":false,"potions_floor_spawned":[2,6,10],"killed_by":"The Guardian","ascension_level":3}}