{"host":"uimu98mr9zvwuo5s","time":1610985568,"event":{"mods":["Aspiration","BaseMod","BetterRewards","Conspire","Defective Defect","GifTheSpireLib","Gremlin Mod","Hermit","Highlight Path","Hubris","Infinite Spire","Jedi Mod","Jorbs\u0027s Wanderer Trilogy","LagranYue(???·?)","Minty Spire (QoL Compilation)","Replay The Spire","Shop Mod","StSLib","Stuff the Spire","The Hierophant","Uncapped"],"gold_per_floor":[110,124,124,140,159,184,184,201,224,65,65,65,79,79,79,179,179,179,179],"floor_reached":18,"language":"ENG","playtime":1251,"items_purged":["Gremlin:Strike"],"score":387,"play_id":"b1b315bb-9b02-4bad-9fea-a2e9dde0e8a4","local_time":"20210118105928","is_ascension_mode":false,"campfire_choices":[{"data":"Gremlin:GlitterGuard","floor":7,"key":"SMITH"},{"floor":15,"key":"DIG"}],"circlet_count":0,"master_deck":["conspire:GhostlyStrike","conspire:GhostlyStrike","conspire:GhostlyStrike","conspire:GhostlyDefend","conspire:GhostlyDefend","conspire:GhostlyDefend","conspire:GhostlyDefend","Gremlin:GremlinDance","Gremlin:GlitterGuard+1","Gremlin:Scatter+1","Gremlin:EdibleArmor+1","Gremlin:GlitterGuard+1","Gremlin:GlitterGuard+1","Gremlin:GremlinToss+1","Gremlin:BubbleBarrier+1","Pot Of Greed+1","Pot Of Greed+1","Gremlin:BurlyBlow+1"],"relics":["Gremlin:GremlinKnob","LagranYue:RandomDrawCardRelic","MerchantsRug","Toxic Egg 2","Molten Egg 2","BargainBundle","StuffTheSpire:Tea","Grinning Jar","Replay:Wax Seal","Replay:Baseball","Frozen Egg 2","Mercury Hourglass","Empty Cage"],"acts_visited":["Exordium","TheCity"],"potions_floor_usage":[],"damage_taken":[{"damage":0,"enemies":"2 Louse","floor":1,"turns":4},{"damage":0,"enemies":"Small Slimes","floor":2,"turns":4},{"damage":0,"enemies":"Cultist","floor":4,"turns":7},{"damage":0,"enemies":"Large Slime","floor":5,"turns":8},{"damage":0,"enemies":"Lagavulin","floor":6,"turns":7},{"damage":0,"enemies":"Exordium Wildlife","floor":8,"turns":6},{"damage":0,"enemies":"Looter","floor":13,"turns":4},{"damage":1,"enemies":"The Guardian","floor":16,"turns":9},{"damage":0,"enemies":"Shell Parasite","floor":18,"turns":6}],"seed_played":"305377720665961532","potions_obtained":[{"floor":4,"key":"LiquidBronze"},{"floor":13,"key":"Adrenaline Potion"},{"floor":16,"key":"Adrenaline Potion"}],"is_trial":false,"path_per_floor":["M","M","?","M","M","E","R","M","T","$","?","?","M","?","R","B",null,"M"],"character_chosen":"GREMLIN","items_purchased":["MerchantsRug","Gremlin:GlitterGuard","Toxic Egg 2","Gremlin:GlitterGuard+1","Gremlin:Scatter+1","StuffTheSpire:BottledEssence","Gremlin:EdibleArmor+1","Molten Egg 2","Gremlin:GlitterGuard+1","BargainBundle","Gremlin:GlitterGuard+1","Gremlin:GremlinToss+1","Replay:Wax Seal","Replay:Baseball"],"campfire_rested":0,"item_purchase_floors":[0,0,0,0,0,0,0,0,0,0,0,0,10,10],"current_hp_per_floor":[20,20,20,20,20,20,20,20,20,20,20,20,20,20,20,19,20,20,20],"gold":179,"neow_bonus":"","is_daily":false,"chose_seed":false,"campfire_upgraded":1,"win_rate":0.0,"timestamp":1610985568,"path_taken":["M","M","?","M","M","E","R","M","T","$","?","?","M","?","R","BOSS","M"],"items_purchased_type":["Relic","Card","Relic","Card","Card","Relic","Card","Relic","Card","Relic","Card","Card","Relic","Relic"],"build_version":"2020-12-22","purchased_purges":1,"victory":false,"max_hp_per_floor":[20,20,20,20,20,20,20,20,20,20,20,20,20,20,20,20,20,20,20],"card_choices":[{"not_picked":["Gremlin:Flurry+1","Gremlin:DaggerDance+1","Gremlin:PourSalt+1"],"picked":"SKIP","floor":1},{"not_picked":["Gremlin:Scatter+1","Gremlin:BurlyBlow+1","Gremlin:MakeshiftArmor"],"picked":"SKIP","floor":2},{"not_picked":["Gremlin:Irritability+1","Gremlin:Pretaliation+1","Gremlin:CatScratch+1"],"picked":"SKIP","floor":4},{"not_picked":["Gremlin:Dazzle+1","Gremlin:DaggerDance+1","Gremlin:Changeo+1"],"picked":"SKIP","floor":5},{"not_picked":["Gremlin:Mockery+1","Gremlin:BulkUp+1","Gremlin:Whiz+1"],"picked":"SKIP","floor":6},{"not_picked":["Gremlin:DaggerDance+1","Gremlin:InfiniteBlocks"],"picked":"Gremlin:BubbleBarrier+1","floor":8},{"not_picked":["Gremlin:CatScratch+1","Gremlin:Pretaliation+1","Gremlin:BurlyBlow+1"],"picked":"SKIP","floor":13}],"player_experience":252710,"relics_obtained":[{"floor":6,"key":"StuffTheSpire:Tea"},{"floor":9,"key":"Grinning Jar"},{"floor":15,"key":"Mercury Hourglass"}],"event_choices":[{"damage_healed":0,"gold_gain":0,"player_choice":"Agree","damage_taken":0,"max_hp_gain":0,"max_hp_loss":0,"event_name":"conspire:LoneGhost","floor":11,"gold_loss":0}],"is_beta":false,"boss_relics":[{"not_picked":["ChewingGum","Painkiller Herb"],"picked":"Empty Cage"}],"items_purged_floors":[0],"is_endless":false,"potions_floor_spawned":[4,13,16],"killed_by":"Shell Parasite","ascension_level":0}}