{"host":"4kbqeuw4a1wt9r2z","time":1610972775,"event":{"mods":["Act Like it!","Aspiration","Astrologer","Bard","BaseMod","Chen","Conspire","Downfall","Duelist Mod","Gensokyo","GifTheSpireLib","Googly Eyes","Hallownest","Hermit","Hubris","Koishi","Marisa????????","Minty Spire (QoL Compilation)","Reimu??????","SOS???????","StSLib","The Administrix","The Bug Knight","The Construct","The Cursed","The Disciple","The Forsaken","The Gatherer","The Hierophant","The Necromancer","The Runesmith","The Senshi","The Servant 0.9.4","The Wild Card"],"gold_per_floor":[99,112,128,128,32,43,43,77,77,111,120,131,31,36,36,16,16],"floor_reached":16,"language":"ENG","playtime":923,"items_purged":[],"score":112,"play_id":"b17d4a6a-61a2-457d-b3b6-183a43a2c88d","local_time":"20210118152615","is_ascension_mode":false,"campfire_choices":[{"data":"hexamod:Sear","floor":1,"key":"SMITH"},{"floor":13,"key":"RECALL"}],"circlet_count":0,"master_deck":["hexamod:Strike","hexamod:Strike","hexamod:Strike","hexamod:Strike","hexamod:Defend","hexamod:Defend","hexamod:Defend","hexamod:Defend","hexamod:Sear+1","hexamod:Float","hexamod:SwordOfDarkness","hexamod:ExtraCrispy+1","hexamod:SoulSteal","hexamod:ExtraCrispy","hexamod:WildfireWeapon","hexamod:Hexaguard","Injury","hexamod:PhantomCloak","Poor:ReiMu","hexamod:NightmareStrike","hexamod:PhantomCloak"],"relics":["hexamod:SpiritBrand","Vajra","construct:FoamFinger","Akabeko","Toxic Egg 2","CeramicFish","YidongShenshe:ReiMu","downfall:HeartBlessingGreen"],"acts_visited":["Exordium"],"potions_floor_usage":[8],"damage_taken":[{"damage":1,"enemies":"Jaw Worm","floor":2,"turns":3},{"damage":0,"enemies":"Cultist","floor":3,"turns":3},{"damage":0,"enemies":"downfall:FleeingMerchant","floor":5,"turns":4},{"damage":3,"enemies":"Small Slimes","floor":6,"turns":3},{"damage":9,"enemies":"Gremlin Nob","floor":8,"turns":3},{"damage":33,"enemies":"3 Sentries","floor":10,"turns":12},{"damage":0,"enemies":"2 Fungi Beasts","floor":12,"turns":3},{"damage":6,"enemies":"3 Louse","floor":14,"turns":3},{"damage":13,"enemies":"Large Slime","floor":15,"turns":5},{"damage":9,"enemies":"SI_SHIV_ARCHETYPE","floor":16,"turns":7}],"seed_played":"4251233088167994386","potions_obtained":[{"floor":3,"key":"LiquidMemories"},{"floor":10,"key":"hexamod:DoubleChargePotion"},{"floor":12,"key":"SteroidPotion"},{"floor":14,"key":"hexamod:EctoCoolerPotion"}],"is_trial":false,"path_per_floor":["R","M","M","?","$","M","T","E","?","E","?","M","R","M","M","B"],"character_chosen":"THE_SPIRIT","items_purchased":["hexamod:ExtraCrispy"],"campfire_rested":0,"item_purchase_floors":[5],"current_hp_per_floor":[70,69,69,69,69,66,66,57,57,24,24,24,24,18,5,0,0],"gold":16,"neow_bonus":"RANDOM_COMMON_RELIC","is_daily":false,"chose_seed":false,"campfire_upgraded":1,"win_rate":0.0,"timestamp":1610972775,"path_taken":["R","M","M","?","?","M","T","E","?","E","?","M","R","M","M","BOSS"],"items_purchased_type":["Card"],"build_version":"2020-12-22","purchased_purges":0,"victory":false,"max_hp_per_floor":[70,70,70,70,70,70,70,70,70,70,70,70,70,70,70,70,70],"card_choices":[{"not_picked":["hexamod:FlamesFromBeyond","hexamod:BurningTouch"],"picked":"hexamod:SwordOfDarkness","floor":2},{"not_picked":["hexamod:Again","hexamod:GhostLash"],"picked":"hexamod:ExtraCrispy","floor":3},{"not_picked":["hexamod:AdvancingGuard","hexamod:DynamicBlow"],"picked":"hexamod:SoulSteal","floor":5},{"not_picked":["hexamod:SpectersWail","hexamod:EtherealExpedition"],"picked":"hexamod:WildfireWeapon","floor":6},{"not_picked":["hexamod:GhostflameBarrier","hexamod:GhostLash"],"picked":"hexamod:Hexaguard","floor":8},{"not_picked":["hexamod:GiftsFromTheDead","hexamod:FastForward+1"],"picked":"hexamod:PhantomCloak","floor":10},{"not_picked":["hexamod:Again+1","hexamod:SpectralAdrenaline+1","hexamod:GhostLash"],"picked":"SKIP","floor":12},{"not_picked":["hexamod:RecurringNightmare+1","hexamod:GhostShield+1"],"picked":"hexamod:NightmareStrike","floor":14},{"not_picked":["hexamod:RainOfEmbers","hexamod:NecessarySacrifice+1"],"picked":"hexamod:PhantomCloak","floor":15}],"player_experience":553480,"relics_obtained":[{"floor":7,"key":"construct:FoamFinger"},{"floor":8,"key":"Akabeko"},{"floor":10,"key":"CeramicFish"}],"event_choices":[{"damage_healed":0,"gold_gain":0,"player_choice":"Forge","damage_taken":0,"max_hp_gain":0,"max_hp_loss":0,"event_name":"Accursed Blacksmith","floor":4,"gold_loss":0,"cards_upgraded":["hexamod:ExtraCrispy"]},{"damage_healed":0,"gold_gain":0,"player_choice":"Take Tiny Shrine away","damage_taken":0,"relics_obtained":["YidongShenshe:ReiMu"],"max_hp_gain":0,"max_hp_loss":0,"event_name":"yidonshenshe","floor":11,"gold_loss":0,"cards_obtained":["Poor:ReiMu"]}],"is_beta":false,"boss_relics":[],"items_purged_floors":[],"is_endless":false,"potions_floor_spawned":[3,10,12,14,15],"killed_by":"SI_SHIV_ARCHETYPE","ascension_level":0}}