{"host":"wnty67d4nhrob9mt","time":1610942993,"event":{"mods":["BaseMod","Block Reminder","Infinite Spire","Minty Spire (QoL Compilation)","Permanent Neow","Quick Restart","Relic Stats","Replay The Spire","StSLib","The Jungle"],"gold_per_floor":[117,137,12,28,28,63,63,88,138,138,148,167,192,205,205,310,310,321,28,41,55,67,99,113,138,161,179,213,213,229,229,229,330,330,345,345,271,288,299,328,328,358,358,391,411,411,431,442,442,442,442],"floor_reached":50,"language":"TUR","playtime":3861,"items_purged":[],"score":646,"play_id":"658e2d3d-f64b-4d69-ab79-02c49c8143af","local_time":"20210118070953","is_ascension_mode":true,"campfire_choices":[{"floor":15,"key":"REST"},{"data":"Armaments","floor":32,"key":"SMITH"},{"data":"infinitespire:Gouge","floor":41,"key":"SMITH"},{"data":"Berserk","floor":46,"key":"SMITH"},{"floor":49,"key":"REST"}],"circlet_count":0,"master_deck":["Strike_R","Strike_R","Strike_R","Strike_R","Strike_R","Defend_R","Defend_R","Defend_R","Defend_R","Bash","Replay:Undeath\u0027s Touch","Shockwave","Fire Breathing","Shrug It Off","ReplayTheSpireMod:Strike From Hell","infinitespire:Gouge+1","Flex","Feed","Cleave","Dropkick","Juggernaut","Replay:Undeath\u0027s Touch","Replay:Many Hands","Armaments+1","Ghostly Armor","True Grit+1","Iron Wave","Fire Breathing+1","Perfected Strike","Shrug It Off+1","Berserk+1","Perfected Strike+1","Wild Strike","Sentinel+1","Barricade","Iron Wave+1","Life Link","Inflame+1","Dual Wield","Twin Strike","Replay:Undeath\u0027s Touch","Spot Weakness+1","ReplayTheSpireMod:Limb From Limb+1","Entrench+1","Dropkick"],"relics":["Replay:Bronze Core","Strawberry","Snack Pack","Replay:Rubber Ducky","Singing Bowl","Bronze Scales","Painkiller Herb","Shuriken","ReplayTheSpireMod:Shallot","Ginger","Nunchaku","StrikeDummy","infinitespire:Burning Sword","Mirror","infinitespire:BottledMercury","Replay:WaspNest","Smiling Mask"],"acts_visited":["Exordium","TheCity","TheBeyond"],"potions_floor_usage":[13,16,23,28,42,50,50,50],"damage_taken":[{"damage":0,"enemies":"Small Slimes","floor":1,"turns":3},{"damage":3,"enemies":"2 Louse","floor":2,"turns":3},{"damage":11,"enemies":"Jaw Worm","floor":4,"turns":2},{"damage":10,"enemies":"Gremlin Nob","floor":6,"turns":4},{"damage":18,"enemies":"Lagavulin","floor":8,"turns":6},{"damage":8,"enemies":"Exordium Wildlife","floor":11,"turns":3},{"damage":5,"enemies":"3 Louse","floor":12,"turns":2},{"damage":11,"enemies":"3 Sentries","floor":13,"turns":4},{"damage":7,"enemies":"Looter","floor":14,"turns":2},{"damage":18,"enemies":"Slime Boss","floor":16,"turns":5},{"damage":5,"enemies":"3 Byrds","floor":18,"turns":3},{"damage":0,"enemies":"Chosen","floor":20,"turns":4},{"damage":11,"enemies":"Snake Plant","floor":21,"turns":3},{"damage":11,"enemies":"Chosen and Byrds","floor":22,"turns":6},{"damage":9,"enemies":"Book of Stabbing","floor":23,"turns":5},{"damage":0,"enemies":"Snecko","floor":24,"turns":4},{"damage":0,"enemies":"Gremlin Leader","floor":25,"turns":7},{"damage":0,"enemies":"Cultist and Chosen","floor":27,"turns":3},{"damage":9,"enemies":"Slavers","floor":28,"turns":4},{"damage":7,"enemies":"Centurion and Healer","floor":30,"turns":3},{"damage":42,"enemies":"Automaton","floor":33,"turns":7},{"damage":6,"enemies":"3 Darklings","floor":35,"turns":5},{"damage":0,"enemies":"Orb Walker","floor":38,"turns":3},{"damage":0,"enemies":"4 Shapes","floor":39,"turns":4},{"damage":29,"enemies":"Nightmare","floor":40,"turns":5},{"damage":17,"enemies":"Nemesis","floor":42,"turns":5},{"damage":27,"enemies":"Reptomancer","floor":44,"turns":4},{"damage":0,"enemies":"3 Darklings","floor":45,"turns":5},{"damage":1,"enemies":"Spire Growth","floor":47,"turns":3},{"damage":0,"enemies":"Sphere and 2 Shapes","floor":48,"turns":4},{"damage":107,"enemies":"Awakened One","floor":50,"turns":8}],"seed_played":"-9061140848090194392","potions_obtained":[{"floor":1,"key":"Dexterity Potion"},{"floor":11,"key":"SteroidPotion"},{"floor":12,"key":"SmokeBomb"},{"floor":14,"key":"Weak Potion"},{"floor":20,"key":"Block Potion"},{"floor":22,"key":"Dexterity Potion"},{"floor":24,"key":"ColorlessPotion"},{"floor":27,"key":"infinitespire:BlackPotion"},{"floor":28,"key":"Swift Potion"},{"floor":33,"key":"Weak Potion"},{"floor":42,"key":"Adrenaline Potion"}],"is_trial":false,"path_per_floor":["M","M","$","M","?","E","?","E","T","T","M","M","E","M","R","B",null,"?","T","?","?","?","E","?","E","T","?","E","?","?","?","T","B",null,"?","?","T","?","?","NM","T","E","T","E","?","T","?","?","T","B"],"character_chosen":"IRONCLAD","items_purchased":["Fire Breathing","Shrug It Off","Shuriken","Ghostly Armor","Life Link"],"campfire_rested":2,"item_purchase_floors":[3,3,19,19,37],"current_hp_per_floor":[80,77,77,66,47,44,49,31,31,31,30,32,25,22,51,39,98,96,96,100,92,85,80,84,90,90,96,96,96,95,95,95,61,104,102,102,102,104,107,78,78,65,65,40,46,46,51,57,89,0,0],"gold":442,"neow_bonus":"BOSS_RELIC","is_daily":false,"chose_seed":false,"campfire_upgraded":3,"win_rate":0.0,"timestamp":1610942993,"path_taken":["M","M","$","M","?","E","?","E","T","?","M","M","E","M","R","BOSS","?","T","?","?","?","E","?","E","T","?","E","?","?","?","T","BOSS","?","?","T","?","?","NM","T","E","T","E","?","T","?","?","T","BOSS"],"items_purchased_type":["Card","Card","Relic","Card","Card"],"build_version":"2020-12-22","purchased_purges":0,"victory":false,"max_hp_per_floor":[80,80,80,80,80,87,92,92,92,92,95,98,98,98,98,98,98,101,101,101,101,101,101,101,101,101,101,104,104,104,104,104,104,104,104,104,104,104,107,107,107,107,107,107,107,107,107,107,107,107,107],"relic_stats":{"Nunchaku":[16],"Singing Bowl":0,"counters":[31,129],"Shuriken":[49],"Bronze Scales":[306],"Ginger":[1],"Smiling Mask":0,"obtain_stats":[{"infinitespire:BottledMercury":42,"Singing Bowl":10,"Painkiller Herb":17,"Replay:WaspNest":43,"Ginger":25,"Smiling Mask":44,"Burning Blood":0,"Replay:Rubber Ducky":9,"Nunchaku":26,"ReplayTheSpireMod:Shallot":23,"Shuriken":19,"Replay:Bronze Core":0,"Strawberry":6,"Bronze Scales":13,"Snack Pack":8,"infinitespire:Burning Sword":34,"StrikeDummy":28,"Mirror":40},{"infinitespire:BottledMercury":26,"Singing Bowl":5,"Painkiller Herb":10,"Replay:WaspNest":26,"Ginger":17,"Smiling Mask":27,"Burning Blood":0,"Replay:Rubber Ducky":5,"Nunchaku":17,"ReplayTheSpireMod:Shallot":15,"Shuriken":11,"Replay:Bronze Core":0,"Strawberry":4,"Bronze Scales":8,"Snack Pack":5,"infinitespire:Burning Sword":21,"StrikeDummy":19,"Mirror":25},{"infinitespire:BottledMercury":105,"Singing Bowl":18,"Painkiller Herb":34,"Replay:WaspNest":105,"Ginger":66,"Smiling Mask":109,"Burning Blood":0,"Replay:Rubber Ducky":18,"Nunchaku":66,"ReplayTheSpireMod:Shallot":55,"Shuriken":37,"Replay:Bronze Core":0,"Strawberry":12,"Bronze Scales":27,"Snack Pack":18,"infinitespire:Burning Sword":83,"StrikeDummy":73,"Mirror":100}]},"card_choices":[{"not_picked":["Run Through","Life Link"],"picked":"Replay:Undeath\u0027s Touch","floor":1},{"not_picked":["Flex","Sentinel"],"picked":"Shockwave","floor":2},{"not_picked":["Reckless Charge","Hemokinesis"],"picked":"ReplayTheSpireMod:Strike From Hell","floor":4},{"not_picked":["infinitespire:Punishment","infinitespire:Starlight"],"picked":"infinitespire:Gouge","floor":5},{"not_picked":["Clothesline","Shockwave"],"picked":"Flex","floor":6},{"not_picked":["Pummel","Sword Boomerang"],"picked":"Feed","floor":8},{"not_picked":["Body Slam","ReplayTheSpireMod:Strike From Hell"],"picked":"Cleave","floor":11},{"not_picked":["True Grit","Body Slam"],"picked":"Dropkick","floor":12},{"not_picked":["Perfected Strike","Wild Strike"],"picked":"Juggernaut","floor":13},{"not_picked":["Headbutt","Clothesline"],"picked":"Replay:Undeath\u0027s Touch","floor":14},{"not_picked":["Brutality","Offering"],"picked":"Replay:Many Hands","floor":16},{"not_picked":["Pommel Strike","ReplayTheSpireMod:Stacked"],"picked":"Armaments","floor":18},{"not_picked":["Warcry","ReplayTheSpireMod:Strike From Hell"],"picked":"True Grit+1","floor":20},{"not_picked":["Sword Boomerang","Cleave"],"picked":"Iron Wave","floor":21},{"not_picked":["Armaments","Body Slam"],"picked":"Fire Breathing+1","floor":22},{"not_picked":["Exhume","Thunderclap"],"picked":"Perfected Strike","floor":23},{"not_picked":["Reckless Charge","Sword Boomerang"],"picked":"Shrug It Off+1","floor":24},{"not_picked":["infinitespire:OneForAll","Twin Strike"],"picked":"Berserk","floor":25},{"not_picked":["True Grit","Body Slam+1"],"picked":"Perfected Strike+1","floor":27},{"not_picked":["Reckless Charge+1","Cleave"],"picked":"Wild Strike","floor":28},{"not_picked":["Run Through","Armaments"],"picked":"Sentinel+1","floor":30},{"not_picked":["Bludgeon","Corruption"],"picked":"Barricade","floor":33},{"not_picked":["Uppercut+1","Thunderclap"],"picked":"Iron Wave+1","floor":35},{"not_picked":["Flex","ReplayTheSpireMod:Corrosion Curse"],"picked":"Inflame+1","floor":38},{"not_picked":["Wild Strike+1","Armaments+1"],"picked":"Dual Wield","floor":39},{"not_picked":["Armaments","Massacre+1"],"picked":"Twin Strike","floor":40},{"not_picked":["ReplayTheSpireMod:Strike From Hell","Thunderclap"],"picked":"Replay:Undeath\u0027s Touch","floor":42},{"not_picked":["Perfected Strike","ReplayTheSpireMod:Strike From Hell"],"picked":"Spot Weakness+1","floor":44},{"not_picked":["ReplayTheSpireMod:Muscle Training","Warcry+1"],"picked":"ReplayTheSpireMod:Limb From Limb+1","floor":45},{"not_picked":["Ghostly Armor","Infernal Blade"],"picked":"Entrench+1","floor":47},{"not_picked":["Battle Trance","Barricade"],"picked":"Dropkick","floor":48}],"player_experience":187542,"relics_obtained":[{"floor":6,"key":"Strawberry"},{"floor":8,"key":"Snack Pack"},{"floor":9,"key":"Replay:Rubber Ducky"},{"floor":10,"key":"Singing Bowl"},{"floor":13,"key":"Bronze Scales"},{"floor":23,"key":"ReplayTheSpireMod:Shallot"},{"floor":25,"key":"Ginger"},{"floor":26,"key":"Nunchaku"},{"floor":28,"key":"StrikeDummy"},{"floor":40,"key":"Mirror"},{"floor":42,"key":"infinitespire:BottledMercury"},{"floor":43,"key":"Replay:WaspNest"},{"floor":44,"key":"Smiling Mask"}],"event_choices":[{"damage_healed":0,"gold_gain":0,"player_choice":"Donut","damage_taken":0,"max_hp_gain":5,"max_hp_loss":0,"event_name":"Big Fish","floor":7,"gold_loss":0},{"damage_healed":0,"gold_gain":0,"player_choice":"Ignored","damage_taken":0,"max_hp_gain":0,"max_hp_loss":0,"event_name":"Ghosts","floor":29,"gold_loss":0},{"damage_healed":0,"gold_gain":0,"player_choice":"Ignored","damage_taken":0,"max_hp_gain":0,"max_hp_loss":0,"event_name":"NoteForYourself","floor":36,"gold_loss":0}],"is_beta":false,"boss_relics":[{"not_picked":["Tiny House","Runic Pyramid"],"picked":"Painkiller Herb"},{"not_picked":["Replay:Wanted Poster","Kintsugi"],"picked":"infinitespire:Burning Sword"}],"items_purged_floors":[],"is_endless":true,"potions_floor_spawned":[1,11,12,14,20,22,24,27,28,33,35,40,42,44,47,48],"killed_by":"Awakened One","ascension_level":1}}