{"host":"9tdk3zzhmpo6o3dg","time":1610962257,"event":{"mods":["AchievementEnabler","BaseMod","Downfall","Hermit","Koishi","Marisa（F雨　魔理沙）","Minty Spire (QoL Compilation)","SOS（斯巴达之子）","Shop Mod","StSLib","The Alterego","The Animator","The Cursed","The Hierophant","The Marked","The Servant 0.9.4","WarShipGirlsR/战舰少女R mod","Yuri Mod"],"gold_per_floor":[110,129,579,593,609,626,677,143,243,243,257,357,357,373,373,373,373,373],"floor_reached":16,"language":"ZHS","playtime":1360,"items_purged":["downfall:Icky"],"score":94,"play_id":"c17d6919-d7bb-47f9-b995-e7e04eb1a2f5","local_time":"20210118173057","is_ascension_mode":false,"campfire_choices":[{"data":"downfall:Icky","floor":10,"key":"PURGE"},{"floor":13,"key":"REST"},{"data":"champ:StanceDance","floor":15,"key":"SMITH"}],"circlet_count":0,"master_deck":["champ:Strike","champ:Strike","champ:Strike","champ:Defend","champ:Defend","champ:Defend","champ:Defend","champ:Execute","champ:Taunt+1","champ:DeathBlow","champ:EnGarde","champ:StanceDance+1","champ:AdrenalArmor","champ:TripleStrike","champ:EnGarde","champ:FocusedBerserking","champ:BerserkersShout","champ:EndlessRage","champ:GutPunch","champ:Lariat","champ:FancyFootwork","champ:HeavySlash","champ:Duel"],"relics":["champ:ChampionCrown","MawBank","Peace Pipe","WristBlade"],"acts_visited":["Exordium"],"potions_floor_usage":[9,12,12,16],"damage_taken":[{"damage":10,"enemies":"Small Slimes","floor":1,"turns":3},{"damage":21,"enemies":"Jaw Worm","floor":2,"turns":4},{"damage":10,"enemies":"2 Louse","floor":4,"turns":3},{"damage":32,"enemies":"Blue Slaver","floor":5,"turns":4},{"damage":10,"enemies":"Lots of Slimes","floor":6,"turns":2},{"damage":15,"enemies":"downfall:FleeingMerchant","floor":8,"turns":4},{"damage":90,"enemies":"downfall:FleeingMerchant","floor":9,"turns":7},{"damage":32,"enemies":"Blue Slaver","floor":11,"turns":4},{"damage":34,"enemies":"downfall:Heads","floor":12,"turns":4},{"damage":61,"enemies":"Large Slime","floor":14,"turns":5},{"damage":92,"enemies":"DF_ARCHETYPE_STREAMLINE","floor":16,"turns":6}],"seed_played":"3040107555144158573","potions_obtained":[{"floor":2,"key":"Fire Potion"},{"floor":4,"key":"bronze:BurnAndBuffPotion"},{"floor":5,"key":"ColorlessPotion"},{"floor":11,"key":"Explosive Potion"},{"floor":12,"key":"SkillPotion"}],"is_trial":false,"path_per_floor":["M","M","?","M","M","M","T","$","?","R","M","?","R","M","R","B"],"character_chosen":"THE_CHAMP","items_purchased":["champ:FocusedBerserking","champ:BerserkersShout","champ:EndlessRage","Peace Pipe"],"campfire_rested":1,"item_purchase_floors":[8,8,8,8],"current_hp_per_floor":[99,98,98,98,91,91,91,91,48,48,46,22,51,40,40,0,0,0],"gold":373,"neow_bonus":"TEN_PERCENT_HP_BONUS","is_daily":false,"chose_seed":false,"campfire_upgraded":1,"win_rate":0.0,"timestamp":1610962257,"path_taken":["M","M","?","M","M","M","T","$","?","R","M","?","R","M","R","BOSS"],"items_purchased_type":["Card","Card","Card","Relic"],"build_version":"2020-12-22","purchased_purges":1,"victory":false,"max_hp_per_floor":[99,99,99,99,99,99,99,99,99,99,99,99,99,99,99,99,99,99],"card_choices":[{"not_picked":["champ:Haymaker","champ:Parry"],"picked":"champ:DeathBlow","floor":1},{"not_picked":["champ:TornadoPunch","champ:EnragedBash"],"picked":"champ:EnGarde","floor":2},{"not_picked":["champ:FalseCounter","champ:Parry"],"picked":"champ:StanceDance","floor":4},{"not_picked":["champ:GladiatorStyle","champ:Encircle"],"picked":"champ:AdrenalArmor","floor":5},{"not_picked":["champ:StanceDance","champ:FlashCut"],"picked":"champ:TripleStrike","floor":6},{"not_picked":["champ:EndlessRage","champ:CrookedStrike"],"picked":"champ:EnGarde","floor":8},{"not_picked":["champ:RecklessLeap","champ:StanceDance"],"picked":"champ:GutPunch","floor":9},{"not_picked":["champ:DeathBlow","champ:ShieldSlam"],"picked":"champ:Lariat","floor":11},{"not_picked":["champ:EnGarde","champ:StanceDance"],"picked":"champ:FancyFootwork","floor":12},{"not_picked":["champ:BringItOn","champ:FlashCut"],"picked":"champ:Duel","floor":14}],"player_experience":185599,"relics_obtained":[{"floor":7,"key":"MawBank"},{"floor":9,"key":"WristBlade"}],"event_choices":[],"is_beta":false,"boss_relics":[],"items_purged_floors":[8],"is_endless":false,"potions_floor_spawned":[2,4,5,11,12],"killed_by":"DF_ARCHETYPE_STREAMLINE","ascension_level":0}}