{"host":"1a3cjta80tad0aqj","time":1610956418,"event":{"mods":["2.2 Compatiblity","AchievementEnabler","BaseMod","Colored Map","DeckTracker","KOR Keyword Fix","Keyboard Shortcuts","Minty Spire (QoL Compilation)","Permanent Neow","Quick Restart","Random Character Button","StSLib","SuperFastMode","everything is the same but u backflip on backflip"],"gold_per_floor":[214,214,229,248,263,263,296,296,319,339,339,339,353,353,353,425,425,438,470,470,520,533,533,550,550,550,121,148,148,63,13,13,13,13],"floor_reached":33,"language":"KOR","playtime":836,"items_purged":[],"score":548,"play_id":"f48ccae3-6a41-4fd0-aa64-fd2d18785982","local_time":"20210118165338","is_ascension_mode":true,"campfire_choices":[{"data":"Eruption","floor":6.0,"key":"SMITH"},{"floor":8.0,"key":"REST"},{"data":"BowlingBash","floor":15.0,"key":"SMITH"},{"data":"Halt","floor":23.0,"key":"SMITH"},{"floor":25.0,"key":"REST"},{"floor":29.0,"key":"REST"},{"data":"FearNoEvil","floor":32.0,"key":"SMITH"}],"circlet_count":0,"master_deck":["AscendersBane","Strike_P+1","Strike_P","Strike_P","Strike_P+1","Defend_P","Defend_P","Defend_P","Eruption+1","Vigilance","BowlingBash+1","Tantrum","SashWhip","EmptyBody","Halt+1","FollowUp","Consecrate+1","FearNoEvil+1","ClearTheMind+1","Conclude+1"],"relics":["PureWater","Bag of Preparation","Whetstone","Boot","SlaversCollar","Red Mask","Toxic Egg 2","Happy Flower","Medical Kit","Vajra","Dream Catcher"],"acts_visited":["Exordium","TheCity"],"potions_floor_usage":[33,33],"damage_taken":[{"damage":0.0,"enemies":"2 Louse","floor":1.0,"turns":3.0},{"damage":7.0,"enemies":"Jaw Worm","floor":3.0,"turns":3.0},{"damage":14.0,"enemies":"Small Slimes","floor":4.0,"turns":4.0},{"damage":20.0,"enemies":"Looter","floor":5.0,"turns":3.0},{"damage":2.0,"enemies":"Gremlin Nob","floor":7.0,"turns":3.0},{"damage":0.0,"enemies":"2 Fungi Beasts","floor":10.0,"turns":2.0},{"damage":0.0,"enemies":"Large Slime","floor":13.0,"turns":3.0},{"damage":0.0,"enemies":"Slime Boss","floor":16.0,"turns":4.0},{"damage":0.0,"enemies":"3 Byrds","floor":18.0,"turns":3.0},{"damage":0.0,"enemies":"Masked Bandits","floor":19.0,"turns":2.0},{"damage":0.0,"enemies":"Shell Parasite","floor":22.0,"turns":3.0},{"damage":0.0,"enemies":"Snake Plant","floor":24.0,"turns":2.0},{"damage":21.0,"enemies":"Slavers","floor":28.0,"turns":5.0},{"damage":93,"enemies":"Collector","floor":33,"turns":7}],"seed_played":"3989739261349740988","potions_obtained":[{"floor":3.0,"key":"Energy Potion"},{"floor":4.0,"key":"Weak Potion"},{"floor":5.0,"key":"Explosive Potion"},{"floor":16.0,"key":"ColorlessPotion"},{"floor":24.0,"key":"LiquidBronze"}],"is_trial":false,"path_per_floor":["M","?","M","M","M","R","E","R","T","M","?","?","M","T","R","B",null,"M","?","?","?","M","R","M","R","T","$","E","R","?","$","R","B"],"character_chosen":"WATCHER","items_purchased":["Happy Flower","FearNoEvil","ClearTheMind+1","Medical Kit","BlessingOfTheForge"],"campfire_rested":3,"item_purchase_floors":[27,27,27,27,31],"current_hp_per_floor":[61,61,54,40,20,20,18,38,38,38,31,31,31,31,31,31,59,59,59,40,40,40,40,40,61,61,61,40,61,61,61,61,0,0],"gold":13,"neow_bonus":"HUNDRED_GOLD","is_daily":false,"chose_seed":false,"campfire_upgraded":4,"win_rate":0.0,"timestamp":1610956418,"path_taken":["M","?","M","M","M","R","E","R","T","M","?","?","M","?","R","BOSS","M","?","?","?","?","R","M","R","T","$","E","R","?","?","R","BOSS"],"items_purchased_type":["Relic","Card","Card","Relic","Potion"],"build_version":"2020-12-22","purchased_purges":0,"victory":false,"max_hp_per_floor":[68,68,68,68,68,68,68,68,68,68,68,68,68,68,68,68,68,68,68,73,73,73,73,73,73,73,73,73,73,73,73,73,73,73],"card_choices":[{"not_picked":["LikeWater","SandsOfTime"],"picked":"BowlingBash","floor":1.0},{"not_picked":["Study","Evaluate"],"picked":"Tantrum","floor":3.0},{"not_picked":["EmptyBody","CrushJoints"],"picked":"SashWhip","floor":4.0},{"not_picked":["WaveOfTheHand","Indignation"],"picked":"EmptyBody","floor":5.0},{"not_picked":["Evaluate","Crescendo"],"picked":"Halt","floor":7.0},{"not_picked":["Indignation","EmptyBody"],"picked":"FollowUp","floor":10.0},{"not_picked":["SandsOfTime","Weave","ThirdEye"],"picked":"SKIP","floor":13.0},{"not_picked":["CrushJoints","Protect","ThirdEye"],"picked":"SKIP","floor":18.0},{"not_picked":["Crescendo","BowlingBash"],"picked":"Consecrate+1","floor":22.0},{"not_picked":["PathToVictory","BowlingBash","Tantrum"],"picked":"SKIP","floor":24.0},{"not_picked":["WheelKick","CutThroughFate"],"picked":"Conclude+1","floor":28.0}],"player_experience":738681,"relics_obtained":[{"floor":7.0,"key":"Bag of Preparation"},{"floor":9.0,"key":"Whetstone"},{"floor":14.0,"key":"Boot"},{"floor":19.0,"key":"Red Mask"},{"floor":26.0,"key":"Toxic Egg 2"},{"floor":28.0,"key":"Vajra"}],"event_choices":[{"damage_healed":0.0,"max_hp_gain":0.0,"max_hp_loss":0.0,"gold_gain":0.0,"event_name":"Scrap Ooze","player_choice":"Fled","floor":2.0,"gold_loss":0.0,"damage_taken":0.0},{"cards_removed":["Defend_P"],"damage_healed":0.0,"max_hp_gain":0.0,"max_hp_loss":0.0,"gold_gain":0.0,"event_name":"Golden Wing","player_choice":"Card Removal","floor":11.0,"gold_loss":0.0,"damage_taken":7.0},{"damage_healed":0.0,"max_hp_gain":0.0,"max_hp_loss":0.0,"gold_gain":0.0,"event_name":"Liars Game","player_choice":"Ignored","floor":12.0,"gold_loss":0.0,"damage_taken":0.0},{"damage_healed":0.0,"max_hp_gain":0.0,"max_hp_loss":0.0,"gold_gain":0.0,"event_name":"Masked Bandits","player_choice":"Fought Bandits","floor":19.0,"gold_loss":0.0,"damage_taken":0.0},{"damage_healed":0.0,"max_hp_gain":5.0,"max_hp_loss":0.0,"gold_gain":0.0,"event_name":"Forgotten Altar","player_choice":"Shed Blood","floor":20.0,"gold_loss":0.0,"damage_taken":24.0},{"damage_healed":0.0,"max_hp_gain":0.0,"max_hp_loss":0.0,"gold_gain":50.0,"event_name":"Golden Shrine","player_choice":"Pray","floor":21.0,"gold_loss":0.0,"damage_taken":0.0},{"damage_healed":0.0,"max_hp_gain":0.0,"max_hp_loss":0.0,"gold_gain":0.0,"event_name":"Addict","player_choice":"Obtained Relic","floor":30.0,"gold_loss":85.0,"damage_taken":0.0,"relics_obtained":["Dream Catcher"]}],"is_beta":false,"boss_relics":[{"not_picked":["Runic Dome","Busted Crown"],"picked":"SlaversCollar"}],"items_purged_floors":[],"is_endless":false,"potions_floor_spawned":[3,4,5,7,16,24],"killed_by":"Collector","ascension_level":15}}