{"host":"mai03x2ekbjy4059","time":1610973179,"event":{"mods":["2.2 Compatiblity","BaseMod","DeckTracker","Keyboard Shortcuts","Minty Spire (QoL Compilation)","Permanent Neow","Quick Restart","SuperFastMode","everything is the same but u backflip on backflip"],"gold_per_floor":[110,110,126,53,73,108,108,143,143,143,162,182,209,242,242,338,338,363,374,12,25,39,39,39],"floor_reached":23,"language":"KOR","playtime":832,"items_purged":["Writhe"],"score":226,"play_id":"5bae6798-6d22-410b-a8fe-ce356f806b14","local_time":"20210118213259","is_ascension_mode":true,"campfire_choices":[{"data":"Cloak And Dagger","floor":7.0,"key":"SMITH"},{"data":"Footwork","floor":10.0,"key":"SMITH"},{"data":"Neutralize","floor":15.0,"key":"SMITH"}],"circlet_count":0,"master_deck":["Strike_G","Strike_G","Strike_G","Strike_G","Strike_G","Defend_G","Defend_G","Defend_G","Defend_G","Defend_G","Survivor","Neutralize+1","Envenom+1","Deflect","Footwork+1","Backflip","Cloak And Dagger+1","Blur","Blade Dance","Cloak And Dagger+1"],"relics":["Ring of the Snake","Juzu Bracelet","Eternal Feather","CeramicFish","Bronze Scales","Black Star","Oddly Smooth Stone","DollysMirror"],"acts_visited":["Exordium","TheCity"],"potions_floor_usage":[22],"damage_taken":[{"damage":0.0,"enemies":"2 Louse","floor":1.0,"turns":3.0},{"damage":0.0,"enemies":"Cultist","floor":3.0,"turns":3.0},{"damage":0.0,"enemies":"Jaw Worm","floor":5.0,"turns":5.0},{"damage":15.0,"enemies":"3 Sentries","floor":6.0,"turns":15.0},{"damage":14.0,"enemies":"Lagavulin","floor":8.0,"turns":8.0},{"damage":0.0,"enemies":"Blue Slaver","floor":11.0,"turns":5.0},{"damage":1.0,"enemies":"Looter","floor":12.0,"turns":4.0},{"damage":5.0,"enemies":"Exordium Wildlife","floor":13.0,"turns":5.0},{"damage":19.0,"enemies":"Gremlin Nob","floor":14.0,"turns":4.0},{"damage":32.0,"enemies":"Slime Boss","floor":16.0,"turns":21.0},{"damage":0.0,"enemies":"Chosen","floor":18.0,"turns":8.0},{"damage":22.0,"enemies":"Spheric Guardian","floor":19.0,"turns":6.0},{"damage":7.0,"enemies":"Chosen and Byrds","floor":21.0,"turns":8.0},{"damage":19,"enemies":"Sentry and Sphere","floor":22,"turns":10},{"damage":28,"enemies":"Slavers","floor":23,"turns":3}],"seed_played":"-8157964095460434011","potions_obtained":[{"floor":3.0,"key":"Regen Potion"},{"floor":5.0,"key":"Fire Potion"},{"floor":12.0,"key":"EssenceOfSteel"},{"floor":19.0,"key":"ColorlessPotion"}],"is_trial":false,"path_per_floor":["M","?","M","$","M","E","R","E","T","R","M","M","M","E","R","B",null,"M","M","$","M","M","E"],"character_chosen":"THE_SILENT","items_purchased":["Footwork","Oddly Smooth Stone","DollysMirror"],"campfire_rested":0,"item_purchase_floors":[4,20,20],"current_hp_per_floor":[70,70,70,70,70,55,55,56,56,65,65,64,59,40,49,17,70,70,48,48,41,22,0,0],"gold":39,"neow_bonus":"THREE_RARE_CARDS","is_daily":false,"chose_seed":false,"campfire_upgraded":3,"win_rate":0.0,"timestamp":1610973179,"path_taken":["M","?","M","$","M","E","R","E","T","R","M","M","M","E","R","BOSS","M","M","?","M","M","E"],"items_purchased_type":["Card","Relic","Relic"],"build_version":"2020-12-22","purchased_purges":1,"victory":false,"max_hp_per_floor":[70,70,70,70,70,70,70,70,70,70,70,70,70,70,70,70,70,70,70,70,70,70,70,70],"card_choices":[{"not_picked":["Grand Finale","Tools of the Trade"],"picked":"Envenom","floor":0.0},{"not_picked":["Riddle With Holes","Bane","Endless Agony"],"picked":"SKIP","floor":1.0},{"not_picked":["Prepared","Tactician"],"picked":"Deflect","floor":3.0},{"not_picked":["Deflect","Prepared"],"picked":"Backflip","floor":5.0},{"not_picked":["Distraction","Concentrate"],"picked":"Cloak And Dagger","floor":6.0},{"not_picked":["PiercingWail","Caltrops","Setup"],"picked":"SKIP","floor":8.0},{"not_picked":["Well Laid Plans","Reflex","Flying Knee"],"picked":"SKIP","floor":11.0},{"not_picked":["Sucker Punch","Flying Knee","Well Laid Plans"],"picked":"SKIP","floor":12.0},{"not_picked":["Poisoned Stab","Quick Slash"],"picked":"Blur","floor":13.0},{"not_picked":["Flying Knee","Well Laid Plans","Dodge and Roll"],"picked":"SKIP","floor":14.0},{"not_picked":["Riddle With Holes+1","Catalyst"],"picked":"Blade Dance","floor":18.0},{"not_picked":["All Out Attack+1","Outmaneuver+1","Deflect"],"picked":"SKIP","floor":19.0},{"not_picked":["Leg Sweep","Prepared","Dagger Throw"],"picked":"SKIP","floor":21.0},{"not_picked":["Calculated Gamble","Expertise","Flying Knee+1"],"picked":"SKIP","floor":22}],"player_experience":1086793,"relics_obtained":[{"floor":6.0,"key":"Juzu Bracelet"},{"floor":8.0,"key":"Eternal Feather"},{"floor":9.0,"key":"CeramicFish"},{"floor":14.0,"key":"Bronze Scales"}],"event_choices":[{"damage_healed":0.0,"max_hp_gain":0.0,"max_hp_loss":0.0,"gold_gain":0.0,"event_name":"Upgrade Shrine","player_choice":"Upgraded","floor":2.0,"gold_loss":0.0,"damage_taken":0.0,"cards_upgraded":["Envenom"]}],"is_beta":false,"boss_relics":[{"not_picked":["SacredBark","Runic Dome"],"picked":"Black Star"}],"items_purged_floors":[20],"is_endless":false,"potions_floor_spawned":[3,5,12,19],"killed_by":"Slavers","ascension_level":1}}