{"host":"nukjzc0ca34w6eem","time":1610958867,"event":{"mods":["2.2 Compatiblity","AchievementEnabler","BaseMod","Colored Powertips","Downfall","Minty Spire (QoL Compilation)","StSLib"],"gold_per_floor":[0,14,27,45,56,70,93,93,111,111,111,21,21,40,53,148,148,148,148,164,10,10,10,10,10,22,22,22,33,33,33],"floor_reached":30,"language":"ENG","playtime":1761,"items_purged":["bronze:Strike","bronze:Strike"],"score":222,"play_id":"02b8f731-5e4b-4179-81e1-d903dea8e86b","local_time":"20210118003427","is_ascension_mode":false,"campfire_choices":[{"data":"Magnetism","floor":1,"key":"SMITH"},{"data":"bronze:OilSpill","floor":8,"key":"SMITH"},{"floor":10,"key":"REST"},{"data":"bronze:Mutator","floor":13,"key":"SMITH"},{"data":"bronze:Format","floor":18,"key":"SMITH"},{"floor":23,"key":"REST"},{"floor":25,"key":"RECALL"}],"circlet_count":0,"master_deck":["bronze:Defend","bronze:Defend","bronze:Defend","bronze:Defend","bronze:Replicate","bronze:Goto","Magnetism+1","bronze:Flail","bronze:OilSpill+1","bronze:WhirlingStrike","bronze:Mutator+1","bronze:BuggyMess","bronze:Turbo","bronze:BronzeOrb","bronze:Format+1","bronze:Iterate","bronze:Frontload","bronze:Optimize","Pride","bronze:BugBarrage","bronze:MaxOutput","bronze:Format","bronze:Repulsor"],"relics":["bronze:BronzeCore","Boot","Philosopher\u0027s Stone","Dream Catcher"],"acts_visited":["Exordium","TheCity"],"potions_floor_usage":[5,12,16,16,29],"damage_taken":[{"damage":0,"enemies":"2 Louse","floor":2,"turns":4},{"damage":8,"enemies":"Jaw Worm","floor":3,"turns":3},{"damage":0,"enemies":"Small Slimes","floor":4,"turns":3},{"damage":29,"enemies":"Gremlin Gang","floor":5,"turns":3},{"damage":0,"enemies":"Large Slime","floor":6,"turns":4},{"damage":14,"enemies":"2 Fungi Beasts","floor":9,"turns":3},{"damage":5,"enemies":"downfall:FleeingMerchant","floor":12,"turns":4},{"damage":8,"enemies":"Lots of Slimes","floor":14,"turns":2},{"damage":0,"enemies":"3 Louse","floor":15,"turns":1},{"damage":19,"enemies":"WA_ARCHETYPE_RETAIN","floor":16,"turns":6},{"damage":0,"enemies":"Chosen","floor":19,"turns":1},{"damage":0,"enemies":"Spheric Guardian","floor":20,"turns":4},{"damage":0,"enemies":"downfall:FleeingMerchant","floor":21,"turns":4},{"damage":39,"enemies":"3 Cultists","floor":26,"turns":6},{"damage":16,"enemies":"Snecko","floor":29,"turns":4},{"damage":16,"enemies":"Snake Plant","floor":30,"turns":2}],"seed_played":"7849856941046242400","potions_obtained":[{"floor":3,"key":"SpeedPotion"},{"floor":4,"key":"hexamod:SoulburnPotion"},{"floor":6,"key":"GamblersBrew"},{"floor":15,"key":"bronze:BuildAFunctionPotion"},{"floor":16,"key":"DuplicationPotion"},{"floor":20,"key":"Strength Potion"},{"floor":26,"key":"sneckomod:MuddlingPotion"},{"floor":28,"key":"downfall:CursedFountainPotion"}],"is_trial":false,"path_per_floor":["R","M","M","M","M","M","T","R","M","R","?","$","R","M","M","B",null,"R","M","M","$","?","R","T","R","M","?","?","M","M"],"character_chosen":"THE_AUTOMATON","items_purchased":["bronze:Optimize"],"campfire_rested":2,"item_purchase_floors":[21],"current_hp_per_floor":[70,70,62,62,33,33,33,33,19,40,40,35,35,27,27,8,70,70,70,70,70,70,70,70,70,31,31,31,15,0,0],"gold":33,"neow_bonus":"RANDOM_COLORLESS_2","is_daily":false,"chose_seed":false,"campfire_upgraded":4,"win_rate":0.0,"timestamp":1610958867,"path_taken":["R","M","M","M","M","M","T","R","M","R","?","$","R","M","M","BOSS","R","M","M","$","?","R","T","R","M","?","?","M","M"],"items_purchased_type":["Card"],"build_version":"2020-12-22","purchased_purges":2,"victory":false,"max_hp_per_floor":[70,70,70,70,70,70,70,70,70,70,70,70,70,70,70,70,70,70,70,70,70,70,70,70,70,70,70,70,70,70,70],"card_choices":[{"not_picked":["Sadistic Nature","Transmutation"],"picked":"Magnetism","floor":0},{"not_picked":["bronze:Shell","bronze:Safeguard"],"picked":"bronze:Flail","floor":2},{"not_picked":["bronze:ClassDefault","bronze:Iterate"],"picked":"bronze:OilSpill","floor":3},{"not_picked":["bronze:BuggyMess","bronze:Overheat","bronze:WildBeam"],"picked":"SKIP","floor":4},{"not_picked":["bronze:Turbo","bronze:Philosophize","bronze:BitShift"],"picked":"SKIP","floor":5},{"not_picked":["bronze:WildBeam","bronze:DelayedSlice"],"picked":"bronze:WhirlingStrike","floor":6},{"not_picked":["bronze:Deprecate","bronze:Branch"],"picked":"bronze:Mutator","floor":9},{"not_picked":["bronze:Frontload","bronze:Repulsor"],"picked":"bronze:BuggyMess","floor":12},{"not_picked":["bronze:Overheat","bronze:BuggyMess"],"picked":"bronze:Turbo","floor":14},{"not_picked":["bronze:Branch","bronze:Shield"],"picked":"bronze:BronzeOrb","floor":15},{"not_picked":["bronze:Virus","bronze:Verify"],"picked":"bronze:Format","floor":16},{"not_picked":["bronze:WhirlingStrike","bronze:Iterate","bronze:Invalidate"],"picked":"SKIP","floor":19},{"not_picked":["bronze:WhirlingStrike","bronze:Invalidate"],"picked":"bronze:Iterate","floor":19},{"not_picked":["bronze:CutThrough","bronze:WildBeam+1"],"picked":"bronze:Frontload","floor":20},{"not_picked":["bronze:Turbo+1","bronze:Shield","bronze:Assembly"],"picked":"SKIP","floor":21},{"not_picked":["bronze:Turbo","bronze:Branch+1"],"picked":"bronze:BugBarrage","floor":23},{"not_picked":["bronze:CutThrough","bronze:NullPointer+1"],"picked":"bronze:MaxOutput","floor":26},{"not_picked":["bronze:Flail","bronze:Iterate","bronze:BugBarrage"],"picked":"SKIP","floor":29}],"player_experience":524145,"relics_obtained":[{"floor":7,"key":"Boot"}],"event_choices":[{"damage_healed":0,"gold_gain":0,"player_choice":"Stole Relic","damage_taken":0,"relics_obtained":["Dream Catcher"],"max_hp_gain":0,"max_hp_loss":0,"event_name":"Addict","floor":22,"gold_loss":0,"cards_obtained":["Pride"]},{"damage_healed":0,"gold_gain":0,"cards_transformed":["bronze:Strike","bronze:Strike"],"player_choice":"Became Test Subject","damage_taken":0,"max_hp_gain":0,"max_hp_loss":0,"event_name":"Drug Dealer","floor":27,"gold_loss":0,"cards_obtained":["bronze:Format","bronze:Repulsor"]}],"is_beta":false,"boss_relics":[{"not_picked":["Coffee Dripper","Black Star"],"picked":"Philosopher\u0027s Stone"}],"items_purged_floors":[12,21],"is_endless":false,"potions_floor_spawned":[3,4,6,15,16,20,26],"killed_by":"Snake Plant","ascension_level":0}}