{"host":"bq4pt811tk9yrmjl","time":1610931599,"event":{"mods":["AchievementEnabler","BaseMod","Colored Map","Colored Powertips","Defuse TimeMaze Blight","Hermit","Minty Spire (QoL Compilation)","StSLib","SuperFastMode"],"gold_per_floor":[114,189,199,199,199,199,240,240,265,265,289,307,332,346,346,346,346],"floor_reached":16,"language":"ENG","playtime":205,"items_purged":[],"score":133,"play_id":"2703e10a-16b1-4c25-a5bb-4ac5223b4ca5","local_time":"20210117225959","is_ascension_mode":true,"campfire_choices":[{"data":"Zap","floor":6,"key":"SMITH"},{"data":"Dualcast","floor":8,"key":"SMITH"},{"floor":15,"key":"REST"}],"circlet_count":0,"master_deck":["Strike_B","Strike_B","Strike_B","Strike_B","Defend_B","Defend_B","Defend_B","Defend_B","Zap+1","Dualcast+1","Gash","Sunder"],"relics":["Cracked Core","NeowsBlessing","Golden Idol","Blue Candle"],"acts_visited":["Exordium"],"potions_floor_usage":[12,12,13,14,14,16],"damage_taken":[{"damage":0,"enemies":"Small Slimes","floor":1,"turns":1},{"damage":0,"enemies":"Cultist","floor":3,"turns":1},{"damage":0,"enemies":"Gremlin Nob","floor":7,"turns":1},{"damage":0,"enemies":"2 Louse","floor":11,"turns":2},{"damage":8,"enemies":"Exordium Wildlife","floor":12,"turns":3},{"damage":0,"enemies":"Large Slime","floor":13,"turns":4},{"damage":2,"enemies":"Blue Slaver","floor":14,"turns":3},{"damage":57,"enemies":"The Guardian","floor":16,"turns":11}],"seed_played":"-8761716979265638988","potions_obtained":[{"floor":1,"key":"EssenceOfDarkness"},{"floor":10,"key":"ColorlessPotion"},{"floor":10,"key":"EntropicBrew"},{"floor":11,"key":"DistilledChaos"},{"floor":13,"key":"Regen Potion"},{"floor":14,"key":"PotionOfCapacity"}],"is_trial":false,"path_per_floor":["M","?","M","?","?","R","E","R","T","?","M","M","M","M","R","B"],"character_chosen":"DEFECT","items_purchased":[],"campfire_rested":1,"item_purchase_floors":[],"current_hp_per_floor":[75,64,64,46,46,46,46,46,46,46,46,38,38,45,67,10,10],"gold":346,"neow_bonus":"THREE_ENEMY_KILL","is_daily":false,"chose_seed":false,"campfire_upgraded":2,"win_rate":0.0,"timestamp":1610931599,"path_taken":["M","?","M","?","?","R","E","R","T","?","M","M","?","M","R","BOSS"],"items_purchased_type":[],"build_version":"2020-12-22","purchased_purges":0,"victory":false,"max_hp_per_floor":[75,75,75,75,75,75,75,75,75,75,75,75,75,75,75,75,75],"card_choices":[{"not_picked":["Go for the Eyes","FTL"],"picked":"Gash","floor":1},{"not_picked":["Rip and Tear","Steam Power","Hello World"],"picked":"SKIP","floor":3},{"not_picked":["Heatsinks","Steam","FTL"],"picked":"SKIP","floor":7},{"not_picked":["Storm","Blizzard","Heatsinks"],"picked":"SKIP","floor":11},{"not_picked":["Go for the Eyes","Conserve Battery","Steam"],"picked":"SKIP","floor":12},{"not_picked":["Stack","Turbo"],"picked":"Sunder","floor":13},{"not_picked":["Recycle","Capacitor","Glacier"],"picked":"SKIP","floor":14}],"player_experience":176913,"relics_obtained":[{"floor":7,"key":"Blue Candle"}],"event_choices":[{"damage_healed":0,"gold_gain":75,"player_choice":"Gather Gold","damage_taken":11,"max_hp_gain":0,"max_hp_loss":0,"event_name":"World of Goop","floor":2,"gold_loss":0},{"damage_healed":0,"gold_gain":0,"player_choice":"Take Damage","damage_taken":18,"relics_obtained":["Golden Idol"],"max_hp_gain":0,"max_hp_loss":0,"event_name":"Golden Idol","floor":4,"gold_loss":0},{"damage_healed":0,"gold_gain":0,"player_choice":"Ignored","damage_taken":0,"max_hp_gain":0,"max_hp_loss":0,"event_name":"Golden Wing","floor":5,"gold_loss":0},{"damage_healed":0,"gold_gain":0,"player_choice":"Got Potions","damage_taken":0,"max_hp_gain":0,"max_hp_loss":0,"event_name":"Lab","floor":10,"gold_loss":0}],"is_beta":false,"boss_relics":[],"items_purged_floors":[],"is_endless":false,"potions_floor_spawned":[1,11,13,14],"killed_by":"The Guardian","ascension_level":1}}