{"host":"dcj2yvrgcvh5dl2s","time":1610969728,"event":{"mods":["BaseMod","Better Note","Block Reminder","Colored Powertips","DeckTracker","Minty Spire (QoL Compilation)","Quick Restart","Rare Cards Sparkle","Relic Stats","StSLib"],"gold_per_floor":[119,119,139,159,6,6,41,60,60,84,84,84,84,118,118,239,239,254,272,272,272,5,5,24,54,127,138,138,156,189,204,204,204,204],"floor_reached":33,"language":"ENG","playtime":875,"items_purged":[],"score":419,"play_id":"5fe22c84-c0e3-435c-8b71-0471bf912c9a","local_time":"20210118213528","is_ascension_mode":true,"campfire_choices":[{"data":"Terror","floor":6,"key":"SMITH"},{"floor":12,"key":"REST"},{"floor":15,"key":"REST"},{"data":"1","floor":23,"key":"LIFT"},{"data":"2","floor":28,"key":"LIFT"},{"data":"Neutralize","floor":32,"key":"SMITH"}],"circlet_count":0,"master_deck":["Strike_G+1","Strike_G+1","Strike_G+1","Strike_G+1","Strike_G+1","Defend_G+1","Defend_G+1","Defend_G+1","Defend_G+1","Defend_G+1","Survivor","Neutralize+1","Quick Slash","Terror+1","Cloak And Dagger","Glass Knife","PiercingWail","Slice","Footwork","After Image","Heel Hook","Catalyst","Slice","Quick Slash","Deadly Poison+1","Distraction","PiercingWail"],"relics":["Sozu","Bloody Idol","Membership Card","Gremlin Horn","HornCleat","StrikeDummy","Busted Crown","Girya","TwistedFunnel","Dream Catcher","Blue Candle","CaptainsWheel"],"acts_visited":["Exordium","TheCity"],"potions_floor_usage":[],"damage_taken":[{"damage":0,"enemies":"Small Slimes","floor":1,"turns":4},{"damage":0,"enemies":"Jaw Worm","floor":3,"turns":4},{"damage":0,"enemies":"Cultist","floor":4,"turns":3},{"damage":35,"enemies":"Gremlin Nob","floor":7,"turns":5},{"damage":0,"enemies":"2 Fungi Beasts","floor":8,"turns":2},{"damage":3,"enemies":"Blue Slaver","floor":10,"turns":3},{"damage":18,"enemies":"Lagavulin","floor":14,"turns":7},{"damage":11,"enemies":"Slime Boss","floor":16,"turns":12},{"damage":4,"enemies":"Chosen","floor":18,"turns":6},{"damage":0,"enemies":"Shell Parasite","floor":19,"turns":3},{"damage":21,"enemies":"Snecko","floor":24,"turns":5},{"damage":0,"enemies":"Gremlin Leader","floor":25,"turns":6},{"damage":6,"enemies":"Shelled Parasite and Fungi","floor":27,"turns":4},{"damage":0,"enemies":"Cultist and Chosen","floor":29,"turns":3},{"damage":18,"enemies":"Book of Stabbing","floor":30,"turns":4},{"damage":0,"enemies":"Chosen and Byrds","floor":31,"turns":3},{"damage":52,"enemies":"Automaton","floor":33,"turns":8}],"seed_played":"7439644707190706661","potions_obtained":[],"is_trial":false,"path_per_floor":["M","?","M","M","$","R","E","M","T","M","?","R","?","E","R","B",null,"M","M","?","?","$","R","M","E","T","M","R","M","E","M","R","B"],"character_chosen":"THE_SILENT","items_purchased":["Membership Card","Girya","Catalyst","TwistedFunnel"],"campfire_rested":2,"item_purchase_floors":[5,22,22,22],"current_hp_per_floor":[63,46,46,46,46,46,11,11,11,8,31,52,52,34,55,44,64,60,60,60,60,60,60,44,49,54,53,53,58,45,50,50,0,0],"gold":204,"neow_bonus":"BOSS_RELIC","is_daily":false,"chose_seed":false,"campfire_upgraded":2,"win_rate":0.0,"timestamp":1610969728,"path_taken":["M","?","M","M","$","R","E","M","T","M","?","R","?","E","R","BOSS","M","M","?","?","$","R","M","E","T","M","R","M","E","M","R","BOSS"],"items_purchased_type":["Relic","Relic","Card","Relic"],"build_version":"2020-12-22","purchased_purges":0,"victory":false,"max_hp_per_floor":[70,70,70,70,70,70,70,70,70,70,70,70,70,70,70,70,70,70,70,70,70,70,70,70,70,70,70,70,70,70,70,70,70,70],"relic_stats":{"Sozu":9,"Dream Catcher":0,"Busted Crown":16,"Gremlin Horn":[15,15],"counters":[17,82],"Bloody Idol":35,"Blue Candle":[0],"obtain_stats":[{"TwistedFunnel":22,"Girya":22,"Gremlin Horn":7,"Golden Idol":2,"Blue Candle":26,"Sozu":0,"Dream Catcher":25,"CaptainsWheel":30,"HornCleat":9,"Busted Crown":17,"Bloody Idol":20,"Membership Card":5,"StrikeDummy":14,"Ring of the Snake":0},{"TwistedFunnel":10,"Girya":10,"Gremlin Horn":4,"Golden Idol":1,"Blue Candle":12,"Sozu":0,"Dream Catcher":12,"CaptainsWheel":15,"HornCleat":5,"Busted Crown":8,"Bloody Idol":10,"Membership Card":3,"StrikeDummy":7,"Ring of the Snake":0},{"TwistedFunnel":49,"Girya":49,"Gremlin Horn":16,"Golden Idol":4,"Blue Candle":60,"Sozu":0,"Dream Catcher":60,"CaptainsWheel":71,"HornCleat":18,"Busted Crown":40,"Bloody Idol":49,"Membership Card":11,"StrikeDummy":28,"Ring of the Snake":0}]},"card_choices":[{"not_picked":["Outmaneuver","Finisher"],"picked":"Quick Slash","floor":1},{"not_picked":["Sucker Punch","Deadly Poison"],"picked":"Terror","floor":3},{"not_picked":["Deadly Poison","Endless Agony"],"picked":"Cloak And Dagger","floor":4},{"not_picked":["Flying Knee","Finisher"],"picked":"Glass Knife","floor":7},{"not_picked":["Bane","Dodge and Roll"],"picked":"PiercingWail","floor":8},{"not_picked":["Corpse Explosion","Infinite Blades"],"picked":"Slice","floor":10},{"not_picked":["Eviscerate","Sucker Punch"],"picked":"Footwork","floor":14},{"not_picked":["Glass Knife","Doppelganger"],"picked":"After Image","floor":16},{"not_picked":[],"picked":"Heel Hook","floor":18},{"not_picked":["Setup"],"picked":"SKIP","floor":19},{"not_picked":[],"picked":"Slice","floor":24},{"not_picked":["Underhanded Strike+1"],"picked":"SKIP","floor":25},{"not_picked":[],"picked":"Quick Slash","floor":27},{"not_picked":[],"picked":"Deadly Poison+1","floor":29},{"not_picked":[],"picked":"Distraction","floor":30},{"not_picked":[],"picked":"PiercingWail","floor":31}],"player_experience":2240899,"relics_obtained":[{"floor":7,"key":"Gremlin Horn"},{"floor":9,"key":"HornCleat"},{"floor":14,"key":"StrikeDummy"},{"floor":25,"key":"Dream Catcher"},{"floor":26,"key":"Blue Candle"},{"floor":30,"key":"CaptainsWheel"}],"event_choices":[{"damage_healed":0,"gold_gain":0,"player_choice":"Take Damage","damage_taken":17,"relics_obtained":["Golden Idol"],"max_hp_gain":0,"max_hp_loss":0,"event_name":"Golden Idol","floor":2,"gold_loss":0},{"damage_healed":23,"gold_gain":0,"player_choice":"Banana","damage_taken":0,"max_hp_gain":0,"max_hp_loss":0,"event_name":"Big Fish","floor":11,"gold_loss":0},{"damage_healed":0,"gold_gain":0,"player_choice":"0 cards matched","damage_taken":0,"max_hp_gain":0,"max_hp_loss":0,"event_name":"Match and Keep!","floor":13,"gold_loss":0,"cards_obtained":[]},{"damage_healed":0,"gold_gain":0,"player_choice":"Gave Idol","damage_taken":0,"relics_obtained":["Bloody Idol"],"max_hp_gain":0,"max_hp_loss":0,"event_name":"Forgotten Altar","floor":20,"relics_lost":["Golden Idol"],"gold_loss":0},{"damage_healed":0,"gold_gain":0,"player_choice":"Simplicity","damage_taken":0,"max_hp_gain":0,"max_hp_loss":0,"event_name":"Back to Basics","floor":21,"gold_loss":0,"cards_upgraded":["Strike_G","Strike_G","Strike_G","Strike_G","Strike_G","Defend_G","Defend_G","Defend_G","Defend_G","Defend_G"]}],"is_beta":false,"boss_relics":[{"not_picked":["Coffee Dripper","Runic Dome"],"picked":"Busted Crown"}],"items_purged_floors":[],"is_endless":false,"potions_floor_spawned":[4,7,10,14,16,18,27,29,31],"killed_by":"Automaton","ascension_level":6}}