{"host":"55frs1flqhuyvvn7","time":1610989993,"event":{"mods":["Act Like it!","Aspiration","BaseMod","BetterRewards","Colored Map","Colored Powertips","DeckTracker","Downfall","Hallownest","Hermit","Highlight Path","Hubris","Infinite Spire","Jorbs\u0027s Wanderer Trilogy","Marisa????????","Minty Spire (QoL Compilation)","Quick Restart","Random Character Button","Rare Cards Sparkle","Relic Sorter","StSLib","Synergy Search","The Bug Knight","The Construct","The Cursed","The Disciple","The Hierophant","The Jungle","The Necromancer","The Runesmith","The Servant 0.9.4"],"gold_per_floor":[52,119,119,132,132,159,159,174,174,174,191,191,203,22,39,137,137,137,157,176,195,211,211,211,221,221,1,1,1],"floor_reached":28,"language":"ENG","playtime":2511,"items_purged":["Defend_W"],"score":322,"play_id":"23de603d-d711-49a8-bda1-deea68d10632","local_time":"20210118181313","is_ascension_mode":false,"campfire_choices":[{"data":"Mayhem","floor":1,"key":"SMITH"},{"data":"Summon_Vampire_Lady","floor":10,"key":"SMITH"},{"data":"Bones_to_Steel","floor":12,"key":"SMITH"},{"data":"Shackles_Of_Pain","floor":18,"key":"SMITH"},{"data":"Summon_Undead_Army","floor":23,"key":"SMITH"},{"data":"Negative_Energy_Mist","floor":26,"key":"SMITH"}],"circlet_count":0,"master_deck":["Strike_W","Strike_W","Strike_W","Defend_W","Defend_W","Negative_Energy_Arrows","Bone_Wall","Shade_Step","Bone_Armor","Summon_Undead_Army+1","Mayhem+1","Trip","Toxic_Smoke_Screen","Blood_Whip","Death_Knell","Summon_Vampire_Lady+1","Bones_to_Steel+1","Plague_Bolt","Necrotic_Claws","Blood_Shield","Blood_Shield","Hellfire","Toxic_Smoke_Screen","Shackles_Of_Pain+1","Grasp_Heart","Spectral_Walk","Life_Tap","Negative_Energy_Mist+1","Negative_Energy_Mist","Siphon_Strength","Thousand_Bone_Knives","Reap_The_Weak"],"relics":["Vampire_Amulet","hubris:MedicalManual","Juzu Bracelet","Philosopher\u0027s Stone","hubris:DeckOfHolding"],"acts_visited":["Exordium","TheCity"],"potions_floor_usage":[11,16,21],"damage_taken":[{"damage":0,"enemies":"Hallownest:monsterHuskWarrior","floor":2,"turns":3},{"damage":1,"enemies":"Hallownest:2_Baldur","floor":4,"turns":4},{"damage":40,"enemies":"Hallownest:eliteCrystalGuardian","floor":6,"turns":6},{"damage":8,"enemies":"Hallownest:2_MossCreeps","floor":8,"turns":4},{"damage":7,"enemies":"Hallownest:monsterAspidMother","floor":9,"turns":4},{"damage":17,"enemies":"Hallownest:1_Baldur_1_Crawlid_1_Warrior","floor":11,"turns":5},{"damage":1,"enemies":"Hallownest:Guard_and_Warrior","floor":13,"turns":7},{"damage":2,"enemies":"downfall:FleeingMerchant","floor":14,"turns":4},{"damage":10,"enemies":"Hallownest:Wandering_and_Horned","floor":15,"turns":5},{"damage":16,"enemies":"IC_STATUS_ARCHETYPE","floor":16,"turns":8},{"damage":16,"enemies":"Shell Parasite","floor":19,"turns":3},{"damage":2,"enemies":"Chosen","floor":20,"turns":4},{"damage":34,"enemies":"Centurion and Healer","floor":21,"turns":6},{"damage":13,"enemies":"Cultist and Chosen","floor":22,"turns":6},{"damage":11,"enemies":"Snake Plant","floor":25,"turns":3},{"damage":2,"enemies":"downfall:FleeingMerchant","floor":27,"turns":4},{"damage":47,"enemies":"Nightmare","floor":28,"turns":4}],"seed_played":"-6950333571057147858","potions_obtained":[{"floor":4,"key":"DuplicationPotion"},{"floor":11,"key":"Fruit Juice"},{"floor":13,"key":"GamblersBrew"},{"floor":16,"key":"ColorlessPotion"},{"floor":19,"key":"SpeedPotion"}],"is_trial":false,"path_per_floor":["R","M","?","M","?","E","T","M","M","R","M","R","M","$","M","B",null,"R","M","M","M","M","R","T","M","R","$","NM"],"character_chosen":"NECROMANCER","items_purchased":["Shade_Step","Bone_Armor","Summon_Undead_Army","Mayhem","Trip","Hellfire","Toxic_Smoke_Screen","Reap_The_Weak","champ:CounterPotion"],"campfire_rested":0,"item_purchase_floors":[0,0,0,0,0,14,14,27,27],"current_hp_per_floor":[75,75,75,75,68,30,30,35,36,36,36,36,48,52,52,56,73,73,65,65,47,56,56,56,47,47,45,0,0],"gold":1,"neow_bonus":"","is_daily":false,"chose_seed":false,"campfire_upgraded":6,"win_rate":0.0,"timestamp":1610989993,"path_taken":["R","M","?","M","?","E","T","M","M","R","M","R","M","?","M","BOSS","R","M","M","M","M","R","T","M","R","$","NM"],"items_purchased_type":["Card","Card","Card","Card","Card","Card","Card","Card","Potion"],"build_version":"2020-12-22","purchased_purges":1,"victory":false,"max_hp_per_floor":[75,75,75,75,68,68,68,68,68,68,73,73,73,73,73,73,73,73,73,73,73,73,73,73,73,73,73,73,73],"card_choices":[{"not_picked":["Necromantic_Selection","Scare"],"picked":"Toxic_Smoke_Screen","floor":2},{"not_picked":["Bone_Spikes","Vampiric_Strike"],"picked":"Death_Knell","floor":4},{"not_picked":["Bones_to_Steel","Reap_The_Weak"],"picked":"Summon_Vampire_Lady","floor":6},{"not_picked":["Finger_Of_Death","Negative_Energy_Javelin"],"picked":"Bones_to_Steel","floor":8},{"not_picked":["Death_March_Dance","Vampiric_Strike"],"picked":"Plague_Bolt","floor":9},{"not_picked":["Negative_Energy_Javelin","Blood_Wake"],"picked":"Necrotic_Claws","floor":11},{"not_picked":["Scare","Finger_Of_Death"],"picked":"Blood_Shield","floor":13},{"not_picked":["Acid_Javelin","Consume_Illness"],"picked":"Blood_Shield","floor":14},{"not_picked":["Negative_Energy_Sphere","Necrotic_Claws"],"picked":"Shackles_Of_Pain","floor":15},{"not_picked":["Hellfire","Reap_The_Weak"],"picked":"Grasp_Heart","floor":16},{"not_picked":["Negative_Energy_Mist","Shackles_Of_Pain"],"picked":"Spectral_Walk","floor":19},{"not_picked":["Shade_Step","Blood_for_Blood+1"],"picked":"Life_Tap","floor":20},{"not_picked":["Corrupt","Necromantic_Selection"],"picked":"Negative_Energy_Mist","floor":21},{"not_picked":["Death_March_Dance","Finger_Of_Death"],"picked":"Negative_Energy_Mist","floor":22},{"not_picked":["Uncharnel","Death_March_Dance"],"picked":"Siphon_Strength","floor":25},{"not_picked":["Spectral_Armor+1","Toxic_Smoke_Screen"],"picked":"Thousand_Bone_Knives","floor":27}],"player_experience":91983,"relics_obtained":[{"floor":6,"key":"hubris:MedicalManual"},{"floor":7,"key":"Juzu Bracelet"},{"floor":24,"key":"hubris:DeckOfHolding"}],"event_choices":[],"is_beta":false,"boss_relics":[{"not_picked":["aspiration:MarisaSkillbook","Cursed Key"],"picked":"Philosopher\u0027s Stone"}],"items_purged_floors":[0],"is_endless":false,"potions_floor_spawned":[4,11,13,16,19],"killed_by":"Nightmare","ascension_level":0}}