{"host":"346rnf4ppo4s0s11","time":1610928227,"event":{"mods":["Aspiration","BaseMod","Energized Spire","Hubris","Minty Spire (QoL Compilation)","StSLib"],"gold_per_floor":[110,35,47,47,58,92,92,106,106,106,131,131,96,109,109,211,211,231,6,16,16,16,16,30,63,114,114,134,134,150,165,165,165,165],"floor_reached":33,"language":"ENG","playtime":2423,"items_purged":["Strike_G"],"score":327,"play_id":"b83b7100-ae8e-4b6f-9ba7-0a8c9415d10f","local_time":"20210118000347","is_ascension_mode":false,"campfire_choices":[{"data":"Noxious Fumes","floor":7,"key":"SMITH"},{"data":"Catalyst","floor":10,"key":"SMITH"},{"floor":12,"key":"REST"},{"floor":15,"key":"REST"},{"data":"Burst","floor":23,"key":"SMITH"},{"floor":27,"key":"REST"},{"floor":29,"key":"REST"},{"floor":32,"key":"REST"}],"circlet_count":0,"master_deck":["Strike_G","Strike_G","Strike_G+1","Strike_G","Defend_G","Defend_G","Defend_G","Defend_G","Defend_G","Survivor","Neutralize+1","Dagger Throw","Expertise","Catalyst+1","Noxious Fumes+1","Blade Dance","Bouncing Flask","Backflip","Burst+1","Finisher+1","Crippling Poison","Tactician+1","J.A.X.","Blade Dance+1","Poisoned Stab","Blur","Outmaneuver","Noxious Fumes","Flying Knee","Outmaneuver","Backstab"],"relics":["Ring of the Snake","NeowsBlessing","Bottled Lightning","hubris:Metronome","Boot","hubris:Backtick","Matryoshka","Strange Spoon","hubris:Towel","Regal Pillow","Dream Catcher","Whetstone"],"acts_visited":["Exordium","TheCity"],"potions_floor_usage":[6,11,16,24,31,31],"damage_taken":[{"damage":0,"enemies":"2 Louse","floor":1,"turns":1},{"damage":0,"enemies":"Small Slimes","floor":3,"turns":1},{"damage":0,"enemies":"Jaw Worm","floor":5,"turns":2},{"damage":30,"enemies":"Lagavulin","floor":6,"turns":9},{"damage":8,"enemies":"Large Slime","floor":8,"turns":8},{"damage":14,"enemies":"3 Sentries","floor":11,"turns":8},{"damage":7,"enemies":"Looter","floor":14,"turns":3},{"damage":0,"enemies":"The Guardian","floor":16,"turns":7},{"damage":10,"enemies":"Shell Parasite","floor":18,"turns":5},{"damage":0,"enemies":"3 Byrds","floor":20,"turns":3},{"damage":11,"enemies":"Centurion and Healer","floor":24,"turns":4},{"damage":39,"enemies":"Book of Stabbing","floor":25,"turns":4},{"damage":23,"enemies":"Snecko","floor":28,"turns":4},{"damage":20,"enemies":"Cultist and Chosen","floor":30,"turns":6},{"damage":26,"enemies":"Centurion and Healer","floor":31,"turns":5},{"damage":51,"enemies":"Automaton","floor":33,"turns":4}],"seed_played":"-3176328030045389383","potions_obtained":[{"floor":5,"key":"ColorlessPotion"},{"floor":8,"key":"SpeedPotion"},{"floor":11,"key":"SmokeBomb"},{"floor":14,"key":"EssenceOfSteel"},{"floor":18,"key":"SkillPotion"},{"floor":28,"key":"Strength Potion"},{"floor":30,"key":"Ancient Potion"}],"is_trial":false,"path_per_floor":["M","$","M","?","M","E","R","M","T","R","E","R","?","M","R","B",null,"M","$","M","?","?","R","M","E","T","R","M","R","M","M","R","B"],"character_chosen":"THE_SILENT","items_purchased":["Strange Spoon","Crippling Poison"],"campfire_rested":5,"item_purchase_floors":[19,19],"current_hp_per_floor":[70,70,70,70,70,40,40,32,32,32,18,39,56,49,70,70,70,60,60,60,60,60,60,49,10,10,46,23,59,39,13,49,0,0],"gold":165,"neow_bonus":"THREE_ENEMY_KILL","is_daily":false,"chose_seed":false,"campfire_upgraded":3,"win_rate":0.0,"timestamp":1610928227,"path_taken":["M","$","M","?","M","E","R","M","T","R","E","R","?","M","R","BOSS","M","$","M","?","?","R","?","E","T","R","M","R","M","M","R","BOSS"],"items_purchased_type":["Relic","Card"],"build_version":"2020-12-22","purchased_purges":1,"victory":false,"max_hp_per_floor":[70,70,70,70,70,70,70,70,70,70,70,70,70,70,70,70,70,70,70,70,70,70,70,70,70,70,70,70,70,70,70,70,70,70],"card_choices":[{"not_picked":["Reflex","Dodge and Roll"],"picked":"Dagger Throw","floor":1},{"not_picked":["PiercingWail","Underhanded Strike"],"picked":"Expertise","floor":3},{"not_picked":["Terror","Tactician"],"picked":"Catalyst","floor":5},{"not_picked":["Blade Dance","Eviscerate"],"picked":"Noxious Fumes","floor":6},{"not_picked":["Reflex","Dagger Throw"],"picked":"Blade Dance","floor":8},{"not_picked":["Die Die Die","Backflip"],"picked":"Bouncing Flask","floor":11},{"not_picked":["hubris:SlightOfHand","Deflect"],"picked":"Backflip","floor":14},{"not_picked":["Glass Knife","Night Terror"],"picked":"Burst","floor":16},{"not_picked":["Sucker Punch","Deflect"],"picked":"Finisher","floor":18},{"not_picked":["Well Laid Plans","Dagger Spray"],"picked":"Tactician+1","floor":20},{"not_picked":["hubris:TrickCloak","Slice"],"picked":"Blade Dance+1","floor":24},{"not_picked":["hubris:SlightOfHand","Flying Knee"],"picked":"Poisoned Stab","floor":25},{"not_picked":["Deflect","Finisher"],"picked":"Blur","floor":27},{"not_picked":["Deflect","Quick Slash+1"],"picked":"Outmaneuver","floor":28},{"not_picked":["Riddle With Holes+1","Slice+1"],"picked":"Noxious Fumes","floor":29},{"not_picked":["Backflip","Riddle With Holes"],"picked":"Flying Knee","floor":30},{"not_picked":["Expertise","Underhanded Strike"],"picked":"Outmaneuver","floor":31},{"not_picked":["Prepared","Dagger Throw"],"picked":"Backstab","floor":32}],"player_experience":18058,"relics_obtained":[{"floor":6,"key":"Bottled Lightning"},{"floor":9,"key":"hubris:Metronome"},{"floor":11,"key":"Boot"},{"floor":25,"key":"Regal Pillow"},{"floor":26,"key":"Dream Catcher"},{"floor":26,"key":"Whetstone"}],"event_choices":[{"damage_healed":0,"gold_gain":0,"player_choice":"Grow","damage_taken":0,"max_hp_gain":0,"max_hp_loss":0,"event_name":"Living Wall","floor":4,"gold_loss":0,"cards_upgraded":["Neutralize"]},{"damage_healed":17,"gold_gain":0,"player_choice":"Healed","damage_taken":0,"max_hp_gain":0,"max_hp_loss":0,"event_name":"The Cleric","floor":13,"gold_loss":35},{"damage_healed":0,"gold_gain":0,"player_choice":"Obtain J.A.X.","damage_taken":0,"max_hp_gain":0,"max_hp_loss":0,"event_name":"Drug Dealer","floor":21,"gold_loss":0,"cards_obtained":["J.A.X."]}],"is_beta":false,"boss_relics":[{"not_picked":["SlaversCollar","Astrolabe"],"picked":"hubris:Backtick"}],"items_purged_floors":[2],"is_endless":false,"potions_floor_spawned":[5,8,11,14,18,28,30],"killed_by":"Automaton","ascension_level":0}}