{"host":"Jinnai","time":1610991324,"event":{"mods":["BaseMod","Bestiary","Block Reminder","Colored Map","Colored Powertips","Highlight Path","Minty Spire (QoL Compilation)","Quick Restart","Relic Stats","StSLib"],"gold_per_floor":[114,39,39,51,67,67,86,86,86,86,120,137,37,53,53,128,128,148,148,73,87,87,87,0,0,0,32,47,57,57,67,67,145,145,160,172,191,27,46,46,79,79,79,79,104,104,25,57,57,57,57],"floor_reached":50,"language":"ENG","playtime":2432,"items_purged":["Decay","Pain","Strike_G"],"score":1045,"play_id":"d4a708b9-c553-48ba-91bb-acb018cc797d","local_time":"20210118123524","is_ascension_mode":true,"campfire_choices":[{"data":"Sucker Punch","floor":6,"key":"SMITH"},{"floor":8,"key":"REST"},{"data":"Neutralize","floor":10,"key":"SMITH"},{"floor":15,"key":"REST"},{"data":"Noxious Fumes","floor":23,"key":"SMITH"},{"floor":25,"key":"REST"},{"data":"Footwork","floor":30,"key":"SMITH"},{"floor":32,"key":"REST"},{"data":"Footwork","floor":40,"key":"SMITH"},{"floor":42,"key":"REST"},{"floor":44,"key":"REST"},{"floor":49,"key":"REST"}],"circlet_count":0,"master_deck":["AscendersBane","Strike_G","Strike_G","Defend_G","Defend_G","Defend_G","Defend_G","Defend_G","Survivor","Neutralize+1","Sucker Punch+1","Noxious Fumes+1","Dash+1","Bane","Bane","Backflip","Quick Slash","Corpse Explosion","PiercingWail","Bane","Blur","Backflip","Footwork+1","Envenom","Prepared+1","Crippling Poison","Footwork+1","Burst","Cloak And Dagger","Crippling Poison","Leg Sweep","Well Laid Plans+1","PiercingWail","Caltrops"],"relics":["Ring of the Snake","Lizard Tail","WarpedTongs","Boot","Bottled Flame","Philosopher\u0027s Stone","Enchiridion","Darkstone Periapt","Thread and Needle","Runic Dome","Bottled Tornado","Ninja Scroll","Turnip","Lantern"],"acts_visited":["Exordium","TheCity","TheBeyond"],"potions_floor_usage":[16,16,28,33,48,50],"damage_taken":[{"damage":13,"enemies":"Cultist","floor":1,"turns":5},{"damage":10,"enemies":"2 Louse","floor":4,"turns":3},{"damage":10,"enemies":"Jaw Worm","floor":5,"turns":5},{"damage":19,"enemies":"Lots of Slimes","floor":7,"turns":5},{"damage":13,"enemies":"Lagavulin","floor":11,"turns":7},{"damage":1,"enemies":"Large Slime","floor":12,"turns":4},{"damage":8,"enemies":"Exordium Thugs","floor":14,"turns":6},{"damage":8,"enemies":"Slime Boss","floor":16,"turns":8},{"damage":13,"enemies":"Shell Parasite","floor":18,"turns":5},{"damage":6,"enemies":"2 Thieves","floor":21,"turns":4},{"damage":16,"enemies":"Gremlin Leader","floor":27,"turns":8},{"damage":19,"enemies":"Cultist and Chosen","floor":28,"turns":6},{"damage":0,"enemies":"Centurion and Healer","floor":29,"turns":3},{"damage":1,"enemies":"Snake Plant","floor":31,"turns":4},{"damage":8,"enemies":"Champ","floor":33,"turns":15},{"damage":16,"enemies":"3 Darklings","floor":35,"turns":5},{"damage":0,"enemies":"3 Shapes","floor":36,"turns":4},{"damage":8,"enemies":"Jaw Worm Horde","floor":37,"turns":2},{"damage":0,"enemies":"4 Shapes","floor":39,"turns":5},{"damage":28,"enemies":"Giant Head","floor":41,"turns":9},{"damage":3,"enemies":"Nemesis","floor":45,"turns":9},{"damage":26,"enemies":"Giant Head","floor":48,"turns":10},{"damage":36,"enemies":"Time Eater","floor":50,"turns":10}],"seed_played":"1383856135983345395","potions_obtained":[{"floor":1,"key":"SmokeBomb"},{"floor":11,"key":"SteroidPotion"},{"floor":12,"key":"SpeedPotion"},{"floor":14,"key":"Strength Potion"},{"floor":18,"key":"FearPotion"},{"floor":27,"key":"ColorlessPotion"},{"floor":29,"key":"Swift Potion"},{"floor":35,"key":"GamblersBrew"},{"floor":48,"key":"CunningPotion"}],"is_trial":false,"path_per_floor":["M","$","?","M","M","R","M","R","T","R","E","M","$","M","R","B",null,"M","?","?","M","?","R","$","R","T","E","M","M","R","M","R","B",null,"M","M","M","$","M","R","E","R","T","R","E","?","$","E","R","B"],"character_chosen":"THE_SILENT","items_purchased":["Footwork","Leg Sweep","Caltrops"],"campfire_rested":7,"item_purchase_floors":[24,38,47],"current_hp_per_floor":[46,46,46,36,26,26,7,26,26,26,13,12,12,4,23,15,53,40,19,19,13,13,13,13,32,32,16,33,33,33,32,51,43,60,44,44,36,36,36,36,8,27,27,46,43,43,43,17,36,0,0],"gold":57,"neow_bonus":"ONE_RARE_RELIC","is_daily":false,"chose_seed":false,"campfire_upgraded":5,"win_rate":0.0,"timestamp":1610991324,"path_taken":["M","$","?","M","M","R","M","R","T","R","E","M","$","?","R","BOSS","M","?","?","?","?","R","?","R","T","E","M","?","R","M","R","BOSS","M","M","M","$","M","R","E","R","T","R","E","?","$","E","R","BOSS"],"items_purchased_type":["Card","Card","Card"],"build_version":"2020-12-18","purchased_purges":3,"victory":false,"max_hp_per_floor":[66,66,66,66,66,66,66,66,66,66,66,66,66,66,66,66,66,66,66,66,66,66,66,66,66,66,66,66,66,66,66,66,66,66,66,66,66,66,66,66,66,66,66,66,66,66,66,66,66,66,66],"relic_stats":{"Darkstone Periapt":0,"Lizard Tail":33,"counters":[23,142],"Turnip":[0],"Boot":[89],"obtain_stats":[{"Darkstone Periapt":26,"Lantern":48,"Enchiridion":19,"Thread and Needle":27,"Bottled Tornado":41,"Boot":9,"WarpedTongs":3,"Runic Dome":34,"Lizard Tail":0,"Bottled Flame":11,"Ninja Scroll":43,"Philosopher\u0027s Stone":17,"Turnip":45,"Ring of the Snake":0},{"Darkstone Periapt":10,"Lantern":22,"Enchiridion":9,"Thread and Needle":11,"Bottled Tornado":20,"Boot":4,"WarpedTongs":1,"Runic Dome":15,"Lizard Tail":0,"Bottled Flame":5,"Ninja Scroll":20,"Philosopher\u0027s Stone":8,"Turnip":21,"Ring of the Snake":0},{"Darkstone Periapt":52,"Lantern":132,"Enchiridion":48,"Thread and Needle":60,"Bottled Tornado":113,"Boot":18,"WarpedTongs":5,"Runic Dome":88,"Lizard Tail":0,"Bottled Flame":25,"Ninja Scroll":113,"Philosopher\u0027s Stone":43,"Turnip":122,"Ring of the Snake":0}],"Ring of the Snake":[43],"WarpedTongs":[137]},"card_choices":[{"not_picked":["Bane","Outmaneuver"],"picked":"Sucker Punch","floor":1},{"not_picked":["Terror","Leg Sweep"],"picked":"Noxious Fumes","floor":4},{"not_picked":["Slice","Catalyst"],"picked":"Dash","floor":5},{"not_picked":["Setup","Poisoned Stab"],"picked":"Bane","floor":7},{"not_picked":["Blur","Dodge and Roll"],"picked":"Bane","floor":11},{"not_picked":["Sucker Punch","Dash"],"picked":"Backflip","floor":12},{"not_picked":["Dodge and Roll","Sucker Punch"],"picked":"Quick Slash","floor":14},{"not_picked":["Storm of Steel","Adrenaline"],"picked":"Corpse Explosion","floor":16},{"not_picked":["Acrobatics","Dash"],"picked":"PiercingWail","floor":18},{"not_picked":["Tactician","Sucker Punch"],"picked":"Backflip","floor":21},{"not_picked":["PiercingWail","Slice+1"],"picked":"Envenom","floor":27},{"not_picked":["Dagger Spray","Acrobatics"],"picked":"Prepared+1","floor":28},{"not_picked":["Deflect","Flying Knee"],"picked":"Crippling Poison","floor":29},{"not_picked":["Flying Knee","Eviscerate"],"picked":"Footwork","floor":31},{"not_picked":["Phantasmal Killer","Glass Knife"],"picked":"Burst","floor":33},{"not_picked":["Finisher","Dagger Throw","Sucker Punch"],"picked":"SKIP","floor":35},{"not_picked":["Underhanded Strike","Poisoned Stab"],"picked":"Cloak And Dagger","floor":36},{"not_picked":["Cloak And Dagger","Flechettes"],"picked":"Crippling Poison","floor":37},{"not_picked":["Eviscerate+1","Finisher","Unload"],"picked":"SKIP","floor":39},{"not_picked":["Deflect","Caltrops"],"picked":"Well Laid Plans+1","floor":41},{"not_picked":["Predator","Backflip"],"picked":"PiercingWail","floor":45},{"not_picked":["Blade Dance","Cloak And Dagger","Flying Knee+1"],"picked":"SKIP","floor":48}],"player_experience":1525670,"relics_obtained":[{"floor":9,"key":"Boot"},{"floor":11,"key":"Bottled Flame"},{"floor":19,"key":"Enchiridion"},{"floor":26,"key":"Darkstone Periapt"},{"floor":27,"key":"Thread and Needle"},{"floor":41,"key":"Bottled Tornado"},{"floor":43,"key":"Ninja Scroll"},{"floor":45,"key":"Turnip"},{"floor":48,"key":"Lantern"}],"event_choices":[{"damage_healed":0,"gold_gain":0,"player_choice":"Rummage","damage_taken":0,"relics_obtained":["WarpedTongs"],"max_hp_gain":0,"max_hp_loss":0,"event_name":"Accursed Blacksmith","floor":3,"gold_loss":0,"cards_obtained":["Pain"]},{"damage_healed":0,"gold_gain":0,"player_choice":"Obtained Book","damage_taken":21,"max_hp_gain":0,"max_hp_loss":0,"event_name":"Cursed Tome","floor":19,"gold_loss":0},{"damage_healed":0,"gold_gain":0,"cards_transformed":["Strike_G","Strike_G"],"player_choice":"Transformed Cards","damage_taken":0,"max_hp_gain":0,"max_hp_loss":0,"event_name":"Designer","floor":20,"gold_loss":75,"cards_obtained":["Bane","Blur"]},{"damage_healed":0,"gold_gain":0,"player_choice":"Upgraded","damage_taken":0,"max_hp_gain":0,"max_hp_loss":0,"event_name":"Upgrade Shrine","floor":22,"gold_loss":0,"cards_upgraded":["Dash"]},{"damage_healed":0,"gold_gain":0,"player_choice":"Ignored","damage_taken":0,"max_hp_gain":0,"max_hp_loss":0,"event_name":"Mysterious Sphere","floor":46,"gold_loss":0}],"is_beta":true,"boss_relics":[{"not_picked":["HoveringKite","SacredBark"],"picked":"Philosopher\u0027s Stone"},{"not_picked":["Coffee Dripper","Ring of the Serpent"],"picked":"Runic Dome"}],"items_purged_floors":[2,13,38],"is_endless":false,"potions_floor_spawned":[1,11,12,14,18,27,29,31,35,37,48],"killed_by":"Time Eater","ascension_level":18}}