{"host":"ojme7g6xlqwffsso","time":1610975843,"event":{"mods":["BaseMod","Better Third Choice","Infinite Spire","Lobotomy","Minty Spire (QoL Compilation)","Quick Restart","Replay The Spire","Shop Mod","StSLib"],"gold_per_floor":[113,34,45,58,58,58,85,103,156,156,188,188,188,199,199,294,294,309,309,324,324,336,367,307,307,307],"floor_reached":25,"language":"ENG","playtime":1311,"items_purged":[],"score":231,"play_id":"77e603af-137b-4ff5-b28f-f9af4327165e","local_time":"20210118221723","is_ascension_mode":false,"campfire_choices":[{"data":"Zap","floor":6,"key":"SMITH"},{"data":"Dualcast","floor":10,"key":"SMITH"},{"data":"Capacitor","floor":12,"key":"SMITH"},{"data":"ReplayTheSpireMod:Calculation Training","floor":15,"key":"SMITH"}],"circlet_count":0,"master_deck":["Strike_B","Strike_B","Strike_B","Defend_B","Defend_B","Defend_B","Zap+1","Dualcast+1","UniverseFragment","Scrape","Streamline","OldLady","Time Bomb","BigBird","Wellcheers","QueenBee","Compile Driver","Ball Lightning","ReplayTheSpireMod:Calculation Training+1","All For One","Hologram+1","Laetitia","Panic Button","GreedKing","Coolheaded+1","QueenOfHatred","SnowQueen"],"relics":["Cracked Core","CogitoBucket","White Beast Statue","Strawberry","Nunchaku","ReplayFunnel","Theresia","Replay:Bronze Core","Ancient Tea Set"],"acts_visited":["Exordium","TheCity"],"potions_floor_usage":[8,11,14,16,22,23,23,25],"damage_taken":[{"damage":2,"enemies":"Small Slimes","floor":1,"turns":3},{"damage":0,"enemies":"Cultist","floor":3,"turns":3},{"damage":0,"enemies":"2 Louse","floor":4,"turns":1},{"damage":21,"enemies":"3 Sentries","floor":7,"turns":5},{"damage":8,"enemies":"Large Slime","floor":8,"turns":4},{"damage":8,"enemies":"Gremlin Nob","floor":11,"turns":3},{"damage":12,"enemies":"Blue Slaver","floor":14,"turns":4},{"damage":30,"enemies":"Fading Forest","floor":16,"turns":11},{"damage":0,"enemies":"Chosen","floor":18,"turns":4},{"damage":33,"enemies":"Shell Parasite","floor":20,"turns":4},{"damage":12,"enemies":"Snake Plant","floor":22,"turns":4},{"damage":38,"enemies":"Slavers","floor":23,"turns":5},{"damage":26,"enemies":"Shelled Parasite and Fungi","floor":25,"turns":1}],"seed_played":"2096072309220502021","potions_obtained":[{"floor":3,"key":"Explosive Potion"},{"floor":4,"key":"Ancient Potion"},{"floor":7,"key":"ColorlessPotion"},{"floor":8,"key":"SmokeBomb"},{"floor":11,"key":"Fruit Juice"},{"floor":14,"key":"ColorlessPotion"},{"floor":16,"key":"Block Potion"},{"floor":18,"key":"Flashbang"},{"floor":22,"key":"Explosive Potion"},{"floor":23,"key":"SkillPotion"}],"is_trial":false,"path_per_floor":["M","?","M","M","?","R","E","M","T","R","E","R","?","M","R","B",null,"M","?","M","?","M","E","?","M"],"character_chosen":"DEFECT","items_purchased":[],"campfire_rested":0,"item_purchase_floors":[],"current_hp_per_floor":[73,73,73,73,73,73,59,51,51,51,51,51,51,42,42,31,87,87,87,57,57,45,16,16,0,0],"gold":307,"neow_bonus":"","is_daily":false,"chose_seed":false,"campfire_upgraded":4,"win_rate":0.0,"timestamp":1610975843,"path_taken":["M","?","M","?","?","R","E","M","T","R","E","R","?","M","R","BOSS","M","?","M","?","M","E","?","M"],"items_purchased_type":[],"build_version":"2020-12-22","purchased_purges":0,"victory":false,"max_hp_per_floor":[75,75,75,75,75,75,82,82,82,82,87,87,87,87,87,87,87,87,87,87,87,87,87,87,87,87],"card_choices":[{"not_picked":["FairyFestival","BeautyBeast"],"picked":"UniverseFragment","floor":1},{"not_picked":["Beam Cell","BasicCrystalCard"],"picked":"Scrape","floor":1},{"not_picked":["Beam Cell","ReplaySort"],"picked":"Streamline","floor":3},{"not_picked":["BeautyBeast","SpiderBud"],"picked":"OldLady","floor":3},{"not_picked":["Scrape","Aggregate"],"picked":"Time Bomb","floor":4},{"not_picked":["Variant","BeautyBeast"],"picked":"BigBird","floor":4},{"not_picked":["ReplayTheSpireMod:Repulse","Sweeping Beam"],"picked":"Capacitor","floor":7},{"not_picked":["ShyLook","BeautyBeast"],"picked":"Wellcheers","floor":7},{"not_picked":["SpiderBud","PunishingBird"],"picked":"QueenBee","floor":8},{"not_picked":["Static Discharge","Beam Cell"],"picked":"Compile Driver","floor":8},{"not_picked":["Leap","Gash"],"picked":"Ball Lightning","floor":11},{"not_picked":["Turbo","Go for the Eyes","ReplayTheSpireMod:Calculation Training"],"picked":"SKIP","floor":14},{"not_picked":["Fission","Seek"],"picked":"All For One","floor":16},{"not_picked":["Sweeping Beam","FIFO Queue"],"picked":"Hologram+1","floor":18},{"not_picked":["WallGazer","WhitesApple"],"picked":"Laetitia","floor":18},{"not_picked":["Recycle","Lockon+1"],"picked":"Panic Button","floor":20},{"not_picked":["Freischutz","Bloodbath"],"picked":"GreedKing","floor":20},{"not_picked":["BasicCrystalCard","Streamline"],"picked":"Coolheaded+1","floor":22},{"not_picked":["CherryBlossoms","MeatLantern"],"picked":"QueenOfHatred","floor":22},{"not_picked":["Rudolta","ShyLook"],"picked":"SnowQueen","floor":23},{"not_picked":["Lockon+1","Tempest+1","Compile Driver"],"picked":"SKIP","floor":23},{"not_picked":["Lockon+1","Tempest+1","Compile Driver"],"picked":"SKIP","floor":23}],"player_experience":768990,"relics_obtained":[{"floor":7,"key":"Strawberry"},{"floor":9,"key":"Nunchaku"},{"floor":11,"key":"ReplayFunnel"},{"floor":23,"key":"Ancient Tea Set"}],"event_choices":[{"damage_healed":0,"gold_gain":0,"player_choice":"Paid Gold","damage_taken":0,"relics_obtained":["White Beast Statue"],"max_hp_gain":0,"max_hp_loss":0,"event_name":"WeMeetAgain","floor":2,"gold_loss":79},{"damage_healed":0,"gold_gain":0,"cards_transformed":["Strike_B"],"player_choice":"Change","damage_taken":0,"max_hp_gain":0,"max_hp_loss":0,"event_name":"Living Wall","floor":13,"gold_loss":0,"cards_obtained":["ReplayTheSpireMod:Calculation Training"]},{"damage_healed":0,"gold_gain":0,"player_choice":"Ignored","damage_taken":0,"max_hp_gain":0,"max_hp_loss":0,"event_name":"Ghosts","floor":19,"gold_loss":0},{"damage_healed":0,"gold_gain":0,"player_choice":"Ignored","damage_taken":0,"max_hp_gain":0,"max_hp_loss":0,"event_name":"Vampires","floor":21,"gold_loss":0}],"is_beta":false,"boss_relics":[{"not_picked":["Ectoplasm","Honey Jar"],"picked":"Replay:Bronze Core"}],"items_purged_floors":[],"is_endless":false,"potions_floor_spawned":[3,4,7,8,11,14,16,18,20,22,23],"killed_by":"Shelled Parasite and Fungi","ascension_level":0}}