{"host":"3xls0xm49ftugio7","time":1610996967,"event":{"mods":["2.2 Compatiblity","AchievementEnabler","Act Like it!","BaseMod","Colored Powertips","Downfall","GifTheSpireLib","Minty Spire (QoL Compilation)","Quick Restart","Relic Stats","StSLib"],"gold_per_floor":[99,115,134,154,254,268,294,310,324,324,324,336,336,336,349,349,349],"floor_reached":16,"language":"ENG","playtime":1075,"items_purged":[],"score":120,"play_id":"a5e205a0-fbbb-4745-aa9e-ac9495e75116","local_time":"20210118210927","is_ascension_mode":true,"campfire_choices":[{"data":"sneckomod:TailWhip","floor":1,"key":"SMITH"},{"floor":10,"key":"REST"}],"circlet_count":0,"master_deck":["sneckomod:Strike","sneckomod:Strike","sneckomod:Strike","sneckomod:Defend","sneckomod:Defend","sneckomod:Defend","sneckomod:TailWhip+1","sneckomod:SnekBite","sneckomod:Unknown","sneckomod:SlitherStrike","Guardian:Gem_Cyan","sneckomod:Unknown0Cost","bronze:Shield","sneckomod:UnknownCommonSkill","sneckomod:PureSnecko","sneckomod:UnlimitedRolls","Trip","sneckomod:Nope","sneckomod:Unknown1Cost","bronze:MaxOutput","sneckomod:UnknownUncommonAttack","sneckomod:UnknownCommonSkill","sneckomod:Transmogrify","Guardian:BronzeOrb","sneckomod:SerpentIdol"],"relics":["sneckomod:SneckoSoul","downfall:GremlinSack","MealTicket"],"acts_visited":["Exordium"],"potions_floor_usage":[5,5,16,16],"damage_taken":[{"damage":8,"enemies":"Small Slimes","floor":2,"turns":4},{"damage":0,"enemies":"Cultist","floor":3,"turns":4},{"damage":0,"enemies":"2 Louse","floor":4,"turns":2},{"damage":30,"enemies":"2 Louse","floor":5,"turns":4},{"damage":29,"enemies":"Exordium Thugs","floor":6,"turns":6},{"damage":15,"enemies":"2 Fungi Beasts","floor":8,"turns":5},{"damage":20,"enemies":"3 Louse","floor":9,"turns":4},{"damage":3,"enemies":"Gremlin Gang","floor":12,"turns":4},{"damage":17,"enemies":"Exordium Wildlife","floor":15,"turns":5},{"damage":16,"enemies":"DF_ARCHETYPE_STREAMLINE","floor":16,"turns":4}],"seed_played":"-6881127667043809996","potions_obtained":[{"floor":2,"key":"hexamod:SoulburnPotion"},{"floor":4,"key":"Fire Potion"},{"floor":5,"key":"Weak Potion"},{"floor":8,"key":"Strength Potion"},{"floor":14,"key":"FearPotion"},{"floor":14,"key":"Swift Potion"},{"floor":15,"key":"DuplicationPotion"}],"is_trial":false,"path_per_floor":["R","M","M","M","?","M","T","M","M","R","?","M","R","?","M","B"],"character_chosen":"THE_SNECKO","items_purchased":[],"campfire_rested":1,"item_purchase_floors":[],"current_hp_per_floor":[99,91,91,91,61,37,37,22,2,31,31,28,28,28,11,0,0],"gold":349,"neow_bonus":"TEN_PERCENT_HP_BONUS","is_daily":false,"chose_seed":false,"campfire_upgraded":1,"win_rate":0.0,"timestamp":1610996967,"path_taken":["R","M","M","M","?","M","T","?","M","R","?","M","R","?","M","BOSS"],"items_purchased_type":[],"build_version":"2020-12-22","purchased_purges":0,"victory":false,"max_hp_per_floor":[99,99,99,99,99,99,99,99,99,99,99,99,99,99,99,99,99],"relic_stats":{"counters":[10,42],"MealTicket":0,"obtain_stats":[{"downfall:GremlinSack":5,"sneckomod:BlankCard":7,"MealTicket":15,"sneckomod:SneckoSoul":0},{"downfall:GremlinSack":4,"sneckomod:BlankCard":5,"MealTicket":9,"sneckomod:SneckoSoul":0},{"downfall:GremlinSack":14,"sneckomod:BlankCard":20,"MealTicket":38,"sneckomod:SneckoSoul":0}]},"card_choices":[{"not_picked":["sneckomod:UnknownUncommonSkill","sneckomod:QuickMove"],"picked":"sneckomod:SlitherStrike","floor":2},{"not_picked":["Guardian:Gem_Green","Guardian:Gem_Lightblue"],"picked":"Guardian:Gem_Cyan","floor":3},{"not_picked":["sneckomod:SoulRoll","sneckomod:MasterEye"],"picked":"sneckomod:UnknownDraw","floor":3},{"not_picked":["sneckomod:SoulRoll","sneckomod:UnknownCommonSkill"],"picked":"sneckomod:Unknown0Cost","floor":4},{"not_picked":["sneckomod:SoulDraw","sneckomod:MixItUp"],"picked":"sneckomod:Nope","floor":5},{"not_picked":["sneckomod:IronFang","sneckomod:SoulRoll"],"picked":"sneckomod:Unknown1Cost","floor":6},{"not_picked":["sneckomod:Unknown1Cost","sneckomod:MixItUp"],"picked":"sneckomod:UnknownUncommonAttack","floor":8},{"not_picked":["sneckomod:DiceBlock","sneckomod:IronFang"],"picked":"sneckomod:UnknownCommonSkill","floor":9},{"not_picked":["sneckomod:MixItUp","sneckomod:UnknownDraw"],"picked":"sneckomod:Transmogrify","floor":12},{"not_picked":["sneckomod:Nope","sneckomod:DiceBoulder"],"picked":"sneckomod:SerpentIdol","floor":15}],"player_experience":914591,"relics_obtained":[{"floor":5,"key":"downfall:GremlinSack"},{"floor":7,"key":"sneckomod:BlankCard"},{"floor":15,"key":"MealTicket"}],"event_choices":[{"cards_removed":["Pain"],"damage_healed":0,"gold_gain":0,"player_choice":"Forget","damage_taken":0,"max_hp_gain":0,"max_hp_loss":0,"event_name":"Living Wall","floor":11,"gold_loss":0},{"damage_healed":0,"gold_gain":0,"player_choice":"Got Potions","damage_taken":0,"max_hp_gain":0,"max_hp_loss":0,"event_name":"Lab","floor":14,"gold_loss":0}],"is_beta":false,"boss_relics":[],"items_purged_floors":[],"is_endless":false,"potions_floor_spawned":[2,4,5,8,15],"killed_by":"DF_ARCHETYPE_STREAMLINE","ascension_level":5}}