{"host":"p1xsuo25udtrkbq2","time":1610969135,"event":{"mods":["BaseMod","Colored Map","Highlight Path","Minty Spire (QoL Compilation)","Quick Restart","Rare Cards Sparkle","Relic Stats","Slay the Relics Exporter","StSLib","everything is the same but u backflip on backflip"],"gold_per_floor":[119,48,48,61,61,61,10,36,62,62,87,87,118,118,118,221,221,240,48,67,67,80,80,111,111,166,198,215,234,234,0,0,95,95,111,211,222,236,86,86,120,120,170,202,15,15,26,61,61,61,61,61,12,41,41],"floor_reached":56,"language":"ENG","playtime":5170,"items_purged":["Strike_B","Strike_B","Strike_B"],"score":1459,"play_id":"70a0a532-4e75-42a9-8d6d-87740561b4ef","local_time":"20210118062535","is_ascension_mode":true,"campfire_choices":[{"data":"Sunder","floor":6.0,"key":"SMITH"},{"data":"Static Discharge","floor":12.0,"key":"SMITH"},{"data":"Zap","floor":15.0,"key":"SMITH"},{"data":"Electrodynamics","floor":23.0,"key":"SMITH"},{"data":"1","floor":25.0,"key":"LIFT"},{"data":"2","floor":30.0,"key":"LIFT"},{"data":"Capacitor","floor":32.0,"key":"SMITH"},{"data":"Thunder Strike","floor":40.0,"key":"SMITH"},{"data":"3","floor":42.0,"key":"LIFT"},{"floor":49.0,"key":"RECALL"},{"data":"Lockon","floor":52.0,"key":"SMITH"}],"circlet_count":0,"master_deck":["Strike_B","Defend_B","Defend_B","Defend_B","Zap+1","Dualcast","Leap","Sunder+1","Static Discharge+1","Cold Snap","Glacier+1","Skim+1","Echo Form","Electrodynamics+1","Lockon+1","Conserve Battery+1","Turbo+1","Redo+1","Sweeping Beam","Steam Power+1","Seek+1","Capacitor+1","Thunder Strike+1","Stack+1","Coolheaded+1","Core Surge","Leap+1","Steam+1","Go for the Eyes+1","Chaos+1","Barrage","Recycle+1"],"relics":["Cracked Core","NeowsBlessing","Toxic Egg 2","Toy Ornithopter","DataDisk","Anchor","StoneCalendar","Nuclear Battery","PreservedInsect","Girya","Darkstone Periapt","Membership Card","Inserter","Strawberry","Potion Belt","Blue Candle","Lee\u0027s Waffle","Bag of Preparation","HornCleat"],"acts_visited":["Exordium","TheCity","TheBeyond","TheEnding"],"potions_floor_usage":[54,55,55],"damage_taken":[{"damage":0.0,"enemies":"Small Slimes","floor":1.0,"turns":1.0},{"damage":0.0,"enemies":"Jaw Worm","floor":4.0,"turns":1.0},{"damage":0.0,"enemies":"Lagavulin","floor":8.0,"turns":1.0},{"damage":6.0,"enemies":"3 Sentries","floor":11.0,"turns":5.0},{"damage":13.0,"enemies":"Gremlin Nob","floor":13.0,"turns":4.0},{"damage":10.0,"enemies":"Slime Boss","floor":16.0,"turns":7.0},{"damage":0.0,"enemies":"3 Byrds","floor":18.0,"turns":2.0},{"damage":2.0,"enemies":"Shell Parasite","floor":20.0,"turns":3.0},{"damage":0.0,"enemies":"Cultist and Chosen","floor":22.0,"turns":5.0},{"damage":22.0,"enemies":"Book of Stabbing","floor":24.0,"turns":4.0},{"damage":9.0,"enemies":"Slavers","floor":27.0,"turns":4.0},{"damage":0.0,"enemies":"Snecko","floor":28.0,"turns":3.0},{"damage":9.0,"enemies":"Sentry and Sphere","floor":29.0,"turns":4.0},{"damage":8.0,"enemies":"Champ","floor":33.0,"turns":8.0},{"damage":0.0,"enemies":"3 Shapes","floor":35.0,"turns":3.0},{"damage":0.0,"enemies":"Orb Walker","floor":37.0,"turns":3.0},{"damage":25.0,"enemies":"Jaw Worm Horde","floor":38.0,"turns":4.0},{"damage":9.0,"enemies":"Nemesis","floor":41.0,"turns":7.0},{"damage":25.0,"enemies":"Giant Head","floor":44.0,"turns":6.0},{"damage":0.0,"enemies":"Writhing Mass","floor":47.0,"turns":7.0},{"damage":20.0,"enemies":"Reptomancer","floor":48.0,"turns":5.0},{"damage":53.0,"enemies":"Time Eater","floor":50.0,"turns":11.0},{"damage":30,"enemies":"Shield and Spear","floor":54,"turns":4},{"damage":92,"enemies":"The Heart","floor":55,"turns":8}],"seed_played":"-6861647380916236950","potions_obtained":[{"floor":11.0,"key":"Weak Potion"},{"floor":13.0,"key":"FocusPotion"},{"floor":20.0,"key":"EssenceOfSteel"},{"floor":24.0,"key":"AttackPotion"},{"floor":27.0,"key":"Swift Potion"},{"floor":33.0,"key":"EssenceOfSteel"},{"floor":37.0,"key":"Fruit Juice"},{"floor":38.0,"key":"PotionOfCapacity"},{"floor":44.0,"key":"CultistPotion"},{"floor":48.0,"key":"CultistPotion"}],"is_trial":false,"path_per_floor":["M","$","?","M","$","R","$","E","T","?","E","R","E","?","R","B",null,"M","$","M","?","M","R","E","R","T","E","M","M","R","$","R","B",null,"M","?","M","M","$","R","E","R","T","E","$","?","M","E","R","B",null,"R","$","E","B",null],"character_chosen":"DEFECT","items_purchased":["Sunder","Cold Snap","Conserve Battery+1","PreservedInsect","Membership Card","Capacitor","Weak Potion","Core Surge","FairyPotion","Lee\u0027s Waffle","Barrage","PowerPotion"],"campfire_rested":0,"item_purchase_floors":[2,7,19,19,31,31,39,39,45,45,53,53],"current_hp_per_floor":[75,75,75,75,75,75,75,75,75,68,62,62,54,54,54,44,75,75,75,73,73,73,73,53,53,53,49,54,45,45,45,45,42,75,75,75,75,50,60,60,68,68,68,43,94,94,94,74,74,26,94,94,94,64,10],"gold":41,"neow_bonus":"THREE_ENEMY_KILL","is_daily":false,"chose_seed":false,"campfire_upgraded":7,"win_rate":0.0,"timestamp":1610969135,"path_taken":["M","$","?","M","?","R","$","E","T","?","E","R","E","?","R","BOSS","M","$","M","?","M","R","E","R","T","E","M","M","R","$","R","BOSS","M","?","M","?","?","R","E","R","T","E","$","?","?","E","R","BOSS","R","$","E","BOSS"],"items_purchased_type":["Card","Card","Card","Relic","Relic","Card","Potion","Card","Potion","Relic","Card","Potion"],"build_version":"2020-12-22","purchased_purges":3,"victory":true,"max_hp_per_floor":[75,75,75,75,75,75,75,75,75,75,75,75,75,75,75,75,75,75,75,75,75,75,75,75,75,75,75,75,75,75,75,75,75,75,75,75,75,75,80,80,87,87,87,87,94,94,94,94,94,94,94,94,94,94,94],"relic_stats":{"Darkstone Periapt":0,"Lee\u0027s Waffle":51,"Inserter":[24],"counters":[24,110],"Blue Candle":[0],"StoneCalendar":[190],"PreservedInsect":379,"Bag of Preparation":[6],"obtain_stats":[{"Darkstone Periapt":27,"Potion Belt":43,"Girya":24,"Lee\u0027s Waffle":45,"Inserter":34,"NeowsBlessing":0,"Blue Candle":44,"StoneCalendar":13,"PreservedInsect":19,"Bag of Preparation":48,"Nuclear Battery":17,"DataDisk":10,"Anchor":11,"HornCleat":54,"Strawberry":41,"Membership Card":31,"Toxic Egg 2":8,"Cracked Core":0,"Toy Ornithopter":9},{"Darkstone Periapt":11,"Potion Belt":18,"Girya":10,"Lee\u0027s Waffle":19,"Inserter":14,"NeowsBlessing":0,"Blue Candle":19,"StoneCalendar":5,"PreservedInsect":7,"Bag of Preparation":21,"Nuclear Battery":6,"DataDisk":3,"Anchor":4,"HornCleat":23,"Strawberry":18,"Membership Card":13,"Toxic Egg 2":3,"Cracked Core":0,"Toy Ornithopter":3},{"Darkstone Periapt":37,"Potion Belt":69,"Girya":33,"Lee\u0027s Waffle":75,"Inserter":52,"NeowsBlessing":0,"Blue Candle":75,"StoneCalendar":12,"PreservedInsect":21,"Bag of Preparation":87,"Nuclear Battery":19,"DataDisk":3,"Anchor":8,"HornCleat":102,"Strawberry":69,"Membership Card":44,"Toxic Egg 2":3,"Cracked Core":0,"Toy Ornithopter":3}],"Toy Ornithopter":52},"card_choices":[{"not_picked":["Compile Driver","Beam Cell"],"picked":"Leap","floor":1.0},{"not_picked":["Heatsinks","Hologram"],"picked":"Static Discharge","floor":4.0},{"not_picked":["Turbo+1","Streamline"],"picked":"Glacier+1","floor":8.0},{"not_picked":["Force Field+1","Thunder Strike"],"picked":"Skim+1","floor":11.0},{"not_picked":["Turbo+1","Redo+1"],"picked":"Echo Form","floor":13.0},{"not_picked":["Creative AI","Buffer"],"picked":"Electrodynamics","floor":16.0},{"not_picked":["Compile Driver","Cold Snap"],"picked":"Lockon","floor":18.0},{"not_picked":["Hologram+1","Stack+1"],"picked":"Turbo+1","floor":20.0},{"not_picked":["Beam Cell","Double Energy+1"],"picked":"Redo+1","floor":22.0},{"not_picked":["Rebound","White Noise+1"],"picked":"Sweeping Beam","floor":24.0},{"not_picked":["BootSequence+1","Blizzard"],"picked":"Steam Power+1","floor":27.0},{"not_picked":["Heatsinks+1","Doom and Gloom","Double Energy+1"],"picked":"SKIP","floor":28.0},{"not_picked":["Redo+1","Ball Lightning+1"],"picked":"Seek+1","floor":29.0},{"not_picked":["Electrodynamics","Reboot+1"],"picked":"Thunder Strike","floor":33.0},{"not_picked":["Redo+1","Compile Driver+1"],"picked":"Stack+1","floor":35.0},{"not_picked":["Doom and Gloom","Blizzard+1"],"picked":"Coolheaded+1","floor":37.0},{"not_picked":["FTL+1","Cold Snap","Coolheaded+1"],"picked":"SKIP","floor":38.0},{"not_picked":["Genetic Algorithm+1","White Noise+1"],"picked":"Leap+1","floor":41.0},{"not_picked":["Loop","Beam Cell"],"picked":"Steam+1","floor":44.0},{"not_picked":["Hologram+1","Turbo+1"],"picked":"Go for the Eyes+1","floor":47.0},{"not_picked":["Doom and Gloom","Reboot+1"],"picked":"Chaos+1","floor":48.0},{"not_picked":["Redo+1","Leap+1"],"picked":"Recycle+1","floor":54}],"player_experience":922916,"relics_obtained":[{"floor":8.0,"key":"Toxic Egg 2"},{"floor":9.0,"key":"Toy Ornithopter"},{"floor":11.0,"key":"Anchor"},{"floor":13.0,"key":"StoneCalendar"},{"floor":24.0,"key":"Girya"},{"floor":27.0,"key":"Darkstone Periapt"},{"floor":41.0,"key":"Strawberry"},{"floor":43.0,"key":"Potion Belt"},{"floor":44.0,"key":"Blue Candle"},{"floor":48.0,"key":"Bag of Preparation"},{"floor":54,"key":"HornCleat"}],"event_choices":[{"damage_healed":0.0,"max_hp_gain":0.0,"max_hp_loss":0.0,"gold_gain":0.0,"event_name":"The Cleric","player_choice":"Leave","floor":3.0,"gold_loss":0.0,"damage_taken":0.0},{"damage_healed":0.0,"max_hp_gain":0.0,"max_hp_loss":0.0,"gold_gain":0.0,"event_name":"Scrap Ooze","player_choice":"Success","floor":10.0,"gold_loss":0.0,"damage_taken":7.0,"relics_obtained":["DataDisk"]},{"damage_healed":0.0,"max_hp_gain":0.0,"max_hp_loss":0.0,"gold_gain":0.0,"event_name":"Liars Game","player_choice":"Ignored","floor":14.0,"gold_loss":0.0,"damage_taken":0.0},{"damage_healed":0.0,"max_hp_gain":0.0,"max_hp_loss":0.0,"gold_gain":100.0,"event_name":"Golden Shrine","player_choice":"Pray","floor":36.0,"gold_loss":0.0,"damage_taken":0.0},{"cards_removed":["Defend_B"],"damage_healed":0.0,"max_hp_gain":0.0,"max_hp_loss":0.0,"gold_gain":0.0,"event_name":"Purifier","player_choice":"Purged","floor":46.0,"gold_loss":0.0,"damage_taken":0.0}],"is_beta":false,"boss_relics":[{"not_picked":["Astrolabe","Coffee Dripper"],"picked":"Nuclear Battery"},{"not_picked":["Sozu","Tiny House"],"picked":"Inserter"}],"items_purged_floors":[31,39,45],"is_endless":false,"potions_floor_spawned":[11,13,20,24,27,33,37,38,44,48],"ascension_level":4}}