{"host":"5fpb1gzflhq9886n","time":1610955990,"event":{"mods":["AchievementEnabler","BaseMod","Colored Map","Colored Powertips","Minty Spire (QoL Compilation)","Permanent Neow"],"gold_per_floor":[116,116,66,66,85,113,113,147,172,172,187,187,212,233,233,352,352,375,10,28,47,65,65,80,94,94,94,94,138,138,63,63,63,63],"floor_reached":33,"language":"ENG","playtime":1613,"items_purged":["Strike_P"],"score":420,"play_id":"7e832bfe-1954-4d1f-80bb-dc06317ea8cc","local_time":"20210118024630","is_ascension_mode":true,"campfire_choices":[{"floor":10.0,"key":"REST"},{"data":"TalkToTheHand","floor":12.0,"key":"SMITH"},{"data":"BattleHymn","floor":15.0,"key":"SMITH"},{"floor":23.0,"key":"REST"},{"floor":27.0,"key":"REST"},{"floor":30.0,"key":"REST"},{"floor":32.0,"key":"RECALL"}],"circlet_count":0,"master_deck":["Strike_P+1","Defend_P+1","Defend_P+1","Defend_P+1","Defend_P+1","Eruption","Vigilance+1","Tantrum","BattleHymn+1","TalkToTheHand+1","LessonLearned","CrushJoints","FlyingSleeves","Ragnarok+1","Halt","Meditate","CutThroughFate+1","Indignation","LikeWater","SandsOfTime"],"relics":["PureWater","Orichalcum","Boot","Bottled Flame","Golden Idol","Sundial","Blood Vial","Tiny Chest","VioletLotus","Lizard Tail","Ancient Tea Set"],"acts_visited":["Exordium","TheCity"],"potions_floor_usage":[],"damage_taken":[{"damage":0.0,"enemies":"Jaw Worm","floor":1.0,"turns":3.0},{"damage":6.0,"enemies":"2 Louse","floor":5.0,"turns":2.0},{"damage":16.0,"enemies":"3 Sentries","floor":6.0,"turns":6.0},{"damage":12.0,"enemies":"Lagavulin","floor":8.0,"turns":3.0},{"damage":0.0,"enemies":"Small Slimes","floor":11.0,"turns":2.0},{"damage":11.0,"enemies":"Blue Slaver","floor":14.0,"turns":2.0},{"damage":0.0,"enemies":"Slime Boss","floor":16.0,"turns":3.0},{"damage":25.0,"enemies":"Shell Parasite","floor":18.0,"turns":5.0},{"damage":7.0,"enemies":"Chosen","floor":20.0,"turns":4.0},{"damage":16.0,"enemies":"Sentry and Sphere","floor":21.0,"turns":3.0},{"damage":17.0,"enemies":"Cultist and Chosen","floor":22.0,"turns":6.0},{"damage":3.0,"enemies":"Centurion and Healer","floor":24.0,"turns":3.0},{"damage":0.0,"enemies":"Snecko","floor":25.0,"turns":2.0},{"damage":0.0,"enemies":"Book of Stabbing","floor":29.0,"turns":1.0},{"damage":145,"enemies":"Champ","floor":33,"turns":6}],"seed_played":"862131702025308132","potions_obtained":[{"floor":5.0,"key":"SkillPotion"},{"floor":14.0,"key":"Strength Potion"},{"floor":16.0,"key":"DistilledChaos"},{"floor":20.0,"key":"Dexterity Potion"},{"floor":25.0,"key":"SteroidPotion"}],"is_trial":false,"path_per_floor":["M","?","?","?","M","E","?","E","T","R","M","R","T","M","R","B",null,"M","$","M","M","M","R","M","M","T","R","?","E","R","?","R","B"],"character_chosen":"WATCHER","items_purchased":["Lizard Tail"],"campfire_rested":4,"item_purchase_floors":[19],"current_hp_per_floor":[72,72,72,65,59,43,43,31,31,51,53,53,53,44,44,46,67,42,42,37,23,8,28,27,29,29,49,49,51,67,67,67,0,0],"gold":63,"neow_bonus":"RANDOM_COMMON_RELIC","is_daily":false,"chose_seed":false,"campfire_upgraded":2,"win_rate":0.0,"timestamp":1610955990,"path_taken":["M","?","?","?","M","E","?","E","T","R","M","R","?","M","R","BOSS","M","$","M","M","M","R","M","?","T","R","?","E","R","?","R","BOSS"],"items_purchased_type":["Relic"],"build_version":"2020-12-22","purchased_purges":1,"victory":false,"max_hp_per_floor":[72,72,72,72,72,72,67,67,67,67,67,67,67,67,67,67,67,67,67,67,67,67,67,67,67,67,67,67,67,67,67,67,67,67],"card_choices":[{"not_picked":["Crescendo","SashWhip"],"picked":"Tantrum","floor":1.0},{"not_picked":["WheelKick","Halt"],"picked":"BattleHymn","floor":5.0},{"not_picked":["FlurryOfBlows","Weave"],"picked":"TalkToTheHand","floor":6.0},{"not_picked":["Indignation","ClearTheMind"],"picked":"LessonLearned","floor":8.0},{"not_picked":["Prostrate","ThirdEye"],"picked":"CrushJoints","floor":11.0},{"not_picked":["CrushJoints","PathToVictory"],"picked":"FlyingSleeves","floor":14.0},{"not_picked":["Wish","Judgement"],"picked":"Ragnarok","floor":16.0},{"not_picked":["PathToVictory","TalkToTheHand"],"picked":"Halt","floor":18.0},{"not_picked":["Protect","WreathOfFlame"],"picked":"Meditate","floor":20.0},{"not_picked":["Study+1","ForeignInfluence"],"picked":"CutThroughFate+1","floor":21.0},{"not_picked":["EmptyBody","FlyingSleeves+1","Evaluate"],"picked":"SKIP","floor":22.0},{"not_picked":["Meditate","MentalFortress"],"picked":"Indignation","floor":24.0},{"not_picked":["Indignation","Consecrate"],"picked":"LikeWater","floor":25.0},{"not_picked":["ThirdEye","Ragnarok"],"picked":"SandsOfTime","floor":29.0}],"player_experience":722479,"relics_obtained":[{"floor":6.0,"key":"Bottled Flame"},{"floor":8.0,"key":"Sundial"},{"floor":9.0,"key":"Blood Vial"},{"floor":13.0,"key":"Tiny Chest"},{"floor":29.0,"key":"Ancient Tea Set"}],"event_choices":[{"damage_healed":0.0,"max_hp_gain":0.0,"max_hp_loss":0.0,"gold_gain":0.0,"event_name":"Big Fish","player_choice":"Box","floor":2.0,"gold_loss":0.0,"damage_taken":0.0,"relics_obtained":["Boot"],"cards_obtained":["Regret"]},{"cards_removed":["Regret"],"damage_healed":0.0,"max_hp_gain":0.0,"max_hp_loss":0.0,"gold_gain":0.0,"event_name":"The Cleric","player_choice":"Card Removal","floor":3.0,"gold_loss":50.0,"damage_taken":0.0},{"cards_removed":["Strike_P"],"damage_healed":0.0,"max_hp_gain":0.0,"max_hp_loss":0.0,"gold_gain":0.0,"event_name":"Golden Wing","player_choice":"Card Removal","floor":4.0,"gold_loss":0.0,"damage_taken":7.0},{"damage_healed":0.0,"max_hp_gain":0.0,"max_hp_loss":5.0,"gold_gain":0.0,"event_name":"Golden Idol","player_choice":"Lose Max HP","floor":7.0,"gold_loss":0.0,"damage_taken":0.0,"relics_obtained":["Golden Idol"]},{"damage_healed":0.0,"max_hp_gain":0.0,"max_hp_loss":0.0,"gold_gain":0.0,"event_name":"Back to Basics","player_choice":"Simplicity","floor":28.0,"gold_loss":0.0,"damage_taken":0.0,"cards_upgraded":["Strike_P","Strike_P","Defend_P","Defend_P","Defend_P","Defend_P"]},{"cards_removed":["Strike_P"],"damage_healed":0.0,"max_hp_gain":0.0,"max_hp_loss":0.0,"gold_gain":0.0,"event_name":"Beggar","player_choice":"Gave Gold","floor":31.0,"gold_loss":75.0,"damage_taken":0.0}],"is_beta":false,"boss_relics":[{"not_picked":["Runic Dome","Velvet Choker"],"picked":"VioletLotus"}],"items_purged_floors":[19],"is_endless":false,"potions_floor_spawned":[5,14,16,20,22,25],"killed_by":"Champ","ascension_level":4}}