{"host":"cw25u8qal1h0d7ia","time":1610981573,"event":{"mods":["BaseMod","Downfall","Minty Spire (QoL Compilation)","StSLib"],"gold_per_floor":[99,114,131,231,250,262,332,332,352,387,387,397,413,448,468,566,566,466,477,477,488,505,405,405,434,449,449,13,13,13,41,54,54,54],"floor_reached":33,"language":"ENG","playtime":2813,"items_purged":["Decay"],"score":359,"play_id":"6a562631-8e47-4934-ba7a-5b7e35481331","local_time":"20210118155253","is_ascension_mode":true,"campfire_choices":[{"data":"bronze:HyperBeam","floor":1,"key":"SMITH"},{"floor":8,"key":"REST"},{"floor":11,"key":"REST"},{"floor":18,"key":"RECALL"},{"floor":23,"key":"REST"},{"floor":27,"key":"REST"},{"floor":30,"key":"REST"}],"circlet_count":0,"master_deck":["bronze:Strike","bronze:Strike","bronze:Strike","bronze:Strike","bronze:Defend","bronze:Defend","bronze:Defend","bronze:Defend","bronze:Replicate","bronze:Goto+1","bronze:HyperBeam+1","bronze:Optimize","bronze:InfiniteBeams","bronze:Separator","bronze:Repulsor","bronze:Virus+1","bronze:CleanCode","Enlightenment","bronze:Deprecate+1"],"relics":["bronze:BronzeCore","Question Card","Eternal Feather","Fusion Hammer","downfall:HeartBlessingGreen","downfall:HeartBlessingRed","Matryoshka","Dream Catcher","Bottled Flame","downfall:RedIOU","Blue Candle"],"acts_visited":["Exordium","TheCity"],"potions_floor_usage":[10,14,16,31,31,33,33],"damage_taken":[{"damage":7,"enemies":"Jaw Worm","floor":2,"turns":3},{"damage":1,"enemies":"Cultist","floor":3,"turns":3},{"damage":11,"enemies":"2 Louse","floor":5,"turns":3},{"damage":12,"enemies":"Red Slaver","floor":6,"turns":4},{"damage":16,"enemies":"Exordium Thugs","floor":9,"turns":4},{"damage":14,"enemies":"Gremlin Nob","floor":10,"turns":4},{"damage":8,"enemies":"3 Louse","floor":12,"turns":3},{"damage":4,"enemies":"Red Slaver","floor":13,"turns":5},{"damage":3,"enemies":"3 Sentries","floor":14,"turns":3},{"damage":1,"enemies":"Exordium Wildlife","floor":15,"turns":3},{"damage":33,"enemies":"DF_ARCHETYPE_STREAMLINE","floor":16,"turns":9},{"damage":6,"enemies":"Chosen","floor":19,"turns":4},{"damage":38,"enemies":"Snake Plant","floor":21,"turns":5},{"damage":2,"enemies":"Cultist and Chosen","floor":22,"turns":4},{"damage":0,"enemies":"Gremlin Leader","floor":25,"turns":4},{"damage":6,"enemies":"Snecko","floor":26,"turns":4},{"damage":0,"enemies":"downfall:FleeingMerchant","floor":28,"turns":4},{"damage":15,"enemies":"Book of Stabbing","floor":31,"turns":4},{"damage":31,"enemies":"Centurion and Healer","floor":32,"turns":4},{"damage":22,"enemies":"WA_ARCHETYPE_CALM","floor":33,"turns":4}],"seed_played":"-769293960283913037","potions_obtained":[{"floor":5,"key":"DuplicationPotion"},{"floor":9,"key":"Swift Potion"},{"floor":14,"key":"FairyPotion"},{"floor":15,"key":"Dexterity Potion"},{"floor":21,"key":"Swift Potion"},{"floor":25,"key":"Fire Potion"},{"floor":31,"key":"BlessingOfTheForge"},{"floor":32,"key":"CultistPotion"}],"is_trial":false,"path_per_floor":["R","M","M","?","M","M","T","R","M","E","R","M","M","E","M","B",null,"R","M","?","M","M","R","T","E","M","R","$","?","R","E","M","B"],"character_chosen":"THE_AUTOMATON","items_purchased":["Bottled Flame","Enlightenment"],"campfire_rested":5,"item_purchase_floors":[28,28],"current_hp_per_floor":[63,56,55,55,44,32,32,50,34,20,38,30,26,23,22,15,63,63,57,57,19,17,44,44,44,38,63,63,63,63,48,17,0,0],"gold":54,"neow_bonus":"THREE_RARE_CARDS","is_daily":false,"chose_seed":false,"campfire_upgraded":1,"win_rate":0.0,"timestamp":1610981573,"path_taken":["R","M","M","?","M","M","T","R","M","E","R","M","?","E","M","BOSS","R","M","?","M","M","R","T","E","?","R","$","?","R","E","M","BOSS"],"items_purchased_type":["Relic","Card"],"build_version":"2020-12-22","purchased_purges":1,"victory":false,"max_hp_per_floor":[63,63,63,63,63,63,63,63,63,63,63,63,63,63,63,63,63,63,63,63,63,63,63,63,63,63,63,63,63,63,63,63,63,63],"card_choices":[{"not_picked":["bronze:SpaghettiCode","bronze:FindAndReplace"],"picked":"bronze:HyperBeam","floor":0},{"not_picked":["bronze:WildBeam","bronze:Frontload"],"picked":"bronze:Optimize","floor":2},{"not_picked":["bronze:ClassDefault","bronze:Deprecate","bronze:Overheat"],"picked":"SKIP","floor":3},{"not_picked":["bronze:BuggyMess","bronze:WildBeam","bronze:BugBarrage"],"picked":"SKIP","floor":5},{"not_picked":["bronze:Backtrace","bronze:WhirlingStrike","bronze:Overload"],"picked":"SKIP","floor":6},{"not_picked":["bronze:WildBeam","bronze:ClassDefault","bronze:WhirlingStrike"],"picked":"bronze:InfiniteBeams","floor":9},{"not_picked":["bronze:Flail","bronze:Backtrace","bronze:Refactor","bronze:Assembly"],"picked":"SKIP","floor":10},{"not_picked":["bronze:Overload","bronze:BronzeOrb","bronze:Repair","bronze:Boost"],"picked":"SKIP","floor":12},{"not_picked":["bronze:BuggyMess","bronze:Shell","bronze:ForLoop","bronze:Iterate"],"picked":"SKIP","floor":13},{"not_picked":["bronze:FineTuning","bronze:ThunderWave","bronze:CutThrough"],"picked":"bronze:Separator","floor":14},{"not_picked":["bronze:WildBeam","bronze:CutThrough","bronze:Frontload"],"picked":"bronze:Repulsor","floor":15},{"not_picked":["bronze:Library","bronze:InfiniteLoop","bronze:BurnOut"],"picked":"bronze:Virus","floor":16},{"not_picked":["bronze:Backtrace","bronze:Boost","bronze:Branch","bronze:DelayedSlice"],"picked":"SKIP","floor":19},{"not_picked":["bronze:DelayedGuard+1","bronze:CloningBeam+1","bronze:Fortify","bronze:Optimize"],"picked":"SKIP","floor":21},{"not_picked":["bronze:FineTuning","bronze:Branch+1","bronze:Separator","bronze:CutThrough"],"picked":"SKIP","floor":22},{"not_picked":["bronze:ItsAFeature","bronze:Invalidate","bronze:Boost+1","bronze:Branch"],"picked":"SKIP","floor":25},{"not_picked":["bronze:Iterate","bronze:DelayedSlice","bronze:Philosophize","bronze:ClassDefault"],"picked":"SKIP","floor":26},{"not_picked":["bronze:BuggyMess","bronze:Invalidate","bronze:Separator+1"],"picked":"bronze:CleanCode","floor":28},{"not_picked":["bronze:ForLoop","bronze:OilSpill+1","bronze:BitShift"],"picked":"bronze:Deprecate+1","floor":31},{"not_picked":["bronze:DarkDash+1","bronze:WildBeam","bronze:Fortify+1","bronze:BronzeOrb+1"],"picked":"SKIP","floor":32}],"player_experience":589259,"relics_obtained":[{"floor":7,"key":"Question Card"},{"floor":10,"key":"Bag of Preparation"},{"floor":14,"key":"Eternal Feather"},{"floor":24,"key":"Matryoshka"},{"floor":25,"key":"Dream Catcher"},{"floor":31,"key":"Blue Candle"}],"event_choices":[],"is_beta":false,"boss_relics":[{"not_picked":["Velvet Choker","Black Star"],"picked":"Fusion Hammer"}],"items_purged_floors":[28],"is_endless":false,"potions_floor_spawned":[5,9,14,15,21,25,31,32],"killed_by":"WA_ARCHETYPE_CALM","ascension_level":2}}