{"host":"pjgcdp3h1plnbocs","time":1610973397,"event":{"mods":["AchievementEnabler","BaseMod","Colored Map","Downfall","Highlight Path","Minty Spire (QoL Compilation)","StSLib"],"gold_per_floor":[99,113,113,113,130,145,216,216,233,267,267,286,301,326,336,440,440,440,454,439,459,470,503,503,503,529,545,395,395,395,217,236,333,333,333,353,366,376,376,114,141,1,28,28,91,110,110,110,129,129],"floor_reached":51,"language":"ENG","playtime":3330,"items_purged":["Writhe","Guardian:Defend_Guardian","Guardian:Defend_Guardian"],"score":779,"play_id":"5b2c298d-16f4-47a7-80f9-9fd7c158fc2c","local_time":"20210118133637","is_ascension_mode":false,"campfire_choices":[{"data":"Guardian:TwinSlam","floor":1,"key":"SMITH"},{"data":"Guardian:PiercingHide","floor":8,"key":"SMITH"},{"data":"Guardian:ChargeCore","floor":11,"key":"SMITH"},{"data":"Guardian:DecasProtection","floor":18,"key":"SMITH"},{"data":"Guardian:ChargeCore","floor":25,"key":"SMITH"},{"data":"Guardian:RevengeProtocol","floor":30,"key":"SMITH"},{"data":"Guardian:CurlUp","floor":35,"key":"SMITH"},{"floor":44,"key":"REST"},{"floor":47,"key":"REST"}],"circlet_count":0,"master_deck":["Guardian:Strike_Guardian","Guardian:Strike_Guardian+1","Guardian:Strike_Guardian","Guardian:Strike_Guardian+1","Guardian:Defend_Guardian+1","Guardian:Defend_Guardian","Guardian:CurlUp+1","Guardian:TwinSlam+1","Guardian:PiercingHide+1","Guardian:BronzeArmor+1","Guardian:ChargeCore+1","Guardian:ChargeCore+1","Guardian:DecasProtection+1","Guardian:PrimingBeam+1","Guardian:RevengeProtocol+1","Guardian:DecasProtection+1","Guardian:PrimingBeam+1","expansioncontent:LastStand+1","Guardian:RollAttack+1","Guardian:ExploitGems","Guardian:DonusPower+1","Guardian:EvasiveProtocol"],"relics":["Guardian:ModeShifter","FossilizedHelix","Pear","TungstenRod","Juzu Bracelet","SlaversCollar","HornCleat","Meat on the Bone","Bottled Lightning","Du-Vu Doll","SacredBark","War Paint","Blood Vial","InkBottle","HandDrill","Whetstone"],"acts_visited":["Exordium","TheCity","TheBeyond"],"potions_floor_usage":[15,26,42,43,43,43,43,50],"damage_taken":[{"damage":3,"enemies":"Jaw Worm","floor":2,"turns":4},{"damage":0,"enemies":"Cultist","floor":5,"turns":5},{"damage":0,"enemies":"Small Slimes","floor":6,"turns":5},{"damage":12,"enemies":"Gremlin Gang","floor":9,"turns":6},{"damage":18,"enemies":"Lagavulin","floor":10,"turns":10},{"damage":0,"enemies":"Large Slime","floor":12,"turns":4},{"damage":0,"enemies":"Exordium Thugs","floor":13,"turns":4},{"damage":15,"enemies":"Gremlin Nob","floor":14,"turns":4},{"damage":0,"enemies":"2 Fungi Beasts","floor":15,"turns":4},{"damage":46,"enemies":"SI_SHIV_ARCHETYPE","floor":16,"turns":12},{"damage":2,"enemies":"Shell Parasite","floor":19,"turns":8},{"damage":0,"enemies":"downfall:FleeingMerchant","floor":20,"turns":4},{"damage":0,"enemies":"Snecko","floor":21,"turns":8},{"damage":12,"enemies":"Snake Plant","floor":22,"turns":5},{"damage":6,"enemies":"Book of Stabbing","floor":23,"turns":5},{"damage":18,"enemies":"Slavers","floor":26,"turns":4},{"damage":0,"enemies":"3 Cultists","floor":27,"turns":8},{"damage":0,"enemies":"downfall:FleeingMerchant","floor":31,"turns":4},{"damage":7,"enemies":"Cultist and Chosen","floor":32,"turns":9},{"damage":57,"enemies":"WA_ARCHETYPE_CALM","floor":33,"turns":14},{"damage":12,"enemies":"3 Darklings","floor":36,"turns":9},{"damage":16,"enemies":"3 Shapes","floor":37,"turns":9},{"damage":23,"enemies":"Sphere and 2 Shapes","floor":38,"turns":11},{"damage":0,"enemies":"downfall:FleeingMerchant","floor":40,"turns":4},{"damage":0,"enemies":"downfall:FleeingMerchant","floor":42,"turns":4},{"damage":52,"enemies":"Giant Head","floor":43,"turns":11},{"damage":0,"enemies":"downfall:FleeingMerchant","floor":45,"turns":2},{"damage":45,"enemies":"Spire Growth","floor":46,"turns":6},{"damage":20,"enemies":"Writhing Mass","floor":49,"turns":7},{"damage":127,"enemies":"IC_BLOCK_ARCHETYPE","floor":50,"turns":9}],"seed_played":"7893147143400854371","potions_obtained":[{"floor":2,"key":"bronze:BurnAndBuffPotion"},{"floor":6,"key":"PowerPotion"},{"floor":12,"key":"Block Potion"},{"floor":15,"key":"Fruit Juice"},{"floor":16,"key":"Guardian:DefensiveModePotion"},{"floor":22,"key":"EntropicBrew"},{"floor":26,"key":"champ:CounterPotion"},{"floor":43,"key":"Guardian:StasisDiscoveryPotion"},{"floor":46,"key":"FairyPotion"},{"floor":49,"key":"CultistPotion"}],"is_trial":false,"path_per_floor":["R","M","?","T","M","M","T","R","M","E","R","M","M","E","M","B",null,"R","M","$","M","M","E","T","R","E","M","?","?","R","$","M","B",null,"R","M","M","M","?","$","T","$","E","R","?","M","R","?","M","B",null],"character_chosen":"GUARDIAN","items_purchased":["expansioncontent:LastStand","War Paint","HandDrill","Whetstone"],"campfire_rested":2,"item_purchase_floors":[31,40,45,45],"current_hp_per_floor":[88,85,90,90,90,90,100,100,88,70,70,70,70,55,60,14,108,108,106,106,106,94,88,88,88,70,70,118,118,118,118,111,66,118,118,106,90,67,60,60,60,62,24,59,61,30,65,65,59,70],"gold":129,"neow_bonus":"TEN_PERCENT_HP_BONUS","is_daily":false,"chose_seed":false,"campfire_upgraded":7,"win_rate":0.0,"timestamp":1610973397,"path_taken":["R","M","?","?","?","M","T","R","M","E","R","M","M","E","M","BOSS","R","M","?","M","M","E","T","R","E","M","?","?","R","$","M","BOSS","R","M","M","M","?","$","T","?","E","R","?","M","R","?","M","BOSS"],"items_purchased_type":["Card","Relic","Relic","Relic"],"build_version":"2020-12-22","purchased_purges":3,"victory":true,"max_hp_per_floor":[88,88,93,93,93,93,103,103,103,103,103,103,103,103,108,108,108,108,108,108,108,108,108,108,108,108,108,118,118,118,118,118,118,118,118,118,118,118,118,118,118,118,118,118,118,118,118,118,118,118],"card_choices":[{"not_picked":["Guardian:Incinerate","Guardian:Recover"],"picked":"Guardian:PiercingHide","floor":2},{"not_picked":["Guardian:TemporalStrike","Guardian:Suspension"],"picked":"Guardian:BronzeArmor","floor":5},{"not_picked":["Guardian:BodySlam","Guardian:Incinerate"],"picked":"Guardian:Gem_Green","floor":6},{"not_picked":["Guardian:RollAttack","Guardian:Gem_Orange"],"picked":"Guardian:Gem_Crimson","floor":9},{"not_picked":["Guardian:TemporalStrike","Guardian:Gem_Cyan"],"picked":"Guardian:ChargeCore","floor":10},{"not_picked":["Guardian:Harden","Guardian:PrismaticBeam"],"picked":"Guardian:ChargeCore","floor":12},{"not_picked":["Guardian:PiercingHide","Guardian:Planning","Guardian:Incinerate"],"picked":"SKIP","floor":13},{"not_picked":["Guardian:Gem_Green","Guardian:TimeCapacitor"],"picked":"Guardian:DecasProtection","floor":14},{"not_picked":["Guardian:Planning","Guardian:PolyBeam"],"picked":"Guardian:PrimingBeam","floor":15},{"not_picked":["Guardian:Gem_Synthetic","Guardian:TimeSifter"],"picked":"Guardian:RevengeProtocol","floor":16},{"not_picked":["Guardian:Gem_Cyan","Guardian:Gem_Red"],"picked":"Guardian:DecasProtection+1","floor":19},{"not_picked":["Guardian:Gem_Green","Guardian:DecasProtection"],"picked":"Guardian:Gem_Red","floor":20},{"not_picked":["Guardian:PiercingHide","Guardian:CrystalBeam","Guardian:Gem_Yellow"],"picked":"SKIP","floor":21},{"not_picked":["Guardian:ConstructionForm","Guardian:TemporalShield"],"picked":"Guardian:Gem_Lightblue","floor":22},{"not_picked":["Guardian:DonusPower","Guardian:BronzeArmor","Guardian:RefractedBeam"],"picked":"SKIP","floor":23},{"not_picked":["Guardian:ShieldSpikes+1","Guardian:TemporalStrike","Guardian:Gem_Red"],"picked":"SKIP","floor":26},{"not_picked":["Guardian:TemporalShield","Guardian:WalkerClaw"],"picked":"Guardian:Gem_Red","floor":27},{"not_picked":["Guardian:CrystalBeam","Guardian:Gem_Green"],"picked":"Guardian:PrimingBeam+1","floor":31},{"not_picked":["Guardian:Gem_Green","Guardian:Gem_Cyan"],"picked":"Guardian:Gem_Blue","floor":32},{"not_picked":["Guardian:VentSteam+1","Guardian:TemporalStrike+1"],"picked":"Guardian:RollAttack+1","floor":36},{"not_picked":["Guardian:Gem_Cyan","Guardian:Harden","Guardian:Clone+1"],"picked":"SKIP","floor":37},{"not_picked":["Guardian:RollAttack+1","Guardian:DecasProtection+1","Guardian:VentSteam"],"picked":"SKIP","floor":38},{"not_picked":["Guardian:MultiBeam+1","Guardian:Incinerate","Guardian:BronzeArmor"],"picked":"SKIP","floor":40},{"not_picked":["Guardian:ChargeCore","Guardian:PrismaticBeam","Guardian:PiercingHide+1"],"picked":"SKIP","floor":42},{"not_picked":["Guardian:TimeBomb+1","Guardian:BodySlam+1"],"picked":"Guardian:ExploitGems","floor":43},{"not_picked":["Guardian:EvasiveProtocol","Guardian:BronzeArmor","Guardian:Gem_Green"],"picked":"SKIP","floor":45},{"not_picked":["Guardian:Gem_Cyan","Guardian:Preprogram"],"picked":"Guardian:DonusPower+1","floor":46},{"not_picked":["Guardian:ChargeCore","Guardian:Gem_Green"],"picked":"Guardian:EvasiveProtocol","floor":49}],"player_experience":181080,"relics_obtained":[{"floor":4,"key":"FossilizedHelix"},{"floor":7,"key":"Pear"},{"floor":10,"key":"TungstenRod"},{"floor":14,"key":"Juzu Bracelet"},{"floor":23,"key":"HornCleat"},{"floor":24,"key":"Meat on the Bone"},{"floor":26,"key":"Bottled Lightning"},{"floor":41,"key":"Blood Vial"},{"floor":43,"key":"InkBottle"}],"event_choices":[{"damage_healed":0,"gold_gain":0,"player_choice":"Donut","damage_taken":0,"max_hp_gain":5,"max_hp_loss":0,"event_name":"Big Fish","floor":3,"gold_loss":0},{"damage_healed":0,"gold_gain":0,"player_choice":"Ignored","damage_taken":0,"max_hp_gain":0,"max_hp_loss":0,"event_name":"Mysterious Sphere","floor":48,"gold_loss":0}],"is_beta":false,"boss_relics":[{"not_picked":["Calling Bell","bronze:MakeshiftBattery"],"picked":"SlaversCollar"},{"not_picked":["Sozu","Velvet Choker"],"picked":"SacredBark"}],"items_purged_floors":[31,40,42],"is_endless":false,"potions_floor_spawned":[2,6,12,15,16,22,26,32,33,38,43,46,49],"ascension_level":0}}