{"host":"i0avyit1s6jb1siw","time":1610962552,"event":{"mods":["BaseMod","DeckTracker","Dota2Spire","Highlight Path","Minty Spire (QoL Compilation)","Quick Restart","StSLib","SuperFastMode"],"gold_per_floor":[112,112,112,122,7,7,34,34,34,34,67,67,86,106,106,180,180,198,198,198,198,98,98,116,133,160,74,108,124,124,144,144,218,218,238,253,38,48,48,48],"floor_reached":39,"language":"ENG","playtime":1048,"items_purged":["Strike_G","Strike_G","Strike_G"],"score":818,"play_id":"c42a4c0d-9be9-4eb6-9ad3-9ec49c1b20c2","local_time":"20210118103552","is_ascension_mode":true,"campfire_choices":[{"data":"Predator","floor":6,"key":"SMITH"},{"floor":8,"key":"REST"},{"data":"Noxious Fumes","floor":10,"key":"SMITH"},{"floor":15,"key":"REST"},{"data":"Footwork","floor":23,"key":"SMITH"},{"data":"Venomology","floor":30,"key":"SMITH"},{"data":"Flechettes","floor":32,"key":"SMITH"}],"circlet_count":0,"master_deck":["AscendersBane","Defend_G","Defend_G","Defend_G","Defend_G","Survivor","Neutralize+1","Predator+1","Burst+1","PiercingWail","Noxious Fumes+1","Terror+1","Crippling Poison","Die Die Die","Flechettes+1","Footwork+1","Blur+1","After Image","Venomology+1","After Image","CurseOfTheBell","Eviscerate+1","Bullet Time+1","Reflex+1"],"relics":["Ring of the Snake","Nunchaku","Dota2Spire:PhaseBoots","Runic Pyramid","Ancient Tea Set","Potion Belt","Calling Bell","Dota2Spire:MagicBottle","Toxic Egg 2","Pocketwatch"],"acts_visited":["Exordium","TheCity","TheBeyond","TheBeyond"],"potions_floor_usage":[16,18,28,31,33,33,35,36,36,38,38,39],"damage_taken":[{"damage":0,"enemies":"2 Louse","floor":1,"turns":3},{"damage":2,"enemies":"Small Slimes","floor":4,"turns":3},{"damage":19,"enemies":"Lagavulin","floor":7,"turns":8},{"damage":18,"enemies":"3 Sentries","floor":11,"turns":7},{"damage":1,"enemies":"Jaw Worm","floor":13,"turns":5},{"damage":5,"enemies":"Looter","floor":14,"turns":5},{"damage":11,"enemies":"The Guardian","floor":16,"turns":11},{"damage":12,"enemies":"3 Byrds","floor":18,"turns":5},{"damage":0,"enemies":"Chosen","floor":24,"turns":4},{"damage":6,"enemies":"Centurion and Healer","floor":25,"turns":5},{"damage":2,"enemies":"Gremlin Leader","floor":28,"turns":5},{"damage":10,"enemies":"3 Cultists","floor":29,"turns":5},{"damage":2,"enemies":"Snecko","floor":31,"turns":6},{"damage":12,"enemies":"Collector","floor":33,"turns":8},{"damage":14,"enemies":"3 Darklings","floor":35,"turns":6},{"damage":5,"enemies":"3 Shapes","floor":36,"turns":7},{"damage":34,"enemies":"Transient","floor":38,"turns":6},{"damage":5,"enemies":"3 Darklings","floor":39,"turns":1}],"seed_played":"-4647065255998398797","potions_obtained":[{"floor":7,"key":"Weak Potion"},{"floor":13,"key":"SpeedPotion"},{"floor":16,"key":"Dota2Spire:HealingSalve"},{"floor":24,"key":"SkillPotion"},{"floor":28,"key":"BlessingOfTheForge"},{"floor":35,"key":"SkillPotion"}],"is_trial":false,"path_per_floor":["M","?","?","M","$","R","E","R","T","R","E","?","M","M","R","B",null,"M","?","?","?","$","R","M","M","T","$","E","M","R","M","R","B",null,"M","M","$","M","M"],"character_chosen":"THE_SILENT","items_purchased":["Noxious Fumes","After Image","Reflex+1"],"campfire_rested":2,"item_purchase_floors":[5,27,37],"current_hp_per_floor":[59,52,34,32,32,32,13,31,31,31,13,13,12,7,25,14,49,37,37,37,37,37,37,37,31,31,31,29,19,19,35,35,23,58,44,39,39,5,0,0],"gold":48,"neow_bonus":"TRANSFORM_TWO_CARDS","is_daily":false,"chose_seed":false,"campfire_upgraded":5,"win_rate":0.0,"timestamp":1610962552,"path_taken":["M","?","?","M","$","R","E","R","T","R","E","?","M","M","R","BOSS","M","?","?","?","$","R","M","M","T","$","E","M","R","?","R","BOSS","M","M","$","M","M"],"items_purchased_type":["Card","Card","Card"],"build_version":"2020-12-22","purchased_purges":3,"victory":false,"max_hp_per_floor":[60,60,60,60,60,60,60,60,60,60,60,60,60,60,60,60,60,60,60,60,60,60,60,60,60,60,60,60,60,60,60,60,60,60,60,60,60,60,60,60],"card_choices":[{"not_picked":["Dodge and Roll","Outmaneuver"],"picked":"PiercingWail","floor":1},{"not_picked":["Outmaneuver","Infinite Blades","Prepared"],"picked":"SKIP","floor":4},{"not_picked":["Dodge and Roll","Setup"],"picked":"Terror","floor":7},{"not_picked":["Slice","Unload","Predator"],"picked":"SKIP","floor":11},{"not_picked":["All Out Attack","Escape Plan"],"picked":"Crippling Poison","floor":13},{"not_picked":["Terror","Slice","Caltrops"],"picked":"SKIP","floor":14},{"not_picked":["Night Terror","Glass Knife"],"picked":"Die Die Die","floor":16},{"not_picked":["Deadly Poison","Acrobatics"],"picked":"Flechettes","floor":18},{"not_picked":["Deflect+1","Leg Sweep"],"picked":"Blur+1","floor":24},{"not_picked":["PiercingWail","Caltrops","Underhanded Strike"],"picked":"SKIP","floor":25},{"not_picked":["Quick Slash","Sucker Punch","Caltrops"],"picked":"SKIP","floor":28},{"not_picked":["Calculated Gamble","Poisoned Stab"],"picked":"Venomology","floor":29},{"not_picked":["Outmaneuver","Escape Plan","Quick Slash"],"picked":"SKIP","floor":31},{"not_picked":["Envenom","Unload"],"picked":"After Image","floor":33},{"not_picked":["Prepared+1","Slice"],"picked":"Eviscerate+1","floor":35},{"not_picked":["Poisoned Stab","Noxious Fumes+1"],"picked":"Bullet Time+1","floor":36},{"not_picked":["Expertise+1","Poisoned Stab","Heel Hook"],"picked":"SKIP","floor":38}],"player_experience":2279178,"relics_obtained":[{"floor":7,"key":"Nunchaku"},{"floor":11,"key":"Dota2Spire:PhaseBoots"},{"floor":26,"key":"Ancient Tea Set"},{"floor":28,"key":"Potion Belt"},{"floor":34,"key":"Dota2Spire:MagicBottle"},{"floor":34,"key":"Toxic Egg 2"},{"floor":34,"key":"Pocketwatch"}],"event_choices":[{"cards_removed":["Strike_G"],"damage_healed":0,"gold_gain":0,"player_choice":"Card Removal","damage_taken":7,"max_hp_gain":0,"max_hp_loss":0,"event_name":"Golden Wing","floor":2,"gold_loss":0},{"damage_healed":0,"gold_gain":0,"player_choice":"Entered Light","damage_taken":18,"max_hp_gain":0,"max_hp_loss":0,"event_name":"Shining Light","floor":3,"gold_loss":0,"cards_upgraded":["Burst","Neutralize"]},{"damage_healed":0,"gold_gain":0,"player_choice":"Grow","damage_taken":0,"max_hp_gain":0,"max_hp_loss":0,"event_name":"Living Wall","floor":12,"gold_loss":0,"cards_upgraded":["Terror"]},{"damage_healed":0,"gold_gain":0,"player_choice":"Read","damage_taken":0,"max_hp_gain":0,"max_hp_loss":0,"event_name":"The Library","floor":19,"gold_loss":0,"cards_obtained":["Footwork"]},{"damage_healed":0,"gold_gain":0,"player_choice":"Ignored","damage_taken":0,"max_hp_gain":0,"max_hp_loss":0,"event_name":"The Mausoleum","floor":20,"gold_loss":0},{"damage_healed":0,"gold_gain":0,"player_choice":"Ignored","damage_taken":0,"max_hp_gain":0,"max_hp_loss":0,"event_name":"Vampires","floor":21,"gold_loss":0}],"is_beta":false,"boss_relics":[{"not_picked":["Coffee Dripper","Runic Dome"],"picked":"Runic Pyramid"},{"not_picked":["Cursed Key","HoveringKite"],"picked":"Calling Bell"}],"items_purged_floors":[5,22,37],"is_endless":false,"potions_floor_spawned":[7,13,16,24,25,28,35,38],"killed_by":"3 Darklings","ascension_level":20}}