{"host":"sav7uxregyirlf69","time":1610980032,"event":{"mods":["AchievementEnabler","BaseMod","Colored Map","DeckTracker","Keyboard Shortcuts","Minty Spire (QoL Compilation)","READ ME - Guardian Mod","StSLib","SuperFastMode"],"gold_per_floor":[14,27,27,38,48,77,91,91,91,91,123,140,158,174,174,245,245,265,52,52,322,337,337,337,337],"floor_reached":24,"language":"KOR","playtime":313,"items_purged":[],"score":420,"play_id":"2f350c1f-19d0-46b9-b008-d846cd9fb6c0","local_time":"20210118232712","is_ascension_mode":true,"campfire_choices":[{"data":"Perfected Strike","floor":8,"key":"SMITH"},{"data":"Perfected Strike","floor":15,"key":"SMITH"},{"floor":23,"key":"DIG"}],"circlet_count":0,"master_deck":["AscendersBane","Strike_R","Strike_R","Strike_R","Strike_R","Strike_R","Defend_R","Defend_R","Defend_R","Defend_R","Bash","Perfected Strike+1","Pommel Strike","Perfected Strike+1","Perfected Strike+1","Twin Strike","Offering","Shrug It Off","True Grit+1"],"relics":["Burning Blood","TungstenRod","Blue Candle","Meat on the Bone","Shovel","Coffee Dripper","Ancient Tea Set","Ornamental Fan"],"acts_visited":["Exordium","TheCity"],"potions_floor_usage":[11,16,22],"damage_taken":[{"damage":0,"enemies":"Cultist","floor":1,"turns":3},{"damage":17,"enemies":"Jaw Worm","floor":2,"turns":4},{"damage":5,"enemies":"Small Slimes","floor":4,"turns":2},{"damage":8,"enemies":"Red Slaver","floor":5,"turns":3},{"damage":30,"enemies":"Gremlin Nob","floor":6,"turns":4},{"damage":12,"enemies":"Exordium Wildlife","floor":7,"turns":4},{"damage":18,"enemies":"3 Sentries","floor":11,"turns":4},{"damage":2,"enemies":"3 Louse","floor":12,"turns":3},{"damage":16,"enemies":"Gremlin Gang","floor":13,"turns":4},{"damage":8,"enemies":"Red Slaver","floor":14,"turns":2},{"damage":38,"enemies":"The Guardian","floor":16,"turns":8},{"damage":5,"enemies":"Chosen","floor":18,"turns":2},{"damage":20,"enemies":"Shell Parasite","floor":22,"turns":2},{"damage":20,"enemies":"Book of Stabbing","floor":24,"turns":3}],"seed_played":"2559017375237816620","potions_obtained":[{"floor":6,"key":"Fire Potion"},{"floor":7,"key":"LiquidMemories"},{"floor":16,"key":"SkillPotion"},{"floor":22,"key":"Fire Potion"}],"is_trial":false,"path_per_floor":["M","M","?","M","M","E","M","R","T","?","E","M","M","M","R","B",null,"M","$","?","?","M","R","E"],"character_chosen":"IRONCLAD","items_purchased":["Shrug It Off","Ancient Tea Set"],"campfire_rested":0,"item_purchase_floors":[19,19],"current_hp_per_floor":[74,63,63,64,62,38,32,32,32,32,32,48,50,48,48,28,63,64,64,44,21,19,19,0,0],"gold":337,"neow_bonus":"ONE_RARE_RELIC","is_daily":false,"chose_seed":false,"campfire_upgraded":2,"win_rate":0.0,"timestamp":1610980032,"path_taken":["M","M","?","M","M","E","M","R","T","?","E","M","M","M","R","BOSS","M","$","?","?","M","R","E"],"items_purchased_type":["Card","Relic"],"build_version":"2020-12-22","purchased_purges":0,"victory":false,"max_hp_per_floor":[75,75,75,75,75,75,75,75,75,75,75,75,75,75,75,75,75,75,75,80,80,80,80,80,80],"card_choices":[{"not_picked":["Clash","True Grit"],"picked":"Perfected Strike","floor":1},{"not_picked":["Clothesline","Evolve"],"picked":"Pommel Strike","floor":2},{"not_picked":["Headbutt","Spot Weakness","Anger"],"picked":"SKIP","floor":4},{"not_picked":["Searing Blow","Heavy Blade"],"picked":"Perfected Strike","floor":5},{"not_picked":["Searing Blow","Uppercut","Cleave"],"picked":"SKIP","floor":6},{"not_picked":["Flex","Demon Form"],"picked":"Perfected Strike","floor":7},{"not_picked":["Body Slam","Sword Boomerang","Rage"],"picked":"SKIP","floor":11},{"not_picked":["Spot Weakness","Bloodletting"],"picked":"Twin Strike","floor":12},{"not_picked":["Sword Boomerang","Carnage","Heavy Blade"],"picked":"SKIP","floor":13},{"not_picked":["Iron Wave","Clash","Warcry"],"picked":"SKIP","floor":14},{"not_picked":["Exhume","Fiend Fire"],"picked":"Offering","floor":16},{"not_picked":["Iron Wave","Flex","Anger"],"picked":"SKIP","floor":18},{"not_picked":["Pummel","Body Slam"],"picked":"True Grit+1","floor":22}],"player_experience":1312121,"relics_obtained":[{"floor":6,"key":"Blue Candle"},{"floor":9,"key":"Meat on the Bone"},{"floor":11,"key":"Shovel"},{"floor":23,"key":"Ornamental Fan"}],"event_choices":[{"damage_healed":0,"gold_gain":0,"player_choice":"Grow","damage_taken":0,"max_hp_gain":0,"max_hp_loss":0,"event_name":"Living Wall","floor":3,"gold_loss":0,"cards_upgraded":["Perfected Strike"]},{"damage_healed":0,"gold_gain":0,"player_choice":"Ignored","damage_taken":0,"max_hp_gain":0,"max_hp_loss":0,"event_name":"Liars Game","floor":10,"gold_loss":0},{"damage_healed":0,"gold_gain":0,"player_choice":"Shed Blood","damage_taken":26,"max_hp_gain":5,"max_hp_loss":0,"event_name":"Forgotten Altar","floor":20,"gold_loss":0},{"damage_healed":0,"gold_gain":270,"player_choice":"GOLD GOLD GOLD ","damage_taken":27,"max_hp_gain":0,"max_hp_loss":0,"event_name":"Knowing Skull","floor":21,"potions_obtained":[],"gold_loss":0,"cards_obtained":[]}],"is_beta":false,"boss_relics":[{"not_picked":["Astrolabe","Philosopher\u0027s Stone"],"picked":"Coffee Dripper"}],"items_purged_floors":[],"is_endless":false,"potions_floor_spawned":[6,7,16,22],"killed_by":"Book of Stabbing","ascension_level":20}}