{"host":"1q02rw1wpi0nrsss","time":1610963873,"event":{"mods":["AchievementEnabler","BaseMod","Better Note","Custom Start","Dark Map","DeckTracker","Disable Question Mark Monsters","Minty Spire (QoL Compilation)","Permanent Neow","Quick Restart","Rare Cards Sparkle","Relic Stats","StSLib"],"gold_per_floor":[116,130,147,72,85,110,110,110,110,110,138,138,185,185,185,185,185],"floor_reached":16,"language":"ENG","playtime":493,"items_purged":["Strike_R"],"score":167,"play_id":"b191a0bc-ddc4-4dac-90d1-681e5730730a","local_time":"20210118015753","is_ascension_mode":true,"campfire_choices":[{"data":"Combust","floor":7,"key":"SMITH"},{"data":"Metallicize","floor":10,"key":"SMITH"},{"data":"Uppercut","floor":12,"key":"SMITH"},{"data":"Bash","floor":15,"key":"SMITH"}],"circlet_count":0,"master_deck":["AscendersBane","Strike_R","Strike_R","Strike_R","Strike_R","Defend_R","Defend_R","Defend_R","Defend_R","Bash+1","Offering","Bloodletting","Metallicize+1","Combust+1","Impervious","Pummel+1","Uppercut+1"],"relics":["Burning Blood","Ornamental Fan","Meat on the Bone","Juzu Bracelet","Blood Vial","Bag of Marbles"],"acts_visited":["Exordium"],"potions_floor_usage":[6,16],"damage_taken":[{"damage":11,"enemies":"Small Slimes","floor":1,"turns":5},{"damage":10,"enemies":"Jaw Worm","floor":2,"turns":3},{"damage":7,"enemies":"2 Louse","floor":3,"turns":4},{"damage":15,"enemies":"Red Slaver","floor":5,"turns":4},{"damage":23,"enemies":"3 Sentries","floor":6,"turns":7},{"damage":27,"enemies":"Gremlin Nob","floor":11,"turns":5},{"damage":19,"enemies":"Hexaghost","floor":16,"turns":7}],"seed_played":"1974560732806430194","potions_obtained":[{"floor":5,"key":"PowerPotion"},{"floor":11,"key":"GamblersBrew"}],"is_trial":false,"path_per_floor":["M","M","M","$","M","E","R","?","T","R","E","R","T","?","R","B"],"character_chosen":"IRONCLAD","items_purchased":[],"campfire_rested":0,"item_purchase_floors":[],"current_hp_per_floor":[67,63,62,62,53,36,36,36,36,36,27,27,27,15,15,0,0],"gold":185,"neow_bonus":"ONE_RANDOM_RARE_CARD","is_daily":false,"chose_seed":false,"campfire_upgraded":4,"win_rate":0.0,"timestamp":1610963873,"path_taken":["M","M","M","$","M","E","R","?","T","R","E","R","?","?","R","BOSS"],"items_purchased_type":[],"build_version":"2020-12-22","purchased_purges":1,"victory":false,"max_hp_per_floor":[80,80,80,80,80,80,80,80,80,80,80,80,80,80,80,80,80],"relic_stats":{"Blood Vial":2,"counters":[7,35],"Ornamental Fan":[0],"Juzu Bracelet":0,"obtain_stats":[{"Blood Vial":13,"Ornamental Fan":6,"Juzu Bracelet":11,"Bag of Marbles":14,"Burning Blood":0,"Meat on the Bone":9},{"Blood Vial":6,"Ornamental Fan":5,"Juzu Bracelet":6,"Bag of Marbles":6,"Burning Blood":0,"Meat on the Bone":5},{"Blood Vial":28,"Ornamental Fan":23,"Juzu Bracelet":28,"Bag of Marbles":28,"Burning Blood":0,"Meat on the Bone":23}],"Burning Blood":36,"Meat on the Bone":12},"card_choices":[{"not_picked":["Havoc","True Grit"],"picked":"Bloodletting","floor":1},{"not_picked":["Flex","Dark Embrace"],"picked":"Metallicize","floor":2},{"not_picked":["Shrug It Off","Havoc"],"picked":"Combust","floor":3},{"not_picked":["Pommel Strike","Thunderclap"],"picked":"Impervious","floor":5},{"not_picked":["Dark Embrace","Reckless Charge"],"picked":"Pummel","floor":6},{"not_picked":["Pommel Strike","Flex"],"picked":"Uppercut","floor":11}],"player_experience":408789,"relics_obtained":[{"floor":6,"key":"Ornamental Fan"},{"floor":9,"key":"Meat on the Bone"},{"floor":11,"key":"Juzu Bracelet"},{"floor":13,"key":"Blood Vial"}],"event_choices":[{"damage_healed":0,"gold_gain":0,"player_choice":"Grow","damage_taken":0,"max_hp_gain":0,"max_hp_loss":0,"event_name":"Living Wall","floor":8,"gold_loss":0,"cards_upgraded":["Pummel"]},{"damage_healed":0,"gold_gain":0,"player_choice":"Success","damage_taken":12,"relics_obtained":["Bag of Marbles"],"max_hp_gain":0,"max_hp_loss":0,"event_name":"Scrap Ooze","floor":14,"gold_loss":0}],"is_beta":false,"boss_relics":[],"items_purged_floors":[4],"is_endless":false,"potions_floor_spawned":[5,11],"killed_by":"Hexaghost","ascension_level":11}}