{"host":"rng0zyo66qdcpyr0","time":1610963723,"event":{"mods":["Ascension Reborn","BaseMod","Lobotomy","LobotomyExtend","Minty Spire (QoL Compilation)","Nova Terra(诺娃・泰拉)","Reimu（博丽灵梦）","Remilia（蕾米莉亚）","RumiaBox-露米娅的神秘盒子","StSLib","TestMod","WarShipGirlsR/战舰少女R mod","Yakumo Yukari mod","[GremlinLeader]The Maniac","【功能Mod】混沌之环修复补丁","【遗物卡牌】REMEMod"],"gold_per_floor":[113,133,143,158,158,189,189,199,225,241,241,241,241],"floor_reached":12,"language":"ZHS","playtime":638,"items_purged":[],"score":107,"play_id":"45bf04c1-7bb2-4245-a972-6507b31ed567","local_time":"20210118175523","is_ascension_mode":false,"campfire_choices":[{"floor":7,"key":"REST"},{"floor":11,"key":"REST"}],"circlet_count":0,"master_deck":["maniac:Strike+1","maniac:Strike+1","maniac:Strike+1","maniac:Strike+1","maniac:Strike+1","maniac:Defend+1","maniac:Defend+1","maniac:Defend+1","maniac:Defend+1","maniac:BurnBlood+1","maniac:AbyssShackle+1","CardOfSanctity:ReiMu","maniac:Simulacrum","HalloweenModGhostCostume","HalloweenModCandy","HalloweenModTrick","HalloweenModCandy","HalloweenModCandy","HalloweenModGhostCostume","HalloweenModCandy"],"relics":["maniac:DamagedAnvil","maniac:BrokenHorn","REME_ComplimentaryCards","testmod-TestBox","HalloweenModHalloween","Blue Candle","LetterFromLob","Mummified Hand","ScarletDevilRocket","ZombieArmy"],"acts_visited":["Exordium"],"potions_floor_usage":[],"damage_taken":[{"damage":0,"enemies":"2 Louse","floor":1,"turns":2},{"damage":0,"enemies":"Cultist","floor":2,"turns":2},{"damage":0,"enemies":"Small Slimes","floor":3,"turns":2},{"damage":3,"enemies":"Exordium Thugs","floor":4,"turns":2},{"damage":86,"enemies":"Gremlin Nob","floor":6,"turns":5},{"damage":11,"enemies":"Large Slime","floor":8,"turns":4},{"damage":21,"enemies":"2 Fungi Beasts","floor":10,"turns":3},{"damage":39,"enemies":"Lagavulin","floor":12,"turns":3}],"seed_played":"-2015982724007438391","potions_obtained":[{"floor":1,"key":"GamblersBrew"},{"floor":3,"key":"GamblersBrew"},{"floor":6,"key":"LiquidBronze"}],"is_trial":false,"path_per_floor":["M","M","M","M","?","E","R","M","T","M","R","E"],"character_chosen":"THE_MANIAC","items_purchased":[],"campfire_rested":2,"item_purchase_floors":[],"current_hp_per_floor":[80,80,80,77,77,3,27,24,24,3,27,0,0],"gold":241,"neow_bonus":"ONE_RANDOM_RARE_CARD","is_daily":false,"chose_seed":false,"campfire_upgraded":0,"win_rate":0.0,"timestamp":1610963723,"path_taken":["M","M","M","M","?","E","R","M","T","?","R","E"],"items_purchased_type":[],"build_version":"2020-12-22","purchased_purges":0,"victory":false,"max_hp_per_floor":[80,80,80,80,80,80,80,80,80,80,80,80,80],"card_choices":[{"not_picked":["HalloweenModTrick","HalloweenModCandy"],"picked":"HalloweenModGhostCostume","floor":1},{"not_picked":["HalloweenModTrick","HalloweenModGhostCostume"],"picked":"HalloweenModCandy","floor":2},{"not_picked":["HalloweenModGhostCostume","HalloweenModCandy"],"picked":"HalloweenModTrick","floor":3},{"not_picked":["HalloweenModGhostCostume","HalloweenModTrick"],"picked":"HalloweenModCandy","floor":4},{"not_picked":["HalloweenModTrick","HalloweenModGhostCostume"],"picked":"HalloweenModCandy","floor":6},{"not_picked":["HalloweenModTrick","HalloweenModCandy"],"picked":"HalloweenModGhostCostume","floor":8},{"not_picked":["HalloweenModGhostCostume","HalloweenModTrick"],"picked":"HalloweenModCandy","floor":10}],"player_experience":104356,"relics_obtained":[{"floor":1,"key":"LetterFromLob"},{"floor":6,"key":"ScarletDevilRocket"},{"floor":9,"key":"ZombieArmy"}],"event_choices":[{"damage_healed":0,"gold_gain":0,"player_choice":"Gave Potion","damage_taken":0,"relics_obtained":["Mummified Hand"],"max_hp_gain":0,"max_hp_loss":0,"event_name":"WeMeetAgain","floor":5,"gold_loss":0}],"is_beta":false,"boss_relics":[],"items_purged_floors":[],"is_endless":false,"potions_floor_spawned":[1,3,6],"killed_by":"Lagavulin","ascension_level":0}}