{"host":"9jj9tzo2iym4bpat","time":1610943794,"event":{"mods":["Act Like it!","BaseMod","CapriCore","Colored Map","Dark Map","Luminous","Minty Spire (QoL Compilation)","Permanent Neow","StSLib","Td1madao Mod","The Animator","The Immortal","The Marked","The Servant 0.9.4","Yakumo Yukari mod"],"gold_per_floor":[115,131,141,141,141,141,96,115,115,129,129,99,99,99,99,99,99],"floor_reached":16,"language":"ENG","playtime":506,"items_purged":[],"score":108,"play_id":"68818854-1c7c-4a22-829e-26fc1c99caba","local_time":"20210117222314","is_ascension_mode":true,"campfire_choices":[{"data":"Accuracy","floor":6,"key":"SMITH"},{"floor":11,"key":"REST"},{"data":"Crippling Poison","floor":13,"key":"SMITH"},{"data":"Footwork","floor":15,"key":"SMITH"}],"circlet_count":0,"master_deck":["Strike_G","Strike_G","Strike_G","Strike_G","Defend_G","Defend_G","Defend_G","Defend_G","Defend_G","Survivor","Neutralize","Accuracy+1","Deflect","Footwork+1","Crippling Poison+1"],"relics":["Ring of the Snake","Anchor","Golden Idol","TungstenRod"],"acts_visited":["Exordium"],"potions_floor_usage":[16,16],"damage_taken":[{"damage":0,"enemies":"Small Slimes","floor":1,"turns":4},{"damage":0,"enemies":"Cultist","floor":2,"turns":4},{"damage":2,"enemies":"2 Louse","floor":3,"turns":3},{"damage":0,"enemies":"Looter","floor":7,"turns":5},{"damage":15,"enemies":"2 Fungi Beasts","floor":8,"turns":6},{"damage":0,"enemies":"3 Louse","floor":10,"turns":6},{"damage":0,"enemies":"Looter","floor":12,"turns":4},{"damage":74,"enemies":"Slime Boss","floor":16,"turns":16}],"seed_played":"7220090540665975957","potions_obtained":[{"floor":2,"key":"Energy Potion"},{"floor":10,"key":"Dexterity Potion"}],"is_trial":false,"path_per_floor":["M","M","M","?","?","R","M","M","T","M","R","M","R","?","R","B"],"character_chosen":"THE_SILENT","items_purchased":[],"campfire_rested":1,"item_purchase_floors":[],"current_hp_per_floor":[70,70,68,51,51,51,51,36,36,36,57,57,57,70,70,0,0],"gold":99,"neow_bonus":"RANDOM_COMMON_RELIC","is_daily":false,"chose_seed":false,"campfire_upgraded":3,"win_rate":0.0,"timestamp":1610943794,"path_taken":["M","M","M","?","?","R","M","?","T","M","R","M","R","?","R","BOSS"],"items_purchased_type":[],"build_version":"2020-12-22","purchased_purges":0,"victory":false,"max_hp_per_floor":[70,70,70,70,70,70,70,70,70,70,70,70,70,70,70,70,70],"card_choices":[{"not_picked":["Flying Knee","Underhanded Strike","Backflip"],"picked":"SKIP","floor":1},{"not_picked":["Outmaneuver","Eviscerate"],"picked":"Accuracy","floor":2},{"not_picked":["Expertise","Quick Slash"],"picked":"Deflect","floor":3},{"not_picked":["PiercingWail","Backflip","Poisoned Stab"],"picked":"SKIP","floor":7},{"not_picked":["Prepared","Bane"],"picked":"Footwork","floor":8},{"not_picked":["Flying Knee","Acrobatics"],"picked":"Crippling Poison","floor":10},{"not_picked":["Glass Knife","Dodge and Roll","Sucker Punch"],"picked":"SKIP","floor":12}],"player_experience":274501,"relics_obtained":[{"floor":9,"key":"TungstenRod"}],"event_choices":[{"damage_healed":0,"gold_gain":0,"player_choice":"Take Damage","damage_taken":17,"relics_obtained":["Golden Idol"],"max_hp_gain":0,"max_hp_loss":0,"event_name":"Golden Idol","floor":4,"gold_loss":0},{"damage_healed":0,"gold_gain":0,"cards_transformed":["Strike_G"],"player_choice":"Transformed","damage_taken":0,"max_hp_gain":0,"max_hp_loss":0,"event_name":"Transmorgrifier","floor":5,"gold_loss":0,"cards_obtained":["Catalyst"]},{"cards_removed":["Catalyst"],"damage_healed":13,"gold_gain":0,"player_choice":"Offered Uncommon","damage_taken":0,"max_hp_gain":0,"max_hp_loss":0,"event_name":"Bonfire Elementals","floor":14,"gold_loss":0}],"is_beta":false,"boss_relics":[],"items_purged_floors":[],"is_endless":false,"potions_floor_spawned":[2,10],"killed_by":"Slime Boss","ascension_level":4}}