{"host":"msa0wxqjs3jv1k3j","time":1610947799,"event":{"mods":["AchievementEnabler","BaseMod","BetterRewards","Colored Map","Highlight Path","KOR Keyword Fix","Keyboard Shortcuts","Minty Spire (QoL Compilation)","Quick Restart","SuperFastMode","everything is the same but u backflip on backflip"],"gold_per_floor":[112,127,302,204,154,154,154,154,178,178,1,14,14,43,43,141,141,153,153,168,23,0,0,11,11,84,111,138,178,205,251,263,375,387,415,185,195,195,195,230,230,265,265,291,135,135,135,150,150,150],"floor_reached":51,"language":"KOR","playtime":1966,"items_purged":["Brutality","Fiend Fire","Reaper"],"score":1235,"play_id":"10962016-9531-4ee4-b020-fe793bbfe9d1","local_time":"20210118142959","daily_mods":["Shiny","Vintage","Heirloom","Flight","DeadlyEvents","Night Terrors"],"is_ascension_mode":false,"campfire_choices":[{"data":"Corruption","floor":6,"key":"SMITH"},{"data":"Bludgeon","floor":7,"key":"SMITH"},{"data":"Feed","floor":8,"key":"SMITH"},{"data":"Barricade","floor":10,"key":"SMITH"},{"data":"Infernal Blade","floor":13,"key":"SMITH"},{"data":"Heavy Blade","floor":15,"key":"SMITH"},{"data":"Armaments","floor":23,"key":"SMITH"},{"data":"Exhume","floor":32,"key":"SMITH"},{"data":"Body Slam","floor":41,"key":"SMITH"},{"data":"Searing Blow+1","floor":47,"key":"SMITH"},{"data":"Searing Blow+2","floor":49,"key":"SMITH"}],"circlet_count":0,"master_deck":["Double Tap+1","Bludgeon+1","Feed+1","Limit Break","Corruption+1","Barricade+1","Impervious+1","Exhume+1","Offering","Immolate","Heavy Blade+1","Infernal Blade+1","CurseOfTheBell","Armaments+1","Burning Pact+1","Carnage+1","Body Slam+1","Entrench+1","Flex+1","Searing Blow+3","True Grit+1","Flame Barrier+1"],"relics":["Black Blood","Dead Branch","PreservedInsect","Singing Bowl","Anchor","Nunchaku","Paper Frog","Calling Bell","Blood Vial","Shuriken","Gambling Chip","Question Card","Charon\u0027s Ashes","Happy Flower","Centennial Puzzle","Meat on the Bone","Pear","MawBank","Du-Vu Doll","War Paint","Toy Ornithopter","Toxic Egg 2","Pantograph","Thread and Needle","Red Skull","Potion Belt","Eternal Feather","HornCleat","Orrery","Smiling Mask"],"acts_visited":["Exordium","TheCity","TheBeyond"],"potions_floor_usage":[],"damage_taken":[{"damage":12,"enemies":"Cultist","floor":1,"turns":4},{"damage":14,"enemies":"2 Louse","floor":2,"turns":4},{"damage":6,"enemies":"Jaw Worm","floor":12,"turns":1},{"damage":0,"enemies":"Lagavulin","floor":14,"turns":3},{"damage":36,"enemies":"Hexaghost","floor":16,"turns":5},{"damage":20,"enemies":"2 Thieves","floor":18,"turns":3},{"damage":6,"enemies":"Chosen","floor":20,"turns":4},{"damage":12,"enemies":"Snecko","floor":24,"turns":2},{"damage":12,"enemies":"Book of Stabbing","floor":27,"turns":2},{"damage":6,"enemies":"Gremlin Leader","floor":29,"turns":2},{"damage":15,"enemies":"Centurion and Healer","floor":30,"turns":3},{"damage":6,"enemies":"Slavers","floor":31,"turns":2},{"damage":70,"enemies":"Collector","floor":33,"turns":6},{"damage":15,"enemies":"3 Darklings","floor":35,"turns":2},{"damage":38,"enemies":"3 Shapes","floor":37,"turns":2},{"damage":6,"enemies":"Reptomancer","floor":40,"turns":1},{"damage":9,"enemies":"Nemesis","floor":42,"turns":3},{"damage":8,"enemies":"Giant Head","floor":44,"turns":4},{"damage":6,"enemies":"Jaw Worm Horde","floor":48,"turns":2},{"damage":38,"enemies":"Time Eater","floor":50,"turns":5}],"seed_played":"-5488595184112795116","potions_obtained":[{"floor":2,"key":"Dexterity Potion"},{"floor":14,"key":"Explosive Potion"},{"floor":16,"key":"SneckoOil"}],"is_trial":true,"path_per_floor":["M","M","?","$","?","R","R","R","T","R","$","M","R","E","R","B",null,"M","?","M","$","$","R","M","$","T","E","T","E","M","E","R","B",null,"M","$","M","T","?","E","R","E","T","E","$","?","R","M","R","B",null],"character_chosen":"IRONCLAD","items_purchased":["Heavy Blade","Infernal Blade","Happy Flower","Armaments","Body Slam","Entrench+1","Orrery"],"campfire_rested":0,"item_purchase_floors":[4,11,21,22,36,36,45],"current_hp_per_floor":[74,75,75,75,75,75,75,75,75,75,75,75,75,83,83,55,87,73,73,75,75,75,75,71,71,71,82,82,92,90,99,99,49,101,102,102,82,82,82,92,92,99,99,107,109,109,117,117,117,91],"gold":150,"neow_bonus":"","is_daily":false,"chose_seed":false,"campfire_upgraded":11,"win_rate":0.0,"timestamp":1610947799,"path_taken":["M","M","?","$","?","R","R","R","T","R","$","?","R","E","R","BOSS","M","?","?","$","$","R","M","?","T","?","?","?","?","?","R","BOSS","M","$","?","?","?","E","R","E","T","?","$","?","R","M","R","BOSS"],"items_purchased_type":["Card","Card","Relic","Card","Card","Card","Relic"],"build_version":"2020-12-22","purchased_purges":3,"victory":true,"max_hp_per_floor":[80,83,83,83,83,83,83,83,83,83,83,83,83,85,85,87,87,87,87,87,87,87,87,87,87,87,97,97,99,99,99,99,101,101,105,105,109,109,109,111,111,113,113,115,117,117,117,117,117,117],"card_choices":[{"not_picked":["Warcry","Dark Embrace","Clothesline"],"picked":"Singing Bowl","floor":14},{"not_picked":["Demon Form","Feed","Corruption"],"picked":"Singing Bowl","floor":16},{"not_picked":["Juggernaut","Feed","Reckless Charge"],"picked":"Burning Pact+1","floor":27},{"not_picked":["Blood for Blood","Infernal Blade","Impervious","Spot Weakness"],"picked":"Singing Bowl","floor":29},{"not_picked":["Havoc","Blood for Blood","Twin Strike"],"picked":"Carnage+1","floor":31},{"not_picked":["Offering","Juggernaut","Demon Form","Limit Break"],"picked":"Singing Bowl","floor":33},{"not_picked":["Clothesline","Feed","True Grit+1","Sword Boomerang"],"picked":"Singing Bowl","floor":40},{"not_picked":["Power Through+1","Havoc+1","Twin Strike","Warcry+1"],"picked":"Singing Bowl","floor":42},{"not_picked":["Ghostly Armor+1","Clash","Wild Strike+1","Blood for Blood"],"picked":"Singing Bowl","floor":44},{"not_picked":["Spot Weakness+1","Perfected Strike+1","Burning Pact+1"],"picked":"Flex+1","floor":45},{"not_picked":["Warcry+1","Feed","Sword Boomerang+1"],"picked":"Searing Blow+1","floor":45},{"not_picked":["Heavy Blade","Entrench+1","Cleave"],"picked":"True Grit+1","floor":45},{"not_picked":["Havoc+1","Impervious+1","Rupture","Clothesline"],"picked":"Singing Bowl","floor":45},{"not_picked":["Shockwave+1","Body Slam+1","Metallicize"],"picked":"Flame Barrier+1","floor":45}],"player_experience":125732,"relics_obtained":[{"floor":1,"key":"PreservedInsect"},{"floor":2,"key":"Singing Bowl"},{"floor":9,"key":"Anchor"},{"floor":12,"key":"Nunchaku"},{"floor":14,"key":"Paper Frog"},{"floor":17,"key":"Blood Vial"},{"floor":17,"key":"Shuriken"},{"floor":17,"key":"Gambling Chip"},{"floor":18,"key":"Question Card"},{"floor":20,"key":"Charon\u0027s Ashes"},{"floor":24,"key":"Centennial Puzzle"},{"floor":26,"key":"Meat on the Bone"},{"floor":27,"key":"Pear"},{"floor":28,"key":"MawBank"},{"floor":29,"key":"Du-Vu Doll"},{"floor":30,"key":"War Paint"},{"floor":31,"key":"Toy Ornithopter"},{"floor":35,"key":"Toxic Egg 2"},{"floor":37,"key":"Pantograph"},{"floor":38,"key":"Thread and Needle"},{"floor":40,"key":"Red Skull"},{"floor":42,"key":"Potion Belt"},{"floor":43,"key":"Eternal Feather"},{"floor":44,"key":"HornCleat"},{"floor":48,"key":"Smiling Mask"}],"event_choices":[{"damage_healed":0,"gold_gain":175,"player_choice":"AGREE","damage_taken":0,"max_hp_gain":0,"max_hp_loss":0,"event_name":"Liars Game","floor":3,"gold_loss":0,"cards_obtained":["Doubt"]},{"cards_removed":["Doubt"],"damage_healed":0,"gold_gain":0,"player_choice":"Card Removal","damage_taken":0,"max_hp_gain":0,"max_hp_loss":0,"event_name":"The Cleric","floor":5,"gold_loss":50},{"cards_removed":["Juggernaut"],"damage_healed":0,"gold_gain":0,"player_choice":"Elegance","damage_taken":0,"max_hp_gain":0,"max_hp_loss":0,"event_name":"Back to Basics","floor":19,"gold_loss":0},{"cards_removed":["Demon Form"],"damage_healed":0,"gold_gain":0,"player_choice":"Purged","damage_taken":0,"max_hp_gain":0,"max_hp_loss":0,"event_name":"Purifier","floor":39,"gold_loss":0},{"cards_removed":["Berserk"],"damage_healed":0,"gold_gain":0,"player_choice":"Removed Power","damage_taken":0,"max_hp_gain":0,"max_hp_loss":0,"event_name":"Falling","floor":46,"gold_loss":0}],"is_beta":false,"boss_relics":[{"not_picked":["Ectoplasm","Fusion Hammer"],"picked":"Calling Bell"},{"not_picked":["SacredBark","Mark of Pain"],"picked":"Black Blood"}],"items_purged_floors":[4,11,36],"is_endless":false,"potions_floor_spawned":[2,14,16,18,30,35],"ascension_level":0}}