{"host":"th1rgt4ohg3ajuw6","time":1610936817,"event":{"mods":["Act Like it!","Bard","BaseMod","Downfall","GifTheSpireLib","GungeonMod","Minty Spire (QoL Compilation)","Shop Mod","StSLib","Stuff the Spire"],"gold_per_floor":[99,109,129,142,152,17,17,35,35,45,62,81,81,12,32,135,135,135,149,159,178,178,190,190,190,62,62,62,81,81,81,98,98,98],"floor_reached":33,"language":"ENG","playtime":2308,"items_purged":[],"score":270,"play_id":"64422beb-81b8-412c-8d87-a28e02fa838d","local_time":"20210117182657","is_ascension_mode":false,"campfire_choices":[{"data":"bronze:Replicate","floor":1,"key":"SMITH"},{"data":"bronze:Verify","floor":18,"key":"SMITH"},{"floor":25,"key":"REST"},{"data":"bronze:Repair","floor":27,"key":"SMITH"},{"data":"bronze:MaxOutput","floor":30,"key":"SMITH"}],"circlet_count":0,"master_deck":["bronze:Strike","bronze:Strike","bronze:Defend","bronze:Defend","bronze:Defend","bronze:Replicate+1","bronze:Goto+1","bronze:ChosenStrike","bronze:Deprecate","bronze:DelayedSlice","bronze:Repair+1","bronze:Backtrace","bronze:ItsAFeature","bronze:Iterate","bronze:ClassDefault","bronze:RecursiveStrike","bronze:Verify+1","bronze:Overload","bronze:MaxOutput+1","bronze:HardenedForm","bronze:ClassDefault","bronze:Fortify","bronze:WhirlingStrike","bronze:OilSpill","bronze:AlphaBuild","bronze:GetLatest+1","bronze:BronzeArmor+1","bronze:CutThrough+1","bronze:Turbo+1","bronze:BugBarrage","bronze:Iterate","bronze:DarkDash","StuffTheSpire:CuriosityCurse","bronze:Turbo","bronze:DelayedSlice"],"relics":["bronze:BronzeCore","DemoMod:DecoyRelic","DemoMod:ChaffGrenade","StoneCalendar","MerchantsRug","StuffTheSpire:OldFever"],"acts_visited":["Exordium","TheCity"],"potions_floor_usage":[4,12,14,14,21,21,23,26,33],"damage_taken":[{"damage":3,"enemies":"Small Slimes","floor":2,"turns":4},{"damage":1,"enemies":"Cultist","floor":3,"turns":3},{"damage":0,"enemies":"2 Louse","floor":4,"turns":2},{"damage":0,"enemies":"Gremlin Gang","floor":5,"turns":3},{"damage":0,"enemies":"downfall:FleeingMerchant","floor":6,"turns":4},{"damage":0,"enemies":"Red Slaver","floor":8,"turns":2},{"damage":5,"enemies":"3 Louse","floor":10,"turns":3},{"damage":7,"enemies":"Blue Slaver","floor":11,"turns":2},{"damage":0,"enemies":"3 Louse","floor":12,"turns":1},{"damage":0,"enemies":"downfall:FleeingMerchant","floor":14,"turns":4},{"damage":4,"enemies":"2 Fungi Beasts","floor":15,"turns":3},{"damage":40,"enemies":"IC_STATUS_ARCHETYPE","floor":16,"turns":7},{"damage":35,"enemies":"Spheric Guardian","floor":19,"turns":5},{"damage":4,"enemies":"3 Byrds","floor":20,"turns":4},{"damage":13,"enemies":"Snake Plant","floor":21,"turns":3},{"damage":20,"enemies":"Centurion and Healer","floor":23,"turns":7},{"damage":0,"enemies":"downfall:FleeingMerchant","floor":26,"turns":4},{"damage":6,"enemies":"Snecko","floor":29,"turns":3},{"damage":18,"enemies":"3 Cultists","floor":32,"turns":5},{"damage":83,"enemies":"SI_MIRROR_ARCHETYPE","floor":33,"turns":8}],"seed_played":"-1678449939217340148","potions_obtained":[{"floor":3,"key":"Fire Potion"},{"floor":8,"key":"AttackPotion"},{"floor":10,"key":"DistilledChaos"},{"floor":11,"key":"LiquidMemories"},{"floor":12,"key":"Fruit Juice"},{"floor":15,"key":"champ:CounterPotion"},{"floor":21,"key":"sneckomod:MuddlingPotion"},{"floor":23,"key":"LiquidBronze"},{"floor":29,"key":"FearPotion"},{"floor":32,"key":"Regen Potion"}],"is_trial":false,"path_per_floor":["R","M","M","M","M","$","T","M","?","M","M","M","?","$","M","B",null,"R","M","M","M","T","M","T","R","$","R","?","M","R","?","M","B"],"character_chosen":"THE_AUTOMATON","items_purchased":["bronze:ItsAFeature","bronze:Iterate","bronze:WhirlingStrike","MerchantsRug","bronze:Iterate","bronze:DarkDash"],"campfire_rested":1,"item_purchase_floors":[6,6,14,26,26,26],"current_hp_per_floor":[77,74,73,73,73,73,73,77,77,77,70,70,70,82,78,45,82,82,54,57,44,44,31,31,55,62,62,62,66,66,58,50,0,0],"gold":98,"neow_bonus":"TEN_PERCENT_HP_BONUS","is_daily":false,"chose_seed":false,"campfire_upgraded":4,"win_rate":0.0,"timestamp":1610936817,"path_taken":["R","M","M","M","M","$","T","M","?","M","?","M","?","$","M","BOSS","R","M","M","M","?","?","T","R","$","R","?","M","R","?","M","BOSS"],"items_purchased_type":["Card","Card","Card","Relic","Card","Card"],"build_version":"2020-12-22","purchased_purges":0,"victory":false,"max_hp_per_floor":[77,77,77,77,77,77,77,77,77,77,77,77,77,82,82,82,82,82,82,82,82,82,82,82,82,82,82,82,82,82,82,82,82,82],"card_choices":[{"not_picked":["bronze:Turbo","bronze:WildBeam"],"picked":"bronze:ChosenStrike","floor":2},{"not_picked":["bronze:Branch","bronze:DelayedGuard"],"picked":"bronze:Deprecate","floor":3},{"not_picked":["bronze:WhirlingStrike","bronze:Shield"],"picked":"bronze:DelayedSlice","floor":4},{"not_picked":["bronze:Deprecate","bronze:Overload"],"picked":"bronze:Repair","floor":5},{"not_picked":["bronze:DelayedSlice","bronze:FollowUp"],"picked":"bronze:Backtrace","floor":6},{"not_picked":["bronze:Branch","bronze:Shield"],"picked":"bronze:ClassDefault","floor":8},{"not_picked":["bronze:BronzeArmor","bronze:BugBarrage"],"picked":"bronze:MaxOutput","floor":10},{"not_picked":["bronze:Frontload","bronze:DelayedSlice"],"picked":"bronze:HardenedForm","floor":11},{"not_picked":["bronze:Invalidate","bronze:Turbo"],"picked":"bronze:ClassDefault","floor":12},{"not_picked":["bronze:BitShift","bronze:Deprecate"],"picked":"bronze:Fortify","floor":14},{"not_picked":["bronze:CloningBeam","bronze:Deprecate"],"picked":"bronze:OilSpill","floor":15},{"not_picked":["bronze:HardenedForm","bronze:ShipIt"],"picked":"bronze:AlphaBuild","floor":16},{"not_picked":["bronze:OilSpill","bronze:CutThrough"],"picked":"bronze:GetLatest","floor":19},{"not_picked":["bronze:ClassDefault+1","bronze:BuggyMess+1"],"picked":"bronze:BronzeArmor+1","floor":20},{"not_picked":["bronze:BronzeArmor","bronze:BuggyMess"],"picked":"bronze:CutThrough+1","floor":21},{"not_picked":["bronze:HardenedForm","bronze:DarkDash"],"picked":"bronze:Turbo+1","floor":23},{"not_picked":["bronze:Iterate+1","bronze:Repulsor"],"picked":"bronze:BugBarrage","floor":26},{"not_picked":["bronze:GetLatest","bronze:Invalidate"],"picked":"bronze:Turbo","floor":29},{"not_picked":["bronze:Turbo+1","bronze:FineTuning"],"picked":"bronze:DelayedSlice","floor":32}],"player_experience":243821,"relics_obtained":[{"floor":7,"key":"DemoMod:DecoyRelic"},{"floor":22,"key":"DemoMod:ChaffGrenade"},{"floor":24,"key":"StoneCalendar"}],"event_choices":[{"cards_removed":["Writhe"],"damage_healed":0,"gold_gain":0,"player_choice":"Card Removal","damage_taken":0,"max_hp_gain":0,"max_hp_loss":0,"event_name":"Wheel of Change","floor":13,"gold_loss":0}],"is_beta":false,"boss_relics":[{"not_picked":["Runic Dome","Empty Cage"],"picked":"StuffTheSpire:RunicHypercube"}],"items_purged_floors":[],"is_endless":false,"potions_floor_spawned":[3,8,10,11,12,15,21,23,29,32],"killed_by":"SI_MIRROR_ARCHETYPE","ascension_level":0}}