{"host":"pf9sh7nh6rpu9sau","time":1610999494,"event":{"mods":["2.2 Compatiblity","BaseMod","BetterRewards","Clockwork Mod","Downfall","Hermit","Mad Scientist","Minty Spire (QoL Compilation)","Permanent Neow","Quick Restart","Somnambulant","StSLib","The Clintock","The Cursed","The Disciple","The Hierophant","The Necromancer","The Runesmith"],"gold_per_floor":[99,118,118,28,178,178,256,276,31,31,45,45,45,75,94,189,189,189,201,201,213,231,231,258,291,19,19,31,43,77,90,109,109,109,109],"floor_reached":33,"language":"ENG","playtime":5874,"items_purged":["downfall:Icky","downfall:Icky"],"score":287,"play_id":"c63eab4f-2911-4c36-840d-3eb7b5280ca3","local_time":"20210118145134","is_ascension_mode":false,"campfire_choices":[{"data":"champ:Taunt","floor":1,"key":"SMITH"},{"data":"champ:GladiatorStyle","floor":6,"key":"SMITH"},{"data":"champ:Improvising","floor":10,"key":"SMITH"},{"data":"champ:SwordSigil","floor":13,"key":"SMITH"},{"data":"champ:AdrenalArmor","floor":18,"key":"SMITH"},{"data":"champ:FanOfKnives","floor":23,"key":"SMITH"}],"circlet_count":0,"master_deck":["champ:Execute","champ:Taunt+1","champ:GladiatorStyle+1","champ:FanOfKnives+1","champ:Improvising+1","champ:BerserkerStyle","champ:AdrenalArmor+1","champ:SwordSigil+1","champ:Endure","champ:MurderStrike","champ:FancyFootwork","champ:MurderStrike","champ:SkillfulDodge","champ:ShieldSlam","champ:FancyFootwork","champ:DeathBlow","champ:Parry","champ:BringItOn","champ:Backstep","champ:Encircle+1","champ:SwordThrow","champ:PreciseThrust+1","champ:SteelEdge","champ:GladiatorForm","champ:ShieldSigil+1","champ:BerserkersShout"],"relics":["champ:ChampionCrown","Ice Cream","champ:LiftRelic","Pear","Happy Flower","Pandora\u0027s Box","Ancient Tea Set","Oddly Smooth Stone","Mummified Hand","Gambling Chip"],"acts_visited":["Exordium","TheCity"],"potions_floor_usage":[11,16,29,30,32],"damage_taken":[{"damage":10,"enemies":"Small Slimes","floor":2,"turns":3},{"damage":25,"enemies":"downfall:FleeingMerchant","floor":4,"turns":4},{"damage":13,"enemies":"Jaw Worm","floor":8,"turns":3},{"damage":15,"enemies":"downfall:FleeingMerchant","floor":9,"turns":4},{"damage":15,"enemies":"2 Louse","floor":11,"turns":2},{"damage":20,"enemies":"3 Sentries","floor":14,"turns":4},{"damage":17,"enemies":"Lots of Slimes","floor":15,"turns":2},{"damage":131,"enemies":"WA_ARCHETYPE_RETAIN","floor":16,"turns":6},{"damage":76,"enemies":"Spheric Guardian","floor":19,"turns":4},{"damage":66,"enemies":"Shell Parasite","floor":21,"turns":4},{"damage":59,"enemies":"Centurion and Healer","floor":22,"turns":5},{"damage":60,"enemies":"Book of Stabbing","floor":25,"turns":5},{"damage":48,"enemies":"downfall:FleeingMerchant","floor":26,"turns":4},{"damage":10,"enemies":"3 Cultists","floor":28,"turns":3},{"damage":32,"enemies":"Snecko","floor":29,"turns":3},{"damage":27,"enemies":"Slavers","floor":30,"turns":4},{"damage":34,"enemies":"Chosen and Byrds","floor":31,"turns":4},{"damage":32,"enemies":"3 Cultists","floor":32,"turns":3},{"damage":49,"enemies":"SI_MIRROR_ARCHETYPE","floor":33,"turns":3}],"seed_played":"-1045070867553090263","potions_obtained":[{"floor":8,"key":"BlessingOfTheForge"},{"floor":14,"key":"Fire Potion"},{"floor":15,"key":"Dexterity Potion"},{"floor":21,"key":"SteroidPotion"},{"floor":28,"key":"DistilledChaos"},{"floor":30,"key":"AttackPotion"}],"is_trial":false,"path_per_floor":["R","M","?","$","?","R","T","M","$","R","M","?","R","E","M","B",null,"R","M","?","M","M","R","T","E","$","?","M","M","E","M","M","B"],"character_chosen":"THE_CHAMP","items_purchased":["champ:BerserkerStyle","champ:AdrenalArmor","Mummified Hand"],"campfire_rested":0,"item_purchase_floors":[9,9,26],"current_hp_per_floor":[90,90,90,85,85,85,95,92,87,87,82,82,82,79,72,24,100,100,79,79,58,58,58,58,50,50,50,50,42,35,32,20,0,0,0],"gold":109,"neow_bonus":"ONE_RARE_RELIC","is_daily":false,"chose_seed":false,"campfire_upgraded":6,"win_rate":0.0,"timestamp":1610999494,"path_taken":["R","M","?","$","?","R","T","M","$","R","?","?","R","E","M","BOSS","R","M","?","M","?","R","T","E","$","?","M","M","E","M","M","BOSS"],"items_purchased_type":["Card","Card","Relic"],"build_version":"2020-12-22","purchased_purges":2,"victory":false,"max_hp_per_floor":[90,90,90,90,90,90,100,100,100,100,100,100,100,100,100,100,100,100,100,100,100,100,100,100,100,100,100,100,100,100,100,100,100,100,100],"card_choices":[{"not_picked":["champ:GutPunch","champ:DefensiveStyle"],"picked":"champ:GladiatorStyle","floor":2},{"not_picked":["champ:PreciseThrust","champ:ArenaPreparation"],"picked":"champ:FanOfKnives","floor":4},{"not_picked":["champ:Backstep","champ:DefensiveStyle"],"picked":"champ:Improvising","floor":8},{"not_picked":["champ:RisingSlash","champ:StanceDance","champ:Haymaker"],"picked":"SKIP","floor":9},{"not_picked":["champ:PerfectedStrike","champ:Circumvent"],"picked":"champ:SwordSigil","floor":11},{"not_picked":["champ:CrownThrow","champ:PreciseThrust"],"picked":"champ:Endure","floor":14},{"not_picked":["champ:FocusedDefense","champ:GutPunch","champ:Lariat"],"picked":"SKIP","floor":15},{"not_picked":["champ:EnchantShield","champ:DancingMaster"],"picked":"champ:MurderStrike","floor":16},{"not_picked":["champ:Parry+1","champ:FlashCut","champ:CrownThrow"],"picked":"SKIP","floor":19},{"not_picked":["champ:Circumvent","champ:FlashCut"],"picked":"champ:BringItOn","floor":21},{"not_picked":["champ:PerfectedStrike","champ:ShieldSlam"],"picked":"champ:Backstep","floor":22},{"not_picked":["champ:Shatter","champ:DeathBlow+1"],"picked":"champ:Encircle+1","floor":25},{"not_picked":["champ:BringItOn","champ:FalseCounter","champ:Backstep"],"picked":"SKIP","floor":26},{"not_picked":["champ:TornadoPunch","champ:FanOfKnives"],"picked":"champ:PreciseThrust+1","floor":28},{"not_picked":["champ:Haymaker","champ:DefensiveShout+1"],"picked":"champ:SteelEdge","floor":29},{"not_picked":["champ:CrookedStrike+1","champ:DefensiveShout"],"picked":"champ:GladiatorForm","floor":30},{"not_picked":["champ:FlashCut+1","champ:Haymaker"],"picked":"champ:ShieldSigil+1","floor":31},{"not_picked":["champ:ShieldSigil","champ:StanceDance"],"picked":"champ:BerserkersShout","floor":32}],"player_experience":794715,"relics_obtained":[{"floor":7,"key":"Pear"},{"floor":14,"key":"Happy Flower"},{"floor":24,"key":"Ancient Tea Set"},{"floor":25,"key":"Oddly Smooth Stone"},{"floor":30,"key":"Gambling Chip"}],"event_choices":[],"is_beta":false,"boss_relics":[{"not_picked":["Snecko Eye","Runic Dome"],"picked":"Pandora\u0027s Box"}],"items_purged_floors":[4,9],"is_endless":false,"potions_floor_spawned":[8,14,15,21,28,30],"killed_by":"SI_MIRROR_ARCHETYPE","ascension_level":0}}