{"host":"vrsxkkch9ccrec7k","time":1610953147,"event":{"mods":["Act Like it!","BaseMod","Bestiary","Better Sensory Stone","Better Third Choice","Better Vampires","Downfall","Minty Spire (QoL Compilation)","Permanent Neow","Relic Stats","Spicy Shops","StSLib"],"gold_per_floor":[99,117,137,137,137,162,187,187,198,198,198,230,243,254,274,274,274],"floor_reached":16,"language":"ENG","playtime":1034,"items_purged":[],"score":123,"play_id":"9f4bc14d-17fd-4e84-8f4d-39723203c202","local_time":"20210118015907","is_ascension_mode":true,"campfire_choices":[{"data":"bronze:Virus","floor":1,"key":"SMITH"},{"data":"bronze:FineTuning","floor":8,"key":"SMITH"}],"circlet_count":0,"master_deck":["bronze:Strike","bronze:Strike","bronze:Strike","bronze:Strike","bronze:Defend","bronze:Defend","bronze:Defend","bronze:Defend","bronze:Replicate","bronze:Goto","bronze:Virus+1","bronze:FineTuning+1","bronze:Terminator","Finesse","bronze:Frontload","bronze:ChildClass","bronze:WhirlingStrike","bronze:Deprecate","bronze:DelayedSlice"],"relics":["bronze:BronzeCore","CaptainsWheel","Ancient Tea Set","downfall:ShatteredFragment","Bag of Preparation"],"acts_visited":["Exordium"],"potions_floor_usage":[6,16,16],"damage_taken":[{"damage":3,"enemies":"2 Louse","floor":2,"turns":3},{"damage":0,"enemies":"Small Slimes","floor":3,"turns":3},{"damage":20,"enemies":"Gremlin Nob","floor":6,"turns":4},{"damage":0,"enemies":"Jaw Worm","floor":9,"turns":2},{"damage":12,"enemies":"3 Sentries","floor":12,"turns":7},{"damage":0,"enemies":"Blue Slaver","floor":13,"turns":3},{"damage":1,"enemies":"3 Louse","floor":14,"turns":2},{"damage":0,"enemies":"Large Slime","floor":15,"turns":4},{"damage":0,"enemies":"SI_SHIV_ARCHETYPE","floor":16,"turns":6}],"seed_played":"1881417732839567215","potions_obtained":[{"floor":3,"key":"ColorlessPotion"},{"floor":12,"key":"Swift Potion"},{"floor":13,"key":"Strength Potion"}],"is_trial":false,"path_per_floor":["R","M","M","?","?","E","T","R","M","?","?","E","M","M","M","B"],"character_chosen":"THE_AUTOMATON","items_purchased":[],"campfire_rested":0,"item_purchase_floors":[],"current_hp_per_floor":[70,67,67,67,72,52,52,52,52,31,31,19,19,18,18,18,18],"gold":274,"neow_bonus":"ONE_RANDOM_RARE_CARD","is_daily":false,"chose_seed":false,"campfire_upgraded":2,"win_rate":0.0,"timestamp":1610953147,"path_taken":["R","M","M","?","?","E","T","R","M","?","?","E","M","?","M","BOSS"],"items_purchased_type":[],"build_version":"2020-12-22","purchased_purges":0,"victory":false,"max_hp_per_floor":[70,70,70,70,75,75,75,75,75,75,75,75,75,75,75,75,75],"relic_stats":{"counters":[9,34],"Bag of Preparation":[8],"obtain_stats":[{"CaptainsWheel":6,"bronze:BronzeCore":0,"downfall:ShatteredFragment":10,"Bag of Preparation":12,"Ancient Tea Set":7},{"CaptainsWheel":3,"bronze:BronzeCore":0,"downfall:ShatteredFragment":4,"Bag of Preparation":5,"Ancient Tea Set":3},{"CaptainsWheel":10,"bronze:BronzeCore":0,"downfall:ShatteredFragment":12,"Bag of Preparation":19,"Ancient Tea Set":10}]},"card_choices":[{"not_picked":["bronze:ChildClass","bronze:ClassDefault"],"picked":"bronze:FineTuning","floor":2},{"not_picked":["bronze:Repair","bronze:DelayedSlice"],"picked":"bronze:Terminator","floor":3},{"not_picked":["Forethought","Metamorphosis"],"picked":"Finesse","floor":4},{"not_picked":["bronze:BugBarrage","bronze:DarkDash"],"picked":"bronze:Frontload","floor":6},{"not_picked":["bronze:BugBarrage","bronze:Refactor"],"picked":"bronze:ChildClass","floor":9},{"not_picked":["bronze:BugBarrage","bronze:Repair"],"picked":"bronze:WhirlingStrike","floor":12},{"not_picked":["bronze:Frontload","bronze:Terminator"],"picked":"bronze:Deprecate","floor":13},{"not_picked":["bronze:Overheat","bronze:Overload"],"picked":"bronze:DelayedSlice","floor":14},{"not_picked":["bronze:Iterate","bronze:WildBeam","bronze:DarkDash"],"picked":"SKIP","floor":15}],"player_experience":1596442,"relics_obtained":[{"floor":6,"key":"CaptainsWheel"},{"floor":7,"key":"Ancient Tea Set"},{"floor":12,"key":"Bag of Preparation"}],"event_choices":[{"damage_healed":0,"gold_gain":1,"player_choice":"1","damage_taken":0,"max_hp_gain":0,"max_hp_loss":0,"event_name":"betterStone:BetterStone","floor":4,"gold_loss":0},{"damage_healed":0,"gold_gain":0,"player_choice":"Donut","damage_taken":0,"max_hp_gain":5,"max_hp_loss":0,"event_name":"Big Fish","floor":5,"gold_loss":0}],"is_beta":false,"boss_relics":[],"items_purged_floors":[],"is_endless":false,"potions_floor_spawned":[3,12,13],"killed_by":"SI_SHIV_ARCHETYPE","ascension_level":2}}