{"host":"fworv1gvvajf3x0f","time":1610969552,"event":{"mods":["AchievementEnabler","Aspiration","BaseMod","Better Match","Better Note","Better Sensory Stone","Better Third Choice","Better Vampires","Better-Laid Plans","BetterRewards","Colored Map","Colored Powertips","Displayed Cursed Tome","Energized Spire","Good Game Mod","Highlight Path","Infinite Spire","Minty Spire (QoL Compilation)","Poor People Problems","Relic Stats","Replay The Spire","Spicy Shops","StSLib"],"gold_per_floor":[115,142,8,24,35,35,35,62,86,96,115,115,131,159,159,256,256,272,292,312,312,326,326,49,49,49],"floor_reached":25,"language":"ZHS","playtime":2901,"items_purged":[],"score":246,"play_id":"ae31e648-dcfe-4300-8148-f7547f1ef624","local_time":"20210118193232","is_ascension_mode":true,"campfire_choices":[{"data":"True Grit","floor":6,"key":"SMITH"},{"data":"Whirlwind","floor":12,"key":"SMITH"},{"floor":15,"key":"REST"},{"data":"Armaments","floor":23,"key":"SMITH"}],"circlet_count":0,"master_deck":["Bash","Replay:Dark Deal","Warcry","Whirlwind+1","Headbutt","True Grit+1","Metallicize","Second Wind","Ghostly Armor","ReplayTheSpireMod:Limb From Limb","Seeing Red","Pot Of Greed","Pot Of Greed","Offering","Warcry","infinitespire:OneForAll","Iron Wave","Run Through","ReplayTheSpireMod:Muscle Training","Dark Embrace","Brutality+1","Brutality","Offering+1","Pot Of Greed","Armaments+1","Rage","Feel No Pain+1","Clumsy","Dual Wield"],"relics":["Burning Blood","REME:ComplimentaryCards","HandDrill","aspiration:BabyByrd","Odd Mushroom","Grinning Jar","Pandora\u0027s Box","betterThird:NestCultRelic","Guide Book","Replay:Lucky Slots"],"acts_visited":["Exordium","TheCity"],"potions_floor_usage":[11,14,14,22,22,22],"damage_taken":[{"damage":1.0,"enemies":"Cultist","floor":1.0,"turns":3.0},{"damage":2,"enemies":"2 Louse","floor":4,"turns":4},{"damage":9,"enemies":"Small Slimes","floor":5,"turns":4},{"damage":7,"enemies":"The Mushroom Lair","floor":8,"turns":4},{"damage":0,"enemies":"3 Louse","floor":10,"turns":1},{"damage":23,"enemies":"Gremlin Gang","floor":11,"turns":7},{"damage":10,"enemies":"Blue Slaver","floor":13,"turns":5},{"damage":17,"enemies":"Replay:BlueRogue","floor":14,"turns":6},{"damage":6,"enemies":"Fading Forest","floor":16,"turns":4},{"damage":19,"enemies":"Shell Parasite","floor":18,"turns":2},{"damage":2,"enemies":"3 Byrds","floor":19,"turns":2},{"damage":21,"enemies":"Snecko","floor":20,"turns":5},{"damage":38,"enemies":"Snake Plant","floor":22,"turns":5},{"damage":26,"enemies":"Shelled Parasite and Fungi","floor":25,"turns":2}],"seed_played":"4237009097315286496","potions_obtained":[{"floor":2.0,"key":"GamblersBrew"},{"floor":2.0,"key":"EntropicBrew"},{"floor":2.0,"key":"Adrenaline Potion"},{"floor":4,"key":"Swift Potion"},{"floor":5,"key":"infinitespire:BlackPotion"},{"floor":13,"key":"Explosive Potion"},{"floor":14,"key":"Ancient Potion"},{"floor":22,"key":"BlessingOfTheForge"}],"is_trial":false,"path_per_floor":["M","?","$","M","M","R","?","?","T","M","M","R","M","E","R","B",null,"M","M","M","?","M","R","$","M"],"character_chosen":"IRONCLAD","items_purchased":["HandDrill","Warcry","True Grit","Metallicize","Guide Book","Dual Wield","Replay:Lucky Slots"],"campfire_rested":1,"item_purchase_floors":[0,0,3,3,24,24,24],"current_hp_per_floor":[79,59,59,63,60,60,60,59,59,65,48,48,44,33,57,57,80,67,71,56,56,24,24,24,0,0],"gold":49,"neow_bonus":"","is_daily":false,"chose_seed":false,"campfire_upgraded":3,"win_rate":0.0,"timestamp":1610969552,"path_taken":["M","?","?","M","M","R","?","?","T","M","?","R","M","E","R","BOSS","M","M","M","?","M","R","$","M"],"items_purchased_type":["Relic","Card","Card","Card","Relic","Card","Relic"],"build_version":"2020-12-22","purchased_purges":0,"victory":false,"max_hp_per_floor":[80,80,80,80,80,80,80,80,80,80,80,80,80,80,80,80,80,80,80,80,80,80,80,80,80,80],"relic_stats":{"counters":[78,334],"Pandora\u0027s Box":["Warcry","infinitespire:OneForAll","Iron Wave","Run Through","ReplayTheSpireMod:Muscle Training","Dark Embrace","Brutality","Brutality","Offering"],"HandDrill":[14],"obtain_stats":[{"Divine Protection":28,"Calipers":26,"Vampiric Spirits":29,"Whetstone":6,"aspiration:RitualStick":19,"Lizard Tail":9,"aspiration:PoetsPen":51,"aspiration:BabyByrd":7,"MealTicket":13,"aspiration:ArtOfWarUpgrade":10,"HandDrill":0,"Ring of Hypnosis":12,"ReplayTheSpireMod:CursedCoin":10,"aspiration:SeaSaltIceCream":26,"infinitespire:Magic Flask":10,"Akabeko":29,"aspiration:FrozenJewel":47,"Snecko Scales":29,"ReplayTheSpireMod:Ring of Collecting":12,"Bird Faced Urn":0,"Molten Egg 2":7,"Pandora\u0027s Box":17,"CultistMask":14,"Grinning Jar":0,"Unceasing Top":0,"Pocketwatch":0,"energizedSpire:PogoStick":34,"ReplayTheSpireMod:Ring of Exchange":22,"Incense Burner":36,"Empty Cage":17,"PrismaticShard":27,"Smiling Mask":7,"Burning Blood":0,"Replay:Bandana":10,"energizedSpire:CursedPentagram":17,"Chameleon Ring":23,"Ring of Peace":20,"Replay:Lucky Slots":24,"energizedSpire:HugeHouse":17,"aspiration:FutureDiary":26,"infinitespire:Chaos":0,"Ring of the Snake":0,"Gremlin Food":36,"NeowsBlessing":0,"Self Forming Clay":9,"Guide Book":36,"infinitespire:EmptyRelic":0,"betterThird:NestCultRelic":21,"infinitespire:Lucky Rock":20,"Odd Mushroom":8,"Medical Kit":11,"White Beast Statue":0,"Mercury Hourglass":23,"Strange Spoon":31,"REME:ComplimentaryCards":0,"aspiration:WatcherSkillbook":34,"Bag of Marbles":41,"Art of War":7,"Membership Card":0,"ReplayTheSpireMod:Ring of Challenge":26,"PureWater":0,"infinitespire:Midas Blood":9},{"Divine Protection":13,"Calipers":33,"Vampiric Spirits":35,"Whetstone":57,"aspiration:RitualStick":62,"Lizard Tail":5,"aspiration:PoetsPen":46,"aspiration:BabyByrd":67,"MealTicket":26,"aspiration:ArtOfWarUpgrade":53,"HandDrill":64,"Ring of Hypnosis":6,"ReplayTheSpireMod:CursedCoin":23,"aspiration:SeaSaltIceCream":12,"infinitespire:Magic Flask":23,"Akabeko":13,"aspiration:FrozenJewel":44,"Snecko Scales":35,"ReplayTheSpireMod:Ring of Collecting":6,"Bird Faced Urn":53,"Molten Egg 2":4,"Pandora\u0027s Box":73,"CultistMask":6,"Grinning Jar":18,"Unceasing Top":18,"Pocketwatch":47,"energizedSpire:PogoStick":14,"ReplayTheSpireMod:Ring of Exchange":30,"Incense Burner":39,"Empty Cage":7,"PrismaticShard":12,"Smiling Mask":23,"Burning Blood":0,"Replay:Bandana":23,"energizedSpire:CursedPentagram":28,"Chameleon Ring":31,"Ring of Peace":9,"Replay:Lucky Slots":77,"energizedSpire:HugeHouse":61,"aspiration:FutureDiary":12,"infinitespire:Chaos":53,"Ring of the Snake":0,"Gremlin Food":39,"NeowsBlessing":0,"Self Forming Clay":53,"Guide Book":39,"infinitespire:EmptyRelic":53,"betterThird:NestCultRelic":76,"infinitespire:Lucky Rock":9,"Odd Mushroom":68,"Medical Kit":58,"White Beast Statue":53,"Mercury Hourglass":11,"Strange Spoon":13,"REME:ComplimentaryCards":0,"aspiration:WatcherSkillbook":38,"Bag of Marbles":42,"Art of War":53,"Membership Card":18,"ReplayTheSpireMod:Ring of Challenge":12,"PureWater":53,"infinitespire:Midas Blood":23},{"Divine Protection":55,"Calipers":160,"Vampiric Spirits":170,"Whetstone":242,"aspiration:RitualStick":272,"Lizard Tail":16,"aspiration:PoetsPen":208,"aspiration:BabyByrd":291,"MealTicket":124,"aspiration:ArtOfWarUpgrade":233,"HandDrill":280,"Ring of Hypnosis":18,"ReplayTheSpireMod:CursedCoin":112,"aspiration:SeaSaltIceCream":49,"infinitespire:Magic Flask":112,"Akabeko":55,"aspiration:FrozenJewel":199,"Snecko Scales":170,"ReplayTheSpireMod:Ring of Collecting":18,"Bird Faced Urn":233,"Molten Egg 2":11,"Pandora\u0027s Box":318,"CultistMask":18,"Grinning Jar":95,"Unceasing Top":95,"Pocketwatch":209,"energizedSpire:PogoStick":66,"ReplayTheSpireMod:Ring of Exchange":147,"Incense Burner":184,"Empty Cage":29,"PrismaticShard":49,"Smiling Mask":112,"Burning Blood":0,"Replay:Bandana":112,"energizedSpire:CursedPentagram":138,"Chameleon Ring":153,"Ring of Peace":38,"Replay:Lucky Slots":332,"energizedSpire:HugeHouse":265,"aspiration:FutureDiary":49,"infinitespire:Chaos":233,"Ring of the Snake":0,"Gremlin Food":184,"NeowsBlessing":0,"Self Forming Clay":233,"Guide Book":184,"infinitespire:EmptyRelic":233,"betterThird:NestCultRelic":327,"infinitespire:Lucky Rock":38,"Odd Mushroom":295,"Medical Kit":247,"White Beast Statue":233,"Mercury Hourglass":46,"Strange Spoon":55,"REME:ComplimentaryCards":0,"aspiration:WatcherSkillbook":181,"Bag of Marbles":193,"Art of War":233,"Membership Card":95,"ReplayTheSpireMod:Ring of Challenge":49,"PureWater":233,"infinitespire:Midas Blood":112}],"Burning Blood":126},"card_choices":[{"not_picked":["Warcry","Replay:Undeath\u0027s Touch"],"picked":"Whirlwind","floor":1.0},{"not_picked":["Defy Death","Replay:Undeath\u0027s Touch"],"picked":"Headbutt","floor":2.0},{"not_picked":["Iron Wave","Hemokinesis"],"picked":"Second Wind","floor":4},{"not_picked":["Havoc","Cleave"],"picked":"Ghostly Armor","floor":5},{"not_picked":["Hemokinesis","Cleave"],"picked":"ReplayTheSpireMod:Limb From Limb","floor":8},{"not_picked":["True Grit","Cleave","Thunderclap"],"picked":"SKIP","floor":10},{"not_picked":["Iron Wave","Searing Blow"],"picked":"Seeing Red","floor":11},{"not_picked":["Fire Breathing","Second Wind","Seeing Red"],"picked":"SKIP","floor":13},{"not_picked":["Run Through","Defy Death","Headbutt"],"picked":"SKIP","floor":14},{"not_picked":["Brutality","Replay:Many Hands"],"picked":"Offering","floor":16},{"not_picked":["Clothesline","Cleave+1"],"picked":"Armaments","floor":18},{"not_picked":["Abandon","ReplayTheSpireMod:Stacked"],"picked":"Rage","floor":19},{"not_picked":["Iron Wave","Dropkick"],"picked":"Feel No Pain+1","floor":20},{"not_picked":["Anger","Shrug It Off","Clash"],"picked":"SKIP","floor":22}],"player_experience":264639,"relics_obtained":[{"floor":8,"key":"Odd Mushroom"},{"floor":14,"key":"Grinning Jar"}],"event_choices":[{"damage_healed":0,"gold_gain":0,"player_choice":"Fought Mushrooms","damage_taken":0,"max_hp_gain":0,"max_hp_loss":0,"event_name":"Mushrooms","floor":8,"gold_loss":0},{"damage_healed":0,"gold_gain":0,"player_choice":"Madness","damage_taken":0,"relics_obtained":["betterThird:NestCultRelic"],"max_hp_gain":0,"max_hp_loss":0,"event_name":"betterThird:BetterNest","floor":21,"gold_loss":0}],"is_beta":false,"boss_relics":[{"not_picked":["energizedSpire:TabascoSauce","aspiration:PoetsPen"],"picked":"Pandora\u0027s Box"}],"items_purged_floors":[],"is_endless":false,"potions_floor_spawned":[4,5,13,14,22],"killed_by":"Shelled Parasite and Fungi","ascension_level":4}}