{"host":"1a3cjta80tad0aqj","time":1610952327,"event":{"mods":["2.2 Compatiblity","AchievementEnabler","BaseMod","Colored Map","DeckTracker","KOR Keyword Fix","Keyboard Shortcuts","Minty Spire (QoL Compilation)","Permanent Neow","Quick Restart","Random Character Button","StSLib","SuperFastMode","everything is the same but u backflip on backflip"],"gold_per_floor":[118,132,152,172,71,71,71,71,71,71,71,82,92,114,114,188,188,208,133,133,133,133,133,152,163,188,200,100,100,100],"floor_reached":29,"language":"KOR","playtime":910,"items_purged":["Strike_P","Strike_P"],"score":376,"play_id":"dadada6a-ac8a-400a-958d-2b24d4ff21bd","local_time":"20210118154527","is_ascension_mode":true,"campfire_choices":[{"data":"Eruption","floor":6.0,"key":"SMITH"},{"data":"Adaptation","floor":8.0,"key":"SMITH"},{"data":"SashWhip","floor":10.0,"key":"SMITH"},{"data":"ClearTheMind","floor":15.0,"key":"SMITH"},{"data":"Ragnarok","floor":23.0,"key":"SMITH"}],"circlet_count":0,"master_deck":["AscendersBane","Strike_P","Strike_P","Defend_P","Defend_P","Eruption+1","Vigilance","SashWhip+1","TalkToTheHand","Adaptation+1","Crescendo+1","MentalFortress","TalkToTheHand","ClearTheMind+1","Ragnarok+1"],"relics":["PureWater","NeowsBlessing","InkBottle","Damaru","Odd Mushroom","Empty Cage","Centennial Puzzle"],"acts_visited":["Exordium","TheCity"],"potions_floor_usage":[29,29],"damage_taken":[{"damage":0.0,"enemies":"Jaw Worm","floor":1.0,"turns":1.0},{"damage":0.0,"enemies":"Cultist","floor":2.0,"turns":1.0},{"damage":0.0,"enemies":"2 Louse","floor":3.0,"turns":1.0},{"damage":0.0,"enemies":"Exordium Wildlife","floor":4.0,"turns":2.0},{"damage":3.0,"enemies":"3 Louse","floor":12.0,"turns":3.0},{"damage":7.0,"enemies":"2 Fungi Beasts","floor":13.0,"turns":4.0},{"damage":29.0,"enemies":"The Mushroom Lair","floor":14.0,"turns":4.0},{"damage":16.0,"enemies":"Slime Boss","floor":16.0,"turns":10.0},{"damage":14.0,"enemies":"3 Byrds","floor":18.0,"turns":5.0},{"damage":7.0,"enemies":"Chosen","floor":24.0,"turns":3.0},{"damage":33.0,"enemies":"Centurion and Healer","floor":25.0,"turns":6.0},{"damage":6.0,"enemies":"Sentry and Sphere","floor":27.0,"turns":3.0},{"damage":8,"enemies":"Slavers","floor":29,"turns":1}],"seed_played":"-8573815749952660060","potions_obtained":[{"floor":2.0,"key":"DuplicationPotion"},{"floor":4.0,"key":"Weak Potion"},{"floor":14.0,"key":"StancePotion"},{"floor":27.0,"key":"DuplicationPotion"}],"is_trial":false,"path_per_floor":["M","M","M","M","?","R","$","R","T","R","?","M","M","?","R","B",null,"M","$","?","?","?","R","M","M","T","M","$","E"],"character_chosen":"WATCHER","items_purchased":[],"campfire_rested":0,"item_purchase_floors":[],"current_hp_per_floor":[61,61,61,61,61,61,61,61,61,61,61,58,51,22,22,6,53,39,39,53,53,53,53,46,13,13,7,7,0,0],"gold":100,"neow_bonus":"THREE_ENEMY_KILL","is_daily":false,"chose_seed":false,"campfire_upgraded":5,"win_rate":0.0,"timestamp":1610952327,"path_taken":["M","M","M","M","?","R","?","R","T","R","?","M","M","?","R","BOSS","M","$","?","?","?","R","M","M","T","?","$","E"],"items_purchased_type":[],"build_version":"2020-12-22","purchased_purges":2,"victory":false,"max_hp_per_floor":[68,68,68,68,68,68,68,68,68,68,68,68,68,68,68,68,68,68,68,68,68,68,68,68,68,68,68,68,68,68],"card_choices":[{"not_picked":["CrushJoints","Worship"],"picked":"SashWhip","floor":1.0},{"not_picked":["Crescendo","SashWhip"],"picked":"TalkToTheHand","floor":2.0},{"not_picked":["CutThroughFate","TalkToTheHand"],"picked":"Adaptation","floor":3.0},{"not_picked":["WreathOfFlame","Fasting2"],"picked":"Crescendo","floor":4.0},{"not_picked":["FlurryOfBlows","DeceiveReality"],"picked":"MentalFortress","floor":12.0},{"not_picked":["EmptyFist","Evaluate"],"picked":"TalkToTheHand","floor":13.0},{"not_picked":["Brilliance","PathToVictory"],"picked":"ClearTheMind","floor":14.0},{"not_picked":["Brilliance","ConjureBlade"],"picked":"Ragnarok","floor":16.0},{"not_picked":["FlurryOfBlows","CutThroughFate+1","WaveOfTheHand+1"],"picked":"SKIP","floor":18.0},{"not_picked":["SashWhip","Collect","FollowUp+1"],"picked":"SKIP","floor":24.0},{"not_picked":["FlyingSleeves","TalkToTheHand","Fasting2"],"picked":"SKIP","floor":25.0},{"not_picked":["Collect","SignatureMove","Swivel"],"picked":"SKIP","floor":27.0}],"player_experience":735234,"relics_obtained":[{"floor":9.0,"key":"Damaru"},{"floor":14.0,"key":"Odd Mushroom"},{"floor":26.0,"key":"Centennial Puzzle"}],"event_choices":[{"damage_healed":0.0,"max_hp_gain":0.0,"max_hp_loss":0.0,"gold_gain":0.0,"event_name":"WeMeetAgain","player_choice":"Paid Gold","floor":5.0,"gold_loss":101.0,"damage_taken":0.0,"relics_obtained":["InkBottle"]},{"damage_healed":0.0,"max_hp_gain":0.0,"max_hp_loss":0.0,"gold_gain":0.0,"event_name":"Living Wall","player_choice":"Grow","floor":11.0,"gold_loss":0.0,"damage_taken":0.0,"cards_upgraded":["Crescendo"]},{"damage_healed":0.0,"max_hp_gain":0.0,"max_hp_loss":0.0,"gold_gain":0.0,"event_name":"Mushrooms","player_choice":"Fought Mushrooms","floor":14.0,"gold_loss":0.0,"damage_taken":0.0},{"damage_healed":14.0,"max_hp_gain":0.0,"max_hp_loss":0.0,"gold_gain":0.0,"event_name":"The Library","player_choice":"Heal","floor":20.0,"gold_loss":0.0,"damage_taken":0.0},{"damage_healed":0.0,"max_hp_gain":0.0,"max_hp_loss":0.0,"gold_gain":0.0,"event_name":"Ghosts","player_choice":"Ignored","floor":22.0,"gold_loss":0.0,"damage_taken":0.0}],"is_beta":false,"boss_relics":[{"not_picked":["Runic Dome","Philosopher\u0027s Stone"],"picked":"Empty Cage"}],"items_purged_floors":[19,28],"is_endless":false,"potions_floor_spawned":[2,4,14,16,24,25,27],"killed_by":"Slavers","ascension_level":15}}