{"host":"nmxkoih8gpfa0ew7","time":1610950535,"event":{"mods":["AchievementEnabler","BaseMod","Better Third Choice","Colored Map","Colored Powertips","Minty Spire (QoL Compilation)","Slay-I","StSLib"],"gold_per_floor":[112,112,126,137,137,137,171,194,194,144,144,144,177,29,29,160,160,174,174,188,188,208,239,252,252,252],"floor_reached":25,"language":"ENG","playtime":1621,"items_purged":[],"score":281,"play_id":"480455da-249a-4ff4-af3d-68021e017d10","local_time":"20210117221535","is_ascension_mode":false,"campfire_choices":[{"data":"Dualcast","floor":6,"key":"SMITH"},{"floor":12,"key":"RECALL"},{"data":"Self Repair","floor":15,"key":"SMITH"}],"circlet_count":0,"master_deck":["Defend_B","Defend_B","Defend_B","Defend_B","Zap","Dualcast+1","Buffer","Glacier","Undo","Steam","Rip and Tear","Ball Lightning","Hello World","Self Repair+1","All For One","Echo Form","CurseOfTheBell","FTL+1","Bite","Bite","Bite","Bite","Bite","Streamline","Defragment","Reprogram","Glacier"],"relics":["Cracked Core","WarpedTongs","Golden Idol","Pocketwatch","Mango","Unceasing Top","Calling Bell","DataDisk","Sundial","Girya","Torii"],"acts_visited":["Exordium","TheCity"],"potions_floor_usage":[3,7,7,23,23,24],"damage_taken":[{"damage":0,"enemies":"Cultist","floor":1,"turns":4},{"damage":1,"enemies":"2 Louse","floor":3,"turns":2},{"damage":3,"enemies":"Small Slimes","floor":4,"turns":3},{"damage":18,"enemies":"3 Sentries","floor":7,"turns":12},{"damage":9,"enemies":"3 Louse","floor":8,"turns":3},{"damage":0,"enemies":"Gremlin Nob","floor":13,"turns":3},{"damage":3,"enemies":"Slime Boss","floor":16,"turns":8},{"damage":0,"enemies":"Chosen","floor":18,"turns":4},{"damage":10,"enemies":"Spheric Guardian","floor":20,"turns":4},{"damage":16,"enemies":"Chosen and Byrds","floor":22,"turns":7},{"damage":18,"enemies":"Book of Stabbing","floor":23,"turns":6},{"damage":20,"enemies":"3 Cultists","floor":24,"turns":6},{"damage":68,"enemies":"Gremlin Leader","floor":25,"turns":6}],"seed_played":"5164854938745379548","potions_obtained":[{"floor":1,"key":"SkillPotion"},{"floor":3,"key":"Fruit Juice"},{"floor":4,"key":"Fire Potion"},{"floor":8,"key":"GamblersBrew"},{"floor":18,"key":"SkillPotion"},{"floor":23,"key":"Dexterity Potion"}],"is_trial":false,"path_per_floor":["M","?","M","M","?","R","E","M","T","?","?","R","E","$","R","B",null,"M","?","M","?","M","E","M","E"],"character_chosen":"DEFECT","items_purchased":["Self Repair","All For One"],"campfire_rested":0,"item_purchase_floors":[14,14],"current_hp_per_floor":[75,75,79,76,76,76,58,49,63,63,63,63,63,63,63,60,94,94,65,65,65,65,57,58,0,0],"gold":252,"neow_bonus":"ONE_RANDOM_RARE_CARD","is_daily":false,"chose_seed":false,"campfire_upgraded":2,"win_rate":0.0,"timestamp":1610950535,"path_taken":["M","?","?","M","?","R","E","M","T","?","?","R","E","$","R","BOSS","M","?","M","?","M","E","M","E"],"items_purchased_type":["Card","Card"],"build_version":"2020-12-22","purchased_purges":0,"victory":false,"max_hp_per_floor":[75,75,80,80,80,80,80,80,94,94,94,94,94,94,94,94,94,94,65,65,65,65,65,65,65,65],"card_choices":[{"not_picked":["Undo","Skim"],"picked":"Glacier","floor":1},{"not_picked":["Rebound","Beam Cell"],"picked":"Undo","floor":3},{"not_picked":["Reinforced Body","Compile Driver"],"picked":"Steam","floor":4},{"not_picked":["Skim","Heatsinks"],"picked":"Rip and Tear","floor":7},{"not_picked":["Steam Power","Go for the Eyes"],"picked":"Ball Lightning","floor":8},{"not_picked":["Turbo","Recycle"],"picked":"Hello World","floor":13},{"not_picked":["Buffer","Biased Cognition"],"picked":"Echo Form","floor":16},{"not_picked":["Turbo","Gash"],"picked":"FTL+1","floor":18},{"not_picked":["Darkness","Reinforced Body"],"picked":"Streamline","floor":20},{"not_picked":["Static Discharge+1","Beam Cell"],"picked":"Defragment","floor":22},{"not_picked":["Storm","Barrage"],"picked":"Reprogram","floor":23},{"not_picked":["Undo+1","Go for the Eyes"],"picked":"Glacier","floor":24}],"player_experience":508337,"relics_obtained":[{"floor":7,"key":"Pocketwatch"},{"floor":9,"key":"Mango"},{"floor":13,"key":"Unceasing Top"},{"floor":17,"key":"DataDisk"},{"floor":17,"key":"Sundial"},{"floor":17,"key":"Girya"},{"floor":23,"key":"Torii"}],"event_choices":[{"damage_healed":0,"gold_gain":0,"player_choice":"Rummage","damage_taken":0,"relics_obtained":["WarpedTongs"],"max_hp_gain":0,"max_hp_loss":0,"event_name":"Accursed Blacksmith","floor":2,"gold_loss":0,"cards_obtained":["Pain"]},{"damage_healed":0,"gold_gain":0,"player_choice":"Take Wound","damage_taken":0,"relics_obtained":["Golden Idol"],"max_hp_gain":0,"max_hp_loss":0,"event_name":"Golden Idol","floor":5,"gold_loss":0,"cards_obtained":["Injury"]},{"cards_removed":["Pain"],"damage_healed":0,"gold_gain":0,"player_choice":"Card Removal","damage_taken":0,"max_hp_gain":0,"max_hp_loss":0,"event_name":"The Cleric","floor":10,"gold_loss":50},{"cards_removed":["Injury"],"damage_healed":0,"gold_gain":0,"player_choice":"Forget","damage_taken":0,"max_hp_gain":0,"max_hp_loss":0,"event_name":"Living Wall","floor":11,"gold_loss":0},{"damage_healed":0,"gold_gain":0,"player_choice":"Became a vampire","damage_taken":0,"max_hp_gain":0,"max_hp_loss":29,"event_name":"Vampires","floor":19,"gold_loss":0,"cards_obtained":["Bite","Bite","Bite","Bite","Bite"]},{"damage_healed":0,"gold_gain":0,"player_choice":"Adaptability","damage_taken":0,"max_hp_gain":0,"max_hp_loss":0,"event_name":"betterThird:BetterWriting","floor":21,"gold_loss":0}],"is_beta":false,"boss_relics":[{"not_picked":["Astrolabe","Cursed Key"],"picked":"Calling Bell"}],"items_purged_floors":[],"is_endless":false,"potions_floor_spawned":[1,3,4,8,18,23],"killed_by":"Gremlin Leader","ascension_level":0}}