{"host":"nh1tx9wty0m9wedw","time":1610934292,"event":{"mods":["BaseMod","Colored Map","Colored Powertips","Minty Spire (QoL Compilation)"],"gold_per_floor":[117,129,129,13,33,65,35,35,35,45,78,96,96,96,96,194,194,210,210,223,38,48,74,23,23,23],"floor_reached":25,"language":"ENG","playtime":1942,"items_purged":[],"score":291,"play_id":"a2107829-d4ba-4241-86f0-755d6a409cf9","local_time":"20210118024452","is_ascension_mode":true,"campfire_choices":[{"data":"Armaments","floor":8,"key":"SMITH"},{"floor":15,"key":"REST"}],"circlet_count":0,"master_deck":["Strike_R","Strike_R","Strike_R","Defend_R","Defend_R","Defend_R","Defend_R","Bash","Twin Strike","Twin Strike","Armaments+1","Evolve","Rage","Flame Barrier","Thunderclap","Feel No Pain","Infernal Blade","Reaper","CurseOfTheBell","Rampage+1","Wild Strike","The Bomb","Cleave+1","Battle Trance+1","Thunderclap+1"],"relics":["Burning Blood","NeowsBlessing","Turnip","CaptainsWheel","Happy Flower","Calling Bell","Lantern","Pantograph","Bird Faced Urn","Molten Egg 2"],"acts_visited":["Exordium","TheCity"],"potions_floor_usage":[6,7,13,16,18,20,22,22,22,23,25],"damage_taken":[{"damage":0,"enemies":"Cultist","floor":1,"turns":1},{"damage":0,"enemies":"Small Slimes","floor":2,"turns":1},{"damage":0,"enemies":"Jaw Worm","floor":5,"turns":1},{"damage":48,"enemies":"Gremlin Nob","floor":6,"turns":5},{"damage":1,"enemies":"Looter","floor":7,"turns":4},{"damage":0,"enemies":"Blue Slaver","floor":10,"turns":5},{"damage":41,"enemies":"Lagavulin","floor":11,"turns":7},{"damage":2,"enemies":"2 Fungi Beasts","floor":12,"turns":4},{"damage":0,"enemies":"3 Louse","floor":13,"turns":1},{"damage":29,"enemies":"The Guardian","floor":16,"turns":15},{"damage":28,"enemies":"Shell Parasite","floor":18,"turns":9},{"damage":14,"enemies":"Chosen","floor":20,"turns":5},{"damage":27,"enemies":"Centurion and Healer","floor":22,"turns":6},{"damage":36,"enemies":"Slavers","floor":23,"turns":3},{"damage":70,"enemies":"Gremlin Leader","floor":25,"turns":6}],"seed_played":"-8362523161405753306","potions_obtained":[{"floor":1,"key":"LiquidBronze"},{"floor":5,"key":"Regen Potion"},{"floor":11,"key":"SmokeBomb"},{"floor":12,"key":"LiquidBronze"},{"floor":16,"key":"ColorlessPotion"},{"floor":20,"key":"EntropicBrew"},{"floor":22,"key":"Block Potion"},{"floor":23,"key":"LiquidMemories"}],"is_trial":false,"path_per_floor":["M","M","?","$","M","E","M","R","T","M","E","M","M","?","R","B",null,"M","?","M","$","M","E","$","E"],"character_chosen":"IRONCLAD","items_purchased":["Armaments","Evolve","The Bomb","Thunderclap+1"],"campfire_rested":1,"item_purchase_floors":[4,4,21,24],"current_hp_per_floor":[80,80,80,80,80,38,57,57,57,63,28,32,38,38,62,39,70,50,80,76,76,58,39,39,0,0],"gold":23,"neow_bonus":"THREE_ENEMY_KILL","is_daily":false,"chose_seed":false,"campfire_upgraded":1,"win_rate":0.0,"timestamp":1610934292,"path_taken":["M","M","?","$","M","E","M","R","T","M","E","M","M","?","R","BOSS","M","?","M","$","?","E","?","E"],"items_purchased_type":["Card","Card","Card","Card"],"build_version":"2020-12-22","purchased_purges":0,"victory":false,"max_hp_per_floor":[80,80,80,80,80,80,80,80,80,80,80,80,80,80,80,80,80,80,80,80,80,80,80,80,80,80],"card_choices":[{"not_picked":["Second Wind","Sword Boomerang"],"picked":"Twin Strike","floor":1},{"not_picked":["Wild Strike","Entrench"],"picked":"Twin Strike","floor":2},{"not_picked":["Burning Pact","Shrug It Off"],"picked":"Rage","floor":5},{"not_picked":["Anger","Headbutt"],"picked":"Flame Barrier","floor":6},{"not_picked":["Shrug It Off","Warcry"],"picked":"Thunderclap","floor":7},{"not_picked":["Iron Wave","Burning Pact"],"picked":"Feel No Pain","floor":10},{"not_picked":["Offering","True Grit"],"picked":"Infernal Blade","floor":11},{"not_picked":["Burning Pact","Thunderclap"],"picked":"Shockwave","floor":12},{"not_picked":["Offering","Feed"],"picked":"Reaper","floor":16},{"not_picked":["Iron Wave","Combust"],"picked":"Rampage+1","floor":18},{"not_picked":["Clash","Warcry"],"picked":"Wild Strike","floor":20},{"not_picked":["Anger","Sentinel"],"picked":"Cleave+1","floor":22},{"not_picked":["Iron Wave+1","Thunderclap+1"],"picked":"Battle Trance+1","floor":23}],"player_experience":598979,"relics_obtained":[{"floor":6,"key":"Turnip"},{"floor":9,"key":"CaptainsWheel"},{"floor":11,"key":"Happy Flower"},{"floor":17,"key":"Lantern"},{"floor":17,"key":"Pantograph"},{"floor":17,"key":"Bird Faced Urn"},{"floor":23,"key":"Molten Egg 2"}],"event_choices":[{"cards_removed":["Strike_R"],"damage_healed":0,"gold_gain":0,"player_choice":"Forget","damage_taken":0,"max_hp_gain":0,"max_hp_loss":0,"event_name":"Living Wall","floor":3,"gold_loss":0},{"cards_removed":["Strike_R"],"damage_healed":0,"gold_gain":0,"player_choice":"Purged","damage_taken":0,"max_hp_gain":0,"max_hp_loss":0,"event_name":"Purifier","floor":14,"gold_loss":0},{"cards_removed":["Shockwave"],"damage_healed":30,"gold_gain":0,"player_choice":"Offered Uncommon","damage_taken":0,"max_hp_gain":0,"max_hp_loss":0,"event_name":"Bonfire Elementals","floor":19,"gold_loss":0}],"is_beta":false,"boss_relics":[{"not_picked":["Astrolabe","Runic Dome"],"picked":"Calling Bell"}],"items_purged_floors":[],"is_endless":false,"potions_floor_spawned":[1,5,11,12,16,20,22,23],"killed_by":"Gremlin Leader","ascension_level":5}}