{"host":"yfrzjlps46tkbs82","time":1610979840,"event":{"mods":["Act Like it!","Aspiration","BaseMod","BetterRewards","Dota2Spire","Gensokyo","Hubris","Lobotomy","Marisa（F雨　魔理沙）","Minty Spire (QoL Compilation)","MostiFishMod","Replay The Spire","StSLib","SuperFastMode","TestMod","The Alterego","[IsaacMod]以撒尖塔"],"gold_per_floor":[118,118,118,133,205,205,231,231,231,260,260,275,275,286,286,390,390,406,434,247,277,202,235,235,254,254,254,278,302,314,314,314,416,416,432,443,443,54,72,72,82,108,108,108,108,141,41,41,41,41],"floor_reached":51,"language":"ZHS","playtime":1505,"items_purged":["Strike_MRS","Strike_MRS","Defend_MRS"],"score":1663,"play_id":"10ab9f93-f751-401e-afd7-cc34e2d0de81","local_time":"20210118222400","is_ascension_mode":true,"campfire_choices":[{"data":"GalacticHalo","floor":6.0,"key":"SMITH"},{"floor":11.0,"key":"REST"},{"data":"EnergyFlow","floor":13.0,"key":"SMITH"},{"floor":15.0,"key":"REST"},{"floor":27.0,"key":"REST"},{"data":"Seek","floor":32.0,"key":"SMITH"},{"data":"CollectingQuirk","floor":40.0,"key":"SMITH"},{"data":"Defend_MRS","floor":49.0,"key":"SMITH"}],"circlet_count":0,"master_deck":["Strike_MRS+1","Strike_MRS","Defend_MRS","Defend_MRS+1","Defend_MRS+1","MasterSpark","UpSweep","GalacticHalo+1","EnergyFlow+1","GalacticHalo+1","Seek+1","EnergyRecoil+1","Acceleration+1","CollectingQuirk+1","ChargingUp+1","BlazeAway+1","Gensokyo:LifeforceConverter"],"relics":["MiniHakkero","testmod-TestBox","HushsDoor","GuppysTail","testmod-BatchProcessingSystem","SynthV","aspiration:Nostalgia","m_SpellCore","SynthV:TestCard","White Beast Statue","Gremlin Food","Gensokyo:MarisaPhilosophersStone","Replay:Towering Pillar of Hats","hubris:CuriousFeather","hubris:Backtick","Dota2Spire:AghanimScepter","testmod-Charity","testmod-AssaultLearning","Dota2Spire:BladeMail","Dota2Spire:ShivaGuard","BloodDonationMachine","DoctorsRemote","hubris:Towel","testmod-TimeTraveler","Centennial Puzzle","ReplayTheSpireMod:Shallot","Juzu Bracelet","aspiration:StickyExplosives_weak","Dota2Spire:EtherealBlade"],"acts_visited":["Gensokyo:Gensokyo","Gensokyo:Gensokyoer","Gensokyo:Gensokyoest"],"potions_floor_usage":[],"damage_taken":[{"damage":6.0,"enemies":"Gensokyo:Gryphon","floor":1.0,"turns":3.0},{"damage":0.0,"enemies":"Gensokyo:3_Fairies","floor":4.0,"turns":3.0},{"damage":20.0,"enemies":"Gensokyo:Mamizou","floor":7.0,"turns":6.0},{"damage":36.0,"enemies":"Gensokyo:Mamizou","floor":8.0,"turns":7.0},{"damage":0.0,"enemies":"Gensokyo:Aya","floor":10.0,"turns":3.0},{"damage":0.0,"enemies":"Gensokyo:2_Kodama","floor":12.0,"turns":2.0},{"damage":20.0,"enemies":"Gensokyo:LivingMonolith","floor":14.0,"turns":4.0},{"damage":20.0,"enemies":"Gensokyo:Yukari","floor":16.0,"turns":8.0},{"damage":0.0,"enemies":"Gensokyo:CosmicMonolith","floor":18.0,"turns":3.0},{"damage":0.0,"enemies":"Gensokyo:Chomper","floor":19.0,"turns":3.0},{"damage":0.0,"enemies":"Gensokyo:Reisen","floor":23.0,"turns":4.0},{"damage":11.0,"enemies":"Gensokyo:Wraith","floor":25.0,"turns":3.0},{"damage":10.0,"enemies":"Gensokyo:Chomper_and_Gloop","floor":28.0,"turns":6.0},{"damage":0.0,"enemies":"Gensokyo:Tenshi","floor":29.0,"turns":3.0},{"damage":0.0,"enemies":"Gensokyo:Swordslinger","floor":30.0,"turns":4.0},{"damage":20.0,"enemies":"Gensokyo:Kaguya","floor":33.0,"turns":10.0},{"damage":0.0,"enemies":"Gensokyo:3_Bats","floor":35.0,"turns":3.0},{"damage":0.0,"enemies":"Gensokyo:3_Boulders","floor":36.0,"turns":2.0},{"damage":0.0,"enemies":"Gensokyo:Rafflesia","floor":39.0,"turns":2.0},{"damage":0.0,"enemies":"Gensokyo:AtlasGolem","floor":41.0,"turns":2.0},{"damage":0.0,"enemies":"Gensokyo:Doremy","floor":42.0,"turns":1.0},{"damage":0.0,"enemies":"Gensokyo:Marisa","floor":46.0,"turns":1.0},{"damage":0,"enemies":"Gensokyo:Scarlet_Devils","floor":50,"turns":5}],"seed_played":"-2595637389081407912","potions_obtained":[{"floor":1.0,"key":"Strength Potion"},{"floor":4.0,"key":"AttackPotion"},{"floor":7.0,"key":"SpeedPotion"},{"floor":10.0,"key":"FearPotion"},{"floor":12.0,"key":"EssenceOfSteel"},{"floor":14.0,"key":"BlessingOfTheForge"},{"floor":16.0,"key":"testmod-SpacePotion"},{"floor":18.0,"key":"GamblersBrew"},{"floor":19.0,"key":"BlessingOfTheForge"},{"floor":19.0,"key":"FearPotion"},{"floor":21.0,"key":"Languid Potion"},{"floor":33.0,"key":"SpeedPotion"},{"floor":35.0,"key":"testmod-EscapePotion"},{"floor":36.0,"key":"Dota2Spire:HealingSalve"},{"floor":39.0,"key":"Reflective Coating"}],"is_trial":false,"path_per_floor":["M","?","?","M","T","R","E","?","T","E","R","M","R","M","R","B",null,"M","M","COS","?","$","E","?","M","T","R","M","E","M","?","R","B",null,"M","M","?","$","M","R","M","E","T","?","?","E","$","?","R","B",null],"character_chosen":"MARISA","items_purchased":["Centennial Puzzle","ReplayTheSpireMod:Shallot"],"campfire_rested":3,"item_purchase_floors":[38,38],"current_hp_per_floor":[62,62,62,62,62,62,42,6,6,6,28,28,28,8,30,10,55,55,55,55,39,39,40,25,19,19,40,31,32,37,37,37,18,62,63,64,64,64,65,65,66,67,67,67,67,68,68,68,68,68],"gold":41,"neow_bonus":"NOSTALGIA","is_daily":false,"chose_seed":false,"campfire_upgraded":5,"win_rate":0.0,"timestamp":1610979840,"path_taken":["M","?","?","?","?","R","E","?","T","E","R","M","R","M","R","BOSS","M","M","COS","?","$","E","?","M","T","R","M","E","M","?","R","BOSS","M","M","?","$","M","R","?","E","T","?","?","E","$","?","R","BOSS"],"items_purchased_type":["Relic","Relic"],"build_version":"2020-12-22","purchased_purges":3,"victory":true,"max_hp_per_floor":[75,75,75,75,75,75,75,75,75,75,75,75,75,75,75,75,70,70,70,70,71,71,72,72,73,73,73,74,75,76,76,76,77,77,78,79,79,79,80,80,81,82,82,82,82,83,83,83,83,83],"card_choices":[{"not_picked":["UnstableBomb","Chaos","Gash"],"picked":"SKIP","floor":1.0},{"not_picked":["Aggregate","PowerUp","PropBag","Loop"],"picked":"GalacticHalo","floor":4.0},{"not_picked":["ChargeUpSpray","DC","SatelliteIllusion","Redo"],"picked":"EnergyFlow","floor":7.0},{"not_picked":["Beam Cell","WitchOfGreed","GravityBeat","PowerUp","Rainbow"],"picked":"SKIP","floor":10.0},{"not_picked":["Capacitor","Darkness","ReplaySolidLightProjector","Rebound","UnstableBomb"],"picked":"SKIP","floor":12.0},{"not_picked":["Robbery","DarkSpark","Orbital","GrandCross","MeteoricShower"],"picked":"SKIP","floor":14.0},{"not_picked":["All For One","StarDustReverie","BlazingStar","MillisecondPulsars"],"picked":"Seek","floor":16.0},{"not_picked":["WitchLeyline+1","OneTimeOff+1","UnstableBomb","SuperPerseids","Robbery"],"picked":"SKIP","floor":18.0},{"not_picked":["StarlightTyphoon+1","WitchOfGreed+1","MilkyWay+1","ManaConvection+1","NonDirectionalLaser"],"picked":"SKIP","floor":19.0},{"not_picked":["SprinkleStarSeal","Occultation","Singularity","StarlightTyphoon"],"picked":"EnergyRecoil","floor":21.0},{"not_picked":["DarkMatter","DoubleSpark","LuminesStrike","Robbery+1"],"picked":"Acceleration+1","floor":23.0},{"not_picked":["WitchLeyline","WitchOfGreed","Acceleration","MilkyWay","ShootingEcho"],"picked":"SKIP","floor":25.0},{"not_picked":["MilkyWay","PowerUp","MeteoricShower","Singularity","DC+1"],"picked":"SKIP","floor":28.0},{"not_picked":["MysteriousBeam","EscapeVelocity","6A","DarkMatter","ChargeUpSpray+1"],"picked":"SKIP","floor":29.0},{"not_picked":["EarthLightRay","GrandCross","WitchOfGreed","LuminesStrike","MysteriousBeam"],"picked":"SKIP","floor":30.0},{"not_picked":["MaximisePower","MillisecondPulsars","FinalSpark","EscapeVelocity"],"picked":"CollectingQuirk","floor":33.0},{"not_picked":["MilkyWay","LuminesStrike","WitchLeyline","NonDirectionalLaser+1"],"picked":"ChargingUp+1","floor":35.0},{"not_picked":["IllusionStar+1","SporeBomb","OpenUniverse","Acceleration","DarkSpark"],"picked":"SKIP","floor":36.0},{"not_picked":["ShootingEcho+1","GravityBeat","6A","PowerUp+1","MysteriousBeam+1"],"picked":"SKIP","floor":39.0},{"not_picked":["Acceleration","ChargingUp","IllusionStar+1","GalacticHalo+1","WitchOfGreed"],"picked":"SKIP","floor":41.0},{"not_picked":["GalacticHalo","StarlightTyphoon","AsteroidBelt+1","ShootTheMoon"],"picked":"BlazeAway+1","floor":42.0},{"not_picked":["DoubleSpark+1","MilkyWay","SuperNova","Acceleration+1","OortCloud+1"],"picked":"SKIP","floor":46.0}],"player_experience":251982,"relics_obtained":[{"floor":1.0,"key":"SynthV:TestCard"},{"floor":5.0,"key":"White Beast Statue"},{"floor":7.0,"key":"Gremlin Food"},{"floor":8.0,"key":"Gensokyo:MarisaPhilosophersStone"},{"floor":9.0,"key":"Replay:Towering Pillar of Hats"},{"floor":10.0,"key":"hubris:CuriousFeather"},{"floor":23.0,"key":"testmod-AssaultLearning"},{"floor":26.0,"key":"Dota2Spire:ShivaGuard"},{"floor":29.0,"key":"DoctorsRemote"},{"floor":42.0,"key":"Juzu Bracelet"},{"floor":43.0,"key":"aspiration:StickyExplosives_weak"},{"floor":46.0,"key":"Dota2Spire:EtherealBlade"}],"event_choices":[{"damage_healed":0.0,"max_hp_gain":0.0,"max_hp_loss":0.0,"gold_gain":0.0,"event_name":"给自己的盒子","player_choice":"Swap Relic","floor":44.0,"relics_lost":["DaveBox"],"gold_loss":0.0,"damage_taken":0.0,"relics_obtained":["HushsDoor"]}],"is_beta":false,"boss_relics":[{"not_picked":["TimeKeys","hubris:HollowSoul"],"picked":"hubris:Backtick"},{"not_picked":[]},{"not_picked":["testmod-StringDisintegrator","testmod-Prudence"],"picked":"testmod-TimeTraveler"},{"not_picked":[]}],"items_purged_floors":[17,22,47],"is_endless":false,"potions_floor_spawned":[1,4,7,8,10,12,14,16,18,19,23,25,28,29,30,33,35,36,39,41,42,46],"ascension_level":8}}