{"host":"0av13bfd5y1jedv9","time":1610964377,"event":{"mods":["AchievementEnabler","Act Like it!","Aspiration","BaseMod","Bestiary","Colored Map","Conspire","Hallownest","Hubris","Infinite Spire","Minty Spire (QoL Compilation)","Relic Sorter","Replay The Spire","StSLib","The Bug Knight","The Cursed","The Disciple","The Marked","The Mystic","The Necromancer","The Runesmith","The Senshi"],"gold_per_floor":[111,111,186,203,203,233,233,251,251,251,251,251,285,297,297,402,402,415,415,415,415,415,415,415,430,430,458,458,458],"floor_reached":28,"language":"ENG","playtime":1809,"items_purged":[],"score":267,"play_id":"0c18e212-97c3-4138-8fe5-ebb9860b3583","local_time":"20210118100617","is_ascension_mode":false,"campfire_choices":[{"floor":15,"key":"REST"},{"floor":23,"key":"REST"}],"circlet_count":0,"master_deck":["theMarked:Strike","theMarked:Strike+1","theMarked:Strike","theMarked:Strike","theMarked:Strike","theMarked:Defend","theMarked:Defend","theMarked:Defend","theMarked:Defend","theMarked:SoldierOfQuellstein","theMarked:SwordAndMagic+1","theMarked:SuspiciousRaven+1","theMarked:Static","theMarked:SoldierForm","theMarked:ResourceFulStrike+1","hubris:Ssssneak","theMarked:BanishingStrike"],"relics":["theMarked:ArtifactOfAir","NeowsBlessing","aspiration:ArtOfWarUpgrade","hubris:ToyBattleship","infinitespire:WardingShard","Kunai","Ring of Chaos","conspire:TreasureMap","aspiration:RitualStick","Bird Faced Urn","infinitespire:Joker Card"],"acts_visited":["Exordium","TheCity"],"potions_floor_usage":[18,27,28],"damage_taken":[{"damage":0.0,"enemies":"2 Louse","floor":1.0,"turns":1.0},{"damage":0.0,"enemies":"Jaw Worm","floor":4.0,"turns":1.0},{"damage":0.0,"enemies":"3 Sentries","floor":6.0,"turns":2.0},{"damage":0.0,"enemies":"Small Slimes","floor":8.0,"turns":2.0},{"damage":15.0,"enemies":"Gremlin Nob","floor":13.0,"turns":4.0},{"damage":4.0,"enemies":"3 Louse","floor":14.0,"turns":3.0},{"damage":20,"enemies":"Fading Forest","floor":16,"turns":11},{"damage":11,"enemies":"3 Byrds","floor":18,"turns":5},{"damage":2,"enemies":"Chosen","floor":25,"turns":3},{"damage":28,"enemies":"Replay:Snechameleon","floor":27,"turns":5},{"damage":29,"enemies":"Shelled Parasite and Fungi","floor":28,"turns":3}],"seed_played":"5724527361756281455","potions_obtained":[{"floor":1.0,"key":"Explosive Potion"},{"floor":4.0,"key":"FearPotion"},{"floor":13.0,"key":"PowerPotion"},{"floor":16,"key":"Languid Potion"},{"floor":18,"key":"Doom Potion"},{"floor":25,"key":"Energy Potion"}],"is_trial":false,"path_per_floor":["M","?","?","M","?","E","R","M","T","T","?","R","E","M","R","B",null,"M","?","AVR","?","?","R","?","M","T","E","M"],"character_chosen":"THE_DEFAULT","items_purchased":[],"campfire_rested":2,"item_purchase_floors":[],"current_hp_per_floor":[70,70,59,59,59,59,59,59,59,59,45,45,30,26,47,37,70,59,59,59,45,45,66,54,52,52,26,0,0],"gold":458,"neow_bonus":"THREE_ENEMY_KILL","is_daily":false,"chose_seed":false,"campfire_upgraded":0,"win_rate":0.0,"timestamp":1610964377,"path_taken":["M","?","?","?","?","E","R","M","T","?","?","R","E","M","R","BOSS","M","?","AVR","?","?","R","?","?","T","E","M"],"items_purchased_type":[],"build_version":"2020-12-22","purchased_purges":0,"victory":false,"max_hp_per_floor":[70,70,70,70,70,70,70,70,70,70,70,70,70,70,70,70,70,70,70,70,70,70,70,70,70,70,70,70,70],"card_choices":[{"not_picked":["theMarked:DeterminationOfTheMarked","theMarked:Standoff","theMarked:RepellingDischarge"],"picked":"SKIP","floor":1.0},{"not_picked":["theMarked:BanishingStrike","theMarked:WastefulDefense"],"picked":"theMarked:SwordAndMagic","floor":4.0},{"not_picked":["theMarked:TwofoldDefense","theMarked:DeterminationOfTheMarked","theMarked:Overthink"],"picked":"SKIP","floor":6.0},{"not_picked":["theMarked:Frustration","theMarked:KeepCalmAndFightOn"],"picked":"theMarked:SuspiciousRaven","floor":8.0},{"not_picked":["theMarked:Reabsorb","theMarked:Convert","theMarked:WastefulDefense"],"picked":"SKIP","floor":13.0},{"not_picked":["theMarked:WastefulAttack","theMarked:Parry"],"picked":"theMarked:Static","floor":14},{"not_picked":["theMarked:Abjuration","theMarked:TakeOffHeels"],"picked":"theMarked:SoldierForm","floor":16},{"not_picked":["theMarked:LightningStrikesTwice","theMarked:TakeCover+1"],"picked":"theMarked:ResourceFulStrike+1","floor":18},{"not_picked":["theMarked:StartUp","theMarked:Seal+1"],"picked":"theMarked:BanishingStrike","floor":25},{"not_picked":["theMarked:ResourceFulStrike","theMarked:WastefulAttack+1","theMarked:DeterminationOfTheMarked"],"picked":"SKIP","floor":27}],"player_experience":169093,"relics_obtained":[{"floor":6.0,"key":"Art of War"},{"floor":9.0,"key":"hubris:ToyBattleship"},{"floor":10.0,"key":"infinitespire:WardingShard"},{"floor":13.0,"key":"Kunai"},{"floor":26,"key":"Bird Faced Urn"},{"floor":27,"key":"infinitespire:Joker Card"}],"event_choices":[{"damage_healed":0.0,"max_hp_gain":0.0,"max_hp_loss":0.0,"gold_gain":0.0,"event_name":"The Cleric","player_choice":"Leave","floor":2.0,"gold_loss":0.0,"damage_taken":0.0},{"damage_healed":0.0,"max_hp_gain":0.0,"max_hp_loss":0.0,"gold_gain":75.0,"event_name":"World of Goop","player_choice":"Gather Gold","floor":3.0,"gold_loss":0.0,"damage_taken":11.0},{"damage_healed":0.0,"max_hp_gain":0.0,"max_hp_loss":0.0,"gold_gain":0.0,"event_name":"Shining Light","player_choice":"Entered Light","floor":11.0,"gold_loss":0.0,"damage_taken":14.0,"cards_upgraded":["theMarked:SuspiciousRaven","theMarked:Strike"]},{"damage_healed":0,"gold_gain":0,"player_choice":"Ignored","damage_taken":0,"max_hp_gain":0,"max_hp_loss":0,"event_name":"Vampires","floor":22,"gold_loss":0},{"damage_healed":0,"gold_gain":0,"player_choice":"CARD ","damage_taken":12,"max_hp_gain":0,"max_hp_loss":0,"event_name":"Knowing Skull","floor":24,"potions_obtained":[],"gold_loss":0,"cards_obtained":["hubris:Ssssneak"]}],"is_beta":false,"boss_relics":[{"not_picked":["hubris:RunicObelisk","Replay:Drink Me"],"picked":"Ring of Chaos"}],"items_purged_floors":[],"is_endless":false,"potions_floor_spawned":[1,4,13,16,18,25],"killed_by":"Shelled Parasite and Fungi","ascension_level":0}}