{"host":"w3q5ijqu8eoknil3","time":1610940738,"event":{"mods":["AchievementEnabler","BaseMod","Block Reminder","Colored Map","Colored Powertips","Curses Come First","Dark Map","Minty Spire (QoL Compilation)","Quick Restart","Relic Stats","StSLib","ojb\u0027s Better Paths Mod","ojb\u0027s Info Mod","slay the spire mod where everything is the same but ironclad has a cowboy hat"],"gold_per_floor":[17,36,36,46,64,64,29,29,29],"floor_reached":8,"language":"ENG","playtime":382,"items_purged":[],"score":91,"play_id":"c5499979-b7d3-4426-8571-e59ed97312a5","local_time":"20210118033218","is_ascension_mode":true,"campfire_choices":[{"data":"Die Die Die","floor":6,"key":"SMITH"}],"circlet_count":0,"master_deck":["AscendersBane","Strike_G","Strike_G","Strike_G","Defend_G","Defend_G","Defend_G","Defend_G","Defend_G","Survivor","Neutralize","Doppelganger","Blur","Sucker Punch","Blade Dance","All Out Attack","Catalyst","Die Die Die+1"],"relics":["Ring of the Snake"],"acts_visited":["Exordium"],"potions_floor_usage":[],"damage_taken":[{"damage":11,"enemies":"Jaw Worm","floor":1,"turns":9},{"damage":0,"enemies":"Cultist","floor":2,"turns":5},{"damage":0,"enemies":"2 Louse","floor":4,"turns":3},{"damage":12,"enemies":"Large Slime","floor":5,"turns":6},{"damage":53,"enemies":"Lagavulin","floor":8,"turns":8}],"seed_played":"-6917575782484334945","potions_obtained":[],"is_trial":false,"path_per_floor":["M","M","?","M","M","R","?","E"],"character_chosen":"THE_SILENT","items_purchased":[],"campfire_rested":0,"item_purchase_floors":[],"current_hp_per_floor":[48,48,48,48,36,36,52,0,0],"gold":29,"neow_bonus":"TRANSFORM_TWO_CARDS","is_daily":false,"chose_seed":false,"campfire_upgraded":1,"win_rate":0.0,"timestamp":1610940738,"path_taken":["M","M","?","M","?","R","?","E"],"items_purchased_type":[],"build_version":"2020-12-22","purchased_purges":0,"victory":false,"max_hp_per_floor":[66,66,66,66,66,66,66,66,66],"relic_stats":{"counters":[5,31],"obtain_stats":[{"Ring of the Snake":0},{"Ring of the Snake":0},{"Ring of the Snake":0}],"Ring of the Snake":[10]},"card_choices":[{"not_picked":["Deadly Poison","Dodge and Roll"],"picked":"Sucker Punch","floor":1},{"not_picked":["Infinite Blades","Deadly Poison"],"picked":"Blade Dance","floor":2},{"not_picked":["Deadly Poison","Quick Slash"],"picked":"Catalyst","floor":4},{"not_picked":["Setup","Riddle With Holes"],"picked":"Die Die Die","floor":5}],"player_experience":984409,"relics_obtained":[],"event_choices":[{"damage_healed":0,"gold_gain":0,"player_choice":"1 cards matched","damage_taken":0,"max_hp_gain":0,"max_hp_loss":0,"event_name":"Match and Keep!","floor":3,"gold_loss":0,"cards_obtained":["All Out Attack"]},{"damage_healed":16,"gold_gain":0,"player_choice":"Healed","damage_taken":0,"max_hp_gain":0,"max_hp_loss":0,"event_name":"The Cleric","floor":7,"gold_loss":35}],"is_beta":false,"boss_relics":[],"items_purged_floors":[],"is_endless":false,"potions_floor_spawned":[],"killed_by":"Lagavulin","ascension_level":18}}