{"host":"dftyqn972q7tuon4","time":1610995243,"event":{"mods":["AchievementEnabler","BaseMod","Better Altar","Better Match","Better Note","Better Sensory Stone","Better Skull","Better Third Choice","Colored Powertips","Highlight Path","Minty Spire (QoL Compilation)","Permanent Neow","Quick Restart","StSLib"],"gold_per_floor":[118,43,62,62,62,95,111,111,138,170,170,170,189,221,221,323,323,341,266,276,310,310,310,35,66,91,14,30,30,47,64,64,166,166,186,203,27,38,48,48,79,79,106,139,139,152,11,30,30,30],"floor_reached":51,"language":"ENG","playtime":3287,"items_purged":["Strike_B","Dualcast","Parasite"],"score":1191,"play_id":"ab9fbec0-75c9-42b2-a166-893431683c89","local_time":"20210118194043","is_ascension_mode":true,"campfire_choices":[{"data":"Coolheaded","floor":8.0,"key":"SMITH"},{"floor":12.0,"key":"REST"},{"data":"Loop","floor":15.0,"key":"SMITH"},{"floor":23.0,"key":"REST"},{"data":"Consume","floor":32,"key":"SMITH"},{"data":"Double Energy","floor":40,"key":"SMITH"},{"data":"Thunder Strike","floor":49,"key":"SMITH"}],"circlet_count":0,"master_deck":["AscendersBane","Defend_B","Defend_B","Defend_B","Zap","Double Energy+1","FTL","Ball Lightning","Coolheaded+1","Consume+1","Sunder","Loop+1","Echo Form+1","Defragment","Fusion+1","Glacier","Coolheaded+1","Bite","Bite","Bite","Bite","Self Repair","Consume+1","Self Repair","Creative AI+1","Heatsinks+1","Thunder Strike+1","Hologram+1","Fusion+1","Panache","Capacitor","Blizzard","Conserve Battery+1","Conserve Battery+1","BootSequence+1","Defragment","Redo+1"],"relics":["Cracked Core","NeowsBlessing","DataDisk","Pen Nib","Turnip","Mummified Hand","Bronze Scales","Inserter","Red Mask","Membership Card","Sundial","War Paint","Nuclear Battery","Art of War","Omamori","Ice Cream","Lee\u0027s Waffle"],"acts_visited":["Exordium","TheCity","TheBeyond"],"potions_floor_usage":[25,30,33,38,39,44,46,50,50],"damage_taken":[{"damage":0.0,"enemies":"Cultist","floor":1.0,"turns":1.0},{"damage":0.0,"enemies":"Jaw Worm","floor":3.0,"turns":1.0},{"damage":0.0,"enemies":"Lagavulin","floor":6.0,"turns":1.0},{"damage":1.0,"enemies":"2 Louse","floor":7.0,"turns":2.0},{"damage":16.0,"enemies":"3 Sentries","floor":10.0,"turns":5.0},{"damage":1.0,"enemies":"Looter","floor":13.0,"turns":3.0},{"damage":12.0,"enemies":"Lagavulin","floor":14.0,"turns":6.0},{"damage":8.0,"enemies":"Hexaghost","floor":16.0,"turns":8.0},{"damage":13.0,"enemies":"3 Byrds","floor":18.0,"turns":2.0},{"damage":0.0,"enemies":"Spheric Guardian","floor":20.0,"turns":3.0},{"damage":28.0,"enemies":"Masked Bandits","floor":21.0,"turns":4.0},{"damage":30,"enemies":"Slavers","floor":25,"turns":7},{"damage":8,"enemies":"Cultist and Chosen","floor":28,"turns":6},{"damage":23,"enemies":"Centurion and Healer","floor":30,"turns":5},{"damage":0,"enemies":"Snecko","floor":31,"turns":4},{"damage":35,"enemies":"Collector","floor":33,"turns":12},{"damage":38,"enemies":"3 Darklings","floor":35,"turns":5},{"damage":0,"enemies":"3 Shapes","floor":36,"turns":6},{"damage":0,"enemies":"Writhing Mass","floor":38,"turns":5},{"damage":30,"enemies":"Maw","floor":39,"turns":6},{"damage":15,"enemies":"Nemesis","floor":41,"turns":7},{"damage":3,"enemies":"Giant Head","floor":44,"turns":8},{"damage":0,"enemies":"3 Darklings","floor":46,"turns":4},{"damage":0,"enemies":"4 Shapes","floor":48,"turns":6},{"damage":55,"enemies":"Donu and Deca","floor":50,"turns":7}],"seed_played":"7364490117387427761","potions_obtained":[{"floor":3.0,"key":"GamblersBrew"},{"floor":10.0,"key":"Fire Potion"},{"floor":13.0,"key":"Fruit Juice"},{"floor":16.0,"key":"DistilledChaos"},{"floor":21.0,"key":"PotionOfCapacity"},{"floor":28,"key":"Ancient Potion"},{"floor":31,"key":"Explosive Potion"},{"floor":33,"key":"Dexterity Potion"},{"floor":35,"key":"PowerPotion"},{"floor":38,"key":"Ancient Potion"},{"floor":41,"key":"DistilledChaos"},{"floor":44,"key":"Swift Potion"},{"floor":48,"key":"FocusPotion"}],"is_trial":false,"path_per_floor":["M","$","M","?","$","E","M","R","T","E","?","R","M","E","R","B",null,"M","?","M","?","?","R","$","E","T","$","M","?","M","M","R","B",null,"M","M","$","M","M","R","E","?","T","E","?","M","$","M","R","B",null],"character_chosen":"DEFECT","items_purchased":["Membership Card","Self Repair","Consume","Creative AI","Panache","Capacitor","Blizzard","Lee\u0027s Waffle"],"campfire_rested":2,"item_purchase_floors":[24,24,24,27,37,37,37,47],"current_hp_per_floor":[68,68,68,68,68,68,67,67,67,51,33,55,54,42,42,39,70,57,57,57,29,29,45,45,47,47,47,55,55,56,56,56,55,56,55,56,56,56,56,56,56,56,56,56,56,56,60,60,60,33],"gold":30,"neow_bonus":"THREE_ENEMY_KILL","is_daily":false,"chose_seed":false,"campfire_upgraded":5,"win_rate":0.0,"timestamp":1610995243,"path_taken":["M","$","?","?","$","E","M","R","T","E","?","R","M","E","R","BOSS","M","?","M","?","?","R","$","E","T","?","?","?","M","M","R","BOSS","M","M","$","?","M","R","E","?","T","E","?","?","$","?","R","BOSS"],"items_purchased_type":["Relic","Card","Card","Card","Card","Card","Card","Relic"],"build_version":"2020-12-22","purchased_purges":3,"victory":true,"max_hp_per_floor":[75,75,75,75,75,75,75,75,75,75,75,75,75,75,75,80,80,80,80,80,80,56,56,56,56,56,56,56,56,56,56,56,56,56,56,56,56,56,56,56,56,56,56,56,56,56,60,60,60,60],"card_choices":[{"not_picked":["Cold Snap","Barrage"],"picked":"Double Energy","floor":1.0},{"not_picked":["Force Field","Chill"],"picked":"FTL","floor":3.0},{"not_picked":["Compile Driver","Redo"],"picked":"Ball Lightning","floor":6.0},{"not_picked":["Sweeping Beam","Heatsinks"],"picked":"Coolheaded","floor":7.0},{"not_picked":["Go for the Eyes","Compile Driver"],"picked":"Consume","floor":10.0},{"not_picked":["Steam","Rip and Tear"],"picked":"Sunder","floor":13.0},{"not_picked":["Reinforced Body","Biased Cognition"],"picked":"Loop","floor":14.0},{"not_picked":["Buffer","Machine Learning"],"picked":"Echo Form","floor":16.0},{"not_picked":["Gash","Hologram"],"picked":"Defragment","floor":18.0},{"not_picked":["Reinforced Body+1","Double Energy+1"],"picked":"Fusion+1","floor":19.0},{"not_picked":["Gash","Go for the Eyes"],"picked":"Glacier","floor":20.0},{"not_picked":["Reprogram","Barrage"],"picked":"Coolheaded","floor":21.0},{"not_picked":["Darkness","Steam"],"picked":"Self Repair","floor":25},{"not_picked":["Rip and Tear+1","Streamline+1","Compile Driver"],"picked":"SKIP","floor":28},{"not_picked":["Darkness","Conserve Battery"],"picked":"Heatsinks+1","floor":30},{"not_picked":["Tempest","Melter","Turbo"],"picked":"SKIP","floor":31},{"not_picked":["Reboot","Biased Cognition"],"picked":"Thunder Strike","floor":33},{"not_picked":["Cold Snap","Hello World"],"picked":"Hologram+1","floor":35},{"not_picked":["Steam+1","Hologram"],"picked":"Fusion+1","floor":36},{"not_picked":["Compile Driver","Scrape+1"],"picked":"Conserve Battery+1","floor":38},{"not_picked":["Compile Driver","Cold Snap"],"picked":"Conserve Battery+1","floor":39},{"not_picked":["Glacier","Creative AI"],"picked":"BootSequence+1","floor":41},{"not_picked":["Conserve Battery","Rip and Tear+1"],"picked":"Defragment","floor":44},{"not_picked":["Hologram","Consume+1","Beam Cell+1"],"picked":"SKIP","floor":46},{"not_picked":["Go for the Eyes","Compile Driver+1"],"picked":"Redo+1","floor":48}],"player_experience":696414,"relics_obtained":[{"floor":6.0,"key":"DataDisk"},{"floor":9.0,"key":"Pen Nib"},{"floor":10.0,"key":"Turnip"},{"floor":14.0,"key":"Bronze Scales"},{"floor":21.0,"key":"Red Mask"},{"floor":25,"key":"Sundial"},{"floor":26,"key":"War Paint"},{"floor":41,"key":"Art of War"},{"floor":43,"key":"Omamori"},{"floor":44,"key":"Ice Cream"}],"event_choices":[{"cards_removed":["Defend_B"],"damage_healed":0.0,"max_hp_gain":0.0,"max_hp_loss":0.0,"gold_gain":0.0,"event_name":"Living Wall","player_choice":"Forget","floor":4.0,"gold_loss":0.0,"damage_taken":0.0},{"damage_healed":0.0,"max_hp_gain":0.0,"max_hp_loss":0.0,"gold_gain":0.0,"event_name":"betterThird:BetterScrap","player_choice":"Relic ","floor":11.0,"gold_loss":0.0,"damage_taken":18.0,"cards_obtained":["Leg Sweep"]},{"damage_healed":0.0,"max_hp_gain":0.0,"max_hp_loss":0.0,"gold_gain":0.0,"event_name":"betterMatch:BetterMatch","player_choice":"2","floor":19.0,"gold_loss":0.0,"damage_taken":0.0,"cards_obtained":["betterMatch:UncommonCard"]},{"damage_healed":0.0,"max_hp_gain":0.0,"max_hp_loss":0.0,"gold_gain":0.0,"event_name":"Masked Bandits","player_choice":"Fought Bandits","floor":21.0,"gold_loss":0.0,"damage_taken":0.0},{"damage_healed":0.0,"max_hp_gain":0.0,"max_hp_loss":24.0,"gold_gain":0.0,"event_name":"Vampires","player_choice":"Became a vampire","floor":22.0,"gold_loss":0.0,"damage_taken":0.0,"cards_obtained":["Bite","Bite","Bite","Bite","Bite"]},{"damage_healed":0,"gold_gain":0,"player_choice":"Upgraded","damage_taken":0,"max_hp_gain":0,"max_hp_loss":0,"event_name":"Upgrade Shrine","floor":29,"gold_loss":0,"cards_upgraded":["Creative AI"]},{"cards_removed":["Bite"],"damage_healed":0,"gold_gain":0,"player_choice":"Removed Attack","damage_taken":0,"max_hp_gain":0,"max_hp_loss":0,"event_name":"Falling","floor":42,"gold_loss":0},{"damage_healed":0,"gold_gain":0,"player_choice":"Upgraded","damage_taken":0,"max_hp_gain":0,"max_hp_loss":0,"event_name":"Upgrade Shrine","floor":45,"gold_loss":0,"cards_upgraded":["Echo Form"]}],"is_beta":false,"boss_relics":[{"not_picked":["Coffee Dripper","Sozu"],"picked":"Inserter"},{"not_picked":["Pandora\u0027s Box","Philosopher\u0027s Stone"],"picked":"Nuclear Battery"}],"items_purged_floors":[2,24,47],"is_endless":false,"potions_floor_spawned":[3,10,13,16,21,28,31,33,35,38,41,44,48],"ascension_level":11}}