{"host":"jft3vy2l4n4npizy","time":1610953691,"event":{"mods":["BaseMod","Bestiary","Energized Spire","Highlight Path","Marisa£¨ìFÓê¡¡Ä§ÀíÉ³£©","Minty Spire (QoL Compilation)","Quick Restart","StSLib","TestMod","The Bladedancer","The Servant 0.9.4","Youmu£¨»êÆÇÑýÃÎ£©","Yuri Mod","vexMod"],"gold_per_floor":[109,109,109,122,48,74,74,74,126,126,143,543,563,579,579,676,676,649,532,551,551,567,567,601,618,666,149,174,99,99,113,113,211,211,221,221,272,284,302,332,332,367,414,446,446,446,465,480,480,480],"floor_reached":51,"language":"ZHS","playtime":1761,"items_purged":["Strike_S"],"score":1133,"play_id":"d254a45b-a820-4721-9acb-53bc8efde7aa","local_time":"20210118150811","is_ascension_mode":true,"campfire_choices":[{"data":"Hightail","floor":8.0,"key":"SMITH"},{"data":"KidneyShot","floor":10.0,"key":"SMITH"},{"floor":15.0,"key":"REST"},{"data":"Spin","floor":23.0,"key":"SMITH"},{"data":"Initiator","floor":30.0,"key":"SMITH"},{"floor":32.0,"key":"REST"},{"data":"Revamp","floor":41.0,"key":"SMITH"},{"data":"Discovery","floor":45.0,"key":"SMITH"},{"floor":49.0,"key":"REST"}],"circlet_count":0,"master_deck":["Strike_S+1","Strike_S+1","Defend_S","Defend_S","Defend_S","KidneyShot+1","Exchange","Replace","Hightail+1","SilverBlades","FlawlessForm+1","InstantArmor","Spin+1","Initiator+1","Revamp+1","LightFlow+1","Discovery+1","Comet+1","Unruled+1","SpecialFormula+1","LightFlow+1","Parasite","DoubleEdge+1"],"relics":["Uniform","testmod-Justice","NeowsBlessing","vexMod:Dragonfruit","Pen Nib","Mummified Hand","Bronze Scales","testmod-TimeTraveler","Regal Pillow","Orichalcum","testmod-OneHitWonder","Molten Egg 2","PreservedInsect","Whetstone","testmod-EnergyCheck","CatCart","testmod-TurbochargingSystem","Happy Flower","testmod-Antiphasic","Boot"],"acts_visited":["Exordium","TheCity","TheBeyond"],"potions_floor_usage":[50],"damage_taken":[{"damage":0.0,"enemies":"2 Louse","floor":1.0,"turns":1.0},{"damage":0.0,"enemies":"Jaw Worm","floor":4.0,"turns":1.0},{"damage":0.0,"enemies":"Gremlin Nob","floor":6.0,"turns":1.0},{"damage":5.0,"enemies":"Small Slimes","floor":11.0,"turns":4.0},{"damage":1.0,"enemies":"3 Louse","floor":13.0,"turns":3.0},{"damage":8.0,"enemies":"Lots of Slimes","floor":14.0,"turns":3.0},{"damage":0.0,"enemies":"Hexaghost","floor":16.0,"turns":10.0},{"damage":17.0,"enemies":"2 Thieves","floor":18.0,"turns":5.0},{"damage":0.0,"enemies":"3 Byrds","floor":20.0,"turns":4.0},{"damage":0.0,"enemies":"Centurion and Healer","floor":22.0,"turns":4.0},{"damage":9.0,"enemies":"Gremlin Leader","floor":24.0,"turns":4.0},{"damage":0.0,"enemies":"Snake Plant","floor":25.0,"turns":3.0},{"damage":0.0,"enemies":"Chosen and Byrds","floor":31.0,"turns":3.0},{"damage":0.0,"enemies":"Collector","floor":33.0,"turns":4.0},{"damage":2.0,"enemies":"3 Darklings","floor":35.0,"turns":2.0},{"damage":1.0,"enemies":"Orin","floor":37.0,"turns":6.0},{"damage":0.0,"enemies":"Orb Walker","floor":38.0,"turns":2.0},{"damage":0.0,"enemies":"Sphere and 2 Shapes","floor":39.0,"turns":3.0},{"damage":10.0,"enemies":"Reptomancer","floor":40.0,"turns":3.0},{"damage":10.0,"enemies":"Giant Head","floor":42.0,"turns":5.0},{"damage":20.0,"enemies":"Reptomancer","floor":44.0,"turns":4.0},{"damage":0.0,"enemies":"Maw","floor":47.0,"turns":3.0},{"damage":12.0,"enemies":"Writhing Mass","floor":48.0,"turns":3.0},{"damage":82,"enemies":"Awakened One","floor":50,"turns":7}],"seed_played":"-3288617336708616442","potions_obtained":[{"floor":1.0,"key":"Fire Potion"},{"floor":4.0,"key":"testmod-TestPotion"},{"floor":11.0,"key":"Swift Potion"},{"floor":14.0,"key":"testmod-TestPotion"},{"floor":22.0,"key":"CultistPotion"},{"floor":25.0,"key":"AttackPotion"},{"floor":31.0,"key":"testmod-SpacePotion"},{"floor":33.0,"key":"SteroidPotion"},{"floor":35.0,"key":"EntropicBrew"},{"floor":39.0,"key":"FairyPotion"},{"floor":42.0,"key":"SkillPotion"},{"floor":44.0,"key":"LiquidMemories"},{"floor":47.0,"key":"Dexterity Potion"}],"is_trial":false,"path_per_floor":["M","?","?","M","$","E","T","R","T","R","M","?","M","M","R","B",null,"M","?","M","?","M","R","E","M","T","$","T","?","R","M","R","B",null,"M","?","?","M","M","E","R","E","T","E","R","?","M","M","R","B",null],"character_chosen":"THE_SERVANT","items_purchased":["Hightail","Molten Egg 2","PreservedInsect","Revamp"],"campfire_rested":3,"item_purchase_floors":[5,27,27,27],"current_hp_per_floor":[65,70,50,50,50,50,50,50,50,50,45,45,44,36,58,58,75,58,58,58,58,58,58,49,49,49,49,49,49,49,49,75,75,75,73,73,72,72,72,62,62,60,60,53,53,53,66,67,90,36],"gold":480,"neow_bonus":"THREE_ENEMY_KILL","is_daily":false,"chose_seed":false,"campfire_upgraded":6,"win_rate":0.0,"timestamp":1610953691,"path_taken":["M","?","?","M","?","E","?","R","T","R","M","?","M","M","R","BOSS","M","?","?","?","?","R","E","M","T","?","?","?","R","M","R","BOSS","M","?","?","M","M","E","R","E","T","E","R","?","M","M","R","BOSS"],"items_purchased_type":["Card","Relic","Relic","Card"],"build_version":"2020-12-22","purchased_purges":1,"victory":true,"max_hp_per_floor":[65,70,75,75,75,75,75,75,75,75,75,75,75,75,75,75,75,75,75,75,75,75,75,75,75,75,75,75,75,75,75,75,75,75,75,75,75,75,75,75,75,75,75,80,80,80,85,90,90,110],"card_choices":[{"not_picked":["Ricochet","Alleviate"],"picked":"Replace","floor":1.0},{"not_picked":["Collapse","Rearm","Potential"],"picked":"SKIP","floor":4.0},{"not_picked":["GearUp","Potential","Rearm"],"picked":"SKIP","floor":6.0},{"not_picked":["ReturningBlade","ShatteredReality"],"picked":"SilverBlades","floor":11.0},{"not_picked":["Rewind","Deadline","Luminosity"],"picked":"SKIP","floor":13.0},{"not_picked":["Rewind","Embodiment","Rearm"],"picked":"SKIP","floor":14.0},{"not_picked":["KillingDoll","PendulumOfEternity"],"picked":"FlawlessForm","floor":16.0},{"not_picked":["Defy","ShatteredReality","Rewind"],"picked":"SKIP","floor":18.0},{"not_picked":["Shuttle","Potential"],"picked":"InstantArmor","floor":20.0},{"not_picked":["Rearm","Moonlight+1"],"picked":"Spin","floor":22.0},{"not_picked":["Starlight","Moonlight"],"picked":"Initiator","floor":24.0},{"not_picked":["Defy+1","Ricochet","Misdirection"],"picked":"SKIP","floor":25.0},{"not_picked":["Rearm","ShiftingGears","FastForward"],"picked":"SKIP","floor":31.0},{"not_picked":["TrueSight","Deny"],"picked":"LightFlow+1","floor":33.0},{"not_picked":["Rewind","Alleviate+1","Starlight+1"],"picked":"SKIP","floor":35.0},{"not_picked":["testmod-WeaknessCounterattack+1","PanicButton"],"picked":"Discovery","floor":36.0},{"not_picked":["Read","SurpressingFire+1"],"picked":"Comet+1","floor":37.0},{"not_picked":["TimeTheft+1","InstantArmor+1"],"picked":"Unruled+1","floor":38.0},{"not_picked":["Deadline","Defy","Starlight+1"],"picked":"SKIP","floor":39.0},{"not_picked":["ShatteredReality+1","BottledTime"],"picked":"SpecialFormula+1","floor":40.0},{"not_picked":["Snipe+1","WasteNot"],"picked":"LightFlow+1","floor":42.0},{"not_picked":["Barrier+1","Shuttle","Potential+1"],"picked":"SKIP","floor":44.0},{"not_picked":["ReturningBlade+1","Potential+1","Unruled+1"],"picked":"SKIP","floor":47.0},{"not_picked":["Misdirection+1","Starlight+1"],"picked":"DoubleEdge+1","floor":48.0}],"player_experience":55205,"relics_obtained":[{"floor":6.0,"key":"Pen Nib"},{"floor":7.0,"key":"Mummified Hand"},{"floor":9.0,"key":"Bronze Scales"},{"floor":24.0,"key":"Orichalcum"},{"floor":26.0,"key":"testmod-OneHitWonder"},{"floor":28.0,"key":"Whetstone"},{"floor":37.0,"key":"CatCart"},{"floor":40.0,"key":"testmod-TurbochargingSystem"},{"floor":42.0,"key":"Happy Flower"},{"floor":43.0,"key":"testmod-Antiphasic"},{"floor":44.0,"key":"Boot"}],"event_choices":[{"damage_healed":0.0,"max_hp_gain":5.0,"max_hp_loss":0.0,"gold_gain":0.0,"event_name":"Big Fish","player_choice":"Donut","floor":2.0,"gold_loss":0.0,"damage_taken":0.0},{"damage_healed":0.0,"max_hp_gain":0.0,"max_hp_loss":0.0,"gold_gain":0.0,"event_name":"Scrap Ooze","player_choice":"Success","floor":3.0,"gold_loss":0.0,"damage_taken":25.0,"relics_obtained":["vexMod:Dragonfruit"]},{"damage_healed":0.0,"max_hp_gain":0.0,"max_hp_loss":0.0,"gold_gain":400.0,"event_name":"¶÷ÂåË¹µÄÅÌ×Ó","player_choice":"Sell","floor":12.0,"relics_lost":["testmod-TestBox"],"gold_loss":0.0,"damage_taken":0.0},{"damage_healed":0.0,"max_hp_gain":0.0,"max_hp_loss":0.0,"gold_gain":0.0,"event_name":"WeMeetAgain","player_choice":"Paid Gold","floor":19.0,"gold_loss":117.0,"damage_taken":0.0,"relics_obtained":["Regal Pillow"]},{"damage_healed":0.0,"max_hp_gain":0.0,"max_hp_loss":0.0,"gold_gain":0.0,"event_name":"Accursed Blacksmith","player_choice":"Forge","floor":21.0,"gold_loss":0.0,"damage_taken":0.0,"cards_upgraded":["FlawlessForm"]},{"cards_removed":["Strike_S"],"damage_healed":0.0,"max_hp_gain":0.0,"max_hp_loss":0.0,"gold_gain":0.0,"event_name":"Beggar","player_choice":"Gave Gold","floor":29.0,"gold_loss":75.0,"damage_taken":0.0},{"damage_healed":0.0,"max_hp_gain":0.0,"max_hp_loss":0.0,"gold_gain":0.0,"event_name":"SensoryStone","player_choice":"Memory 1","floor":36.0,"gold_loss":0.0,"damage_taken":0.0},{"damage_healed":0.0,"max_hp_gain":0.0,"max_hp_loss":0.0,"gold_gain":0.0,"event_name":"OrinTheCat","player_choice":"Fight","floor":37.0,"gold_loss":0.0,"damage_taken":0.0},{"cards_removed":["Defend_S"],"damage_healed":0.0,"max_hp_gain":0.0,"max_hp_loss":0.0,"gold_gain":0.0,"event_name":"Falling","player_choice":"Removed Skill","floor":46.0,"gold_loss":0.0,"damage_taken":0.0}],"is_beta":false,"boss_relics":[{"not_picked":["energizedSpire:EnergizedDie","vexMod:ImprovementManual"],"picked":"testmod-TimeTraveler"},{"not_picked":["energizedSpire:StickyHand","Velvet Choker"],"picked":"testmod-EnergyCheck"}],"items_purged_floors":[27],"is_endless":false,"potions_floor_spawned":[1,4,11,14,22,25,31,33,35,39,42,44,47],"ascension_level":3}}