{"host":"Bilverbakes","time":1610955349,"event":{"mods":["2.2 Compatiblity","AchievementEnabler","BaseMod","Bestiary","Colored Map","Minty Spire (QoL Compilation)","Relic Stats","StSLib","ojb\u0027s Info Mod"],"gold_per_floor":[18,38,50,50,50,50,81,81,162,188,8,34,47,77,77,156,156,167,36,47,47,47,47,74,74,97,97,131,147,158,158,158,230,230,241,241,290,164,175,200,200,229,229,229,18,31,59,94,94,94,94,94,94,28,28,28],"floor_reached":55,"language":"ENG","playtime":7304,"items_purged":[],"score":2344,"play_id":"2c5ab9b2-039c-4ce6-aef5-b237c694e22d","local_time":"20210118013549","is_ascension_mode":true,"campfire_choices":[{"data":"Neutralize","floor":6.0,"key":"SMITH"},{"data":"Flechettes","floor":8.0,"key":"SMITH"},{"data":"Crippling Poison","floor":15.0,"key":"SMITH"},{"data":"Tools of the Trade","floor":23.0,"key":"SMITH"},{"data":"Reflex","floor":25.0,"key":"SMITH"},{"data":"Storm of Steel","floor":27.0,"key":"SMITH"},{"floor":32.0,"key":"RECALL"},{"data":"Reflex","floor":41,"key":"SMITH"},{"floor":44,"key":"REST"},{"floor":49,"key":"REST"},{"data":"Malaise","floor":53,"key":"SMITH"}],"circlet_count":0,"master_deck":["AscendersBane","Strike_G+1","Strike_G+1","Strike_G+1","Strike_G+1","Defend_G+1","Defend_G+1","Defend_G+1","Defend_G+1","Survivor","Neutralize+1","Deflect","Underhanded Strike","Dagger Throw","Flechettes+1","Predator","Crippling Poison+1","Backstab","Reflex+1","Tools of the Trade+1","Corpse Explosion","Underhanded Strike+1","Acrobatics","Storm of Steel+1","Leg Sweep+1","Tools of the Trade","Backflip","Acrobatics+1","Reflex+1","Malaise+1","Concentrate"],"relics":["Ring of the Snake","Happy Flower","The Courier","Thread and Needle","HandDrill","Blue Candle","The Specimen","HoveringKite","Toolbox","Matryoshka","Pen Nib","Pantograph","Philosopher\u0027s Stone","WingedGreaves","Omamori","Sundial","Dream Catcher","Akabeko","Paper Crane","ClockworkSouvenir","Bag of Preparation","MealTicket"],"acts_visited":["TheCity","TheBeyond","TheEnding"],"potions_floor_usage":[35,50,55],"damage_taken":[{"damage":1.0,"enemies":"Cultist","floor":1.0,"turns":6.0},{"damage":0.0,"enemies":"Jaw Worm","floor":2.0,"turns":5.0},{"damage":0.0,"enemies":"2 Louse","floor":3.0,"turns":3.0},{"damage":6.0,"enemies":"Gremlin Nob","floor":7.0,"turns":3.0},{"damage":23.0,"enemies":"Lagavulin","floor":10.0,"turns":6.0},{"damage":0.0,"enemies":"3 Sentries","floor":12.0,"turns":7.0},{"damage":2.0,"enemies":"Red Slaver","floor":13.0,"turns":3.0},{"damage":6.0,"enemies":"Lagavulin","floor":14.0,"turns":3.0},{"damage":0.0,"enemies":"Hexaghost","floor":16.0,"turns":7.0},{"damage":1.0,"enemies":"Shell Parasite","floor":18.0,"turns":3.0},{"damage":0.0,"enemies":"3 Byrds","floor":20.0,"turns":2.0},{"damage":0.0,"enemies":"Slavers","floor":24.0,"turns":2.0},{"damage":0.0,"enemies":"Gremlin Leader","floor":28.0,"turns":4.0},{"damage":0.0,"enemies":"3 Cultists","floor":29.0,"turns":2.0},{"damage":0.0,"enemies":"Snake Plant","floor":30.0,"turns":2.0},{"damage":40.0,"enemies":"Champ","floor":33.0,"turns":9.0},{"damage":0,"enemies":"3 Darklings","floor":35,"turns":3},{"damage":4,"enemies":"2 Orb Walkers","floor":37,"turns":4},{"damage":0,"enemies":"Orb Walker","floor":39,"turns":2},{"damage":18,"enemies":"Nemesis","floor":40,"turns":7},{"damage":16,"enemies":"Giant Head","floor":42,"turns":6},{"damage":0,"enemies":"4 Shapes","floor":46,"turns":2},{"damage":0,"enemies":"Nemesis","floor":47,"turns":5},{"damage":4,"enemies":"Giant Head","floor":48,"turns":7},{"damage":16,"enemies":"Donu and Deca","floor":50,"turns":5},{"damage":10,"enemies":"Awakened One","floor":51,"turns":14},{"damage":80,"enemies":"Shield and Spear","floor":55,"turns":5}],"seed_played":"-2798854293752607381","potions_obtained":[{"floor":2.0,"key":"AttackPotion"},{"floor":10.0,"key":"Fruit Juice"},{"floor":12.0,"key":"Poison Potion"},{"floor":16.0,"key":"BlessingOfTheForge"},{"floor":20.0,"key":"DistilledChaos"},{"floor":28.0,"key":"GhostInAJar"},{"floor":29.0,"key":"LiquidBronze"},{"floor":35,"key":"Ancient Potion"}],"is_trial":false,"path_per_floor":["M","M","M","?","?","R","E","R","T","E","$","E","M","E","R","B",null,"M","$","M","?","?","R","E","R","T","R","E","M","M","?","R","B",null,"M","?","?","$","M","E","R","E","T","R","$","M","E","E","R","B","B",null,"R","$","E"],"character_chosen":"THE_SILENT","items_purchased":["HandDrill","AttackPotion","Toolbox","Omamori","ClockworkSouvenir","GhostInAJar","Ancient Potion"],"campfire_rested":2,"item_purchase_floors":[11,11,19,38,45,45,54],"current_hp_per_floor":[58,58,58,51,56,56,50,50,50,27,27,32,30,24,24,24,63,62,62,62,62,62,62,62,62,62,62,62,62,62,62,62,36,66,66,66,62,62,62,44,44,28,28,50,50,50,50,46,68,60,66,74,74,76,0,0],"gold":28,"neow_bonus":"TRANSFORM_TWO_CARDS","is_daily":false,"chose_seed":false,"campfire_upgraded":8,"win_rate":0.0,"timestamp":1610955349,"path_taken":["M","M","M","?","?","R","E","R","T","E","$","E","M","E","R","BOSS","M","$","M","?","?","R","E","R","T","R","E","?","M","?","R","BOSS","M","?","?","?","?","E","R","E","T","R","$","M","E","E","R","BOSS","BOSS","R","$","E"],"items_purchased_type":["Relic","Potion","Relic","Relic","Relic","Potion","Potion"],"build_version":"2020-12-18","purchased_purges":0,"victory":false,"max_hp_per_floor":[66,66,66,66,71,71,71,71,71,71,71,76,76,76,76,76,76,76,76,76,76,76,76,76,76,76,76,76,76,76,76,76,76,76,76,76,76,76,76,76,76,76,76,76,76,76,76,76,76,76,76,76,76,76,76,76],"relic_stats":{"Happy Flower":[36],"counters":[27,127],"Blue Candle":[0],"HoveringKite":[73],"Pen Nib":[29],"Bag of Preparation":[8],"Dream Catcher":2,"Sundial":[10],"Pantograph":38,"MealTicket":2,"HandDrill":[40],"obtain_stats":[{"Happy Flower":7,"The Specimen":14,"Blue Candle":12,"HoveringKite":17,"Thread and Needle":10,"The Courier":9,"Pen Nib":26,"Omamori":38,"Bag of Preparation":47,"Paper Crane":43,"Akabeko":43,"ClockworkSouvenir":45,"Dream Catcher":42,"Matryoshka":24,"Sundial":40,"Pantograph":28,"Toolbox":19,"Philosopher\u0027s Stone":34,"MealTicket":48,"WingedGreaves":37,"HandDrill":11,"Ring of the Snake":0},{"Happy Flower":4,"The Specimen":8,"Blue Candle":6,"HoveringKite":9,"Thread and Needle":5,"The Courier":4,"Pen Nib":12,"Omamori":18,"Bag of Preparation":23,"Paper Crane":21,"Akabeko":21,"ClockworkSouvenir":21,"Dream Catcher":21,"Matryoshka":12,"Sundial":20,"Pantograph":13,"Toolbox":10,"Philosopher\u0027s Stone":16,"MealTicket":24,"WingedGreaves":18,"HandDrill":5,"Ring of the Snake":0},{"Happy Flower":17,"The Specimen":36,"Blue Candle":30,"HoveringKite":43,"Thread and Needle":23,"The Courier":17,"Pen Nib":50,"Omamori":74,"Bag of Preparation":96,"Paper Crane":89,"Akabeko":89,"ClockworkSouvenir":89,"Dream Catcher":89,"Matryoshka":50,"Sundial":83,"Pantograph":54,"Toolbox":46,"Philosopher\u0027s Stone":67,"MealTicket":103,"WingedGreaves":74,"HandDrill":23,"Ring of the Snake":0}],"Ring of the Snake":[54]},"card_choices":[{"not_picked":["PiercingWail","Dodge and Roll"],"picked":"Underhanded Strike","floor":1.0},{"not_picked":["Backflip","Skewer"],"picked":"Dagger Throw","floor":2.0},{"not_picked":["A Thousand Cuts","Bane"],"picked":"Flechettes","floor":3.0},{"not_picked":["Tactician","Noxious Fumes"],"picked":"Predator","floor":7.0},{"not_picked":["Quick Slash","Masterful Stab"],"picked":"Crippling Poison","floor":10.0},{"not_picked":["Underhanded Strike","Dagger Spray"],"picked":"Backstab","floor":12.0},{"not_picked":["Dodge and Roll","Deadly Poison"],"picked":"Reflex","floor":13.0},{"not_picked":["Night Terror","Dagger Throw"],"picked":"Tools of the Trade","floor":14.0},{"not_picked":["Grand Finale","Malaise"],"picked":"Corpse Explosion","floor":16.0},{"not_picked":["Leg Sweep","Deflect"],"picked":"Underhanded Strike+1","floor":18.0},{"not_picked":["Choke","Underhanded Strike+1"],"picked":"Acrobatics","floor":20.0},{"not_picked":["Outmaneuver","Terror"],"picked":"Storm of Steel","floor":24.0},{"not_picked":["Deflect","Riddle With Holes","Outmaneuver"],"picked":"SKIP","floor":28.0},{"not_picked":["Flying Knee","Expertise","Dagger Spray"],"picked":"SKIP","floor":29.0},{"not_picked":["Catalyst","Skewer"],"picked":"Leg Sweep+1","floor":30.0},{"not_picked":["Bullet Time","Grand Finale"],"picked":"Tools of the Trade","floor":33.0},{"not_picked":["Poisoned Stab","Dagger Spray","Blade Dance"],"picked":"SKIP","floor":35},{"not_picked":["Acrobatics","Well Laid Plans"],"picked":"Backflip","floor":37},{"not_picked":["Prepared","Caltrops"],"picked":"Acrobatics+1","floor":39},{"not_picked":["Expertise","Eviscerate"],"picked":"Reflex","floor":40},{"not_picked":["Terror","Flying Knee","All Out Attack"],"picked":"SKIP","floor":42},{"not_picked":["Caltrops","Infinite Blades+1"],"picked":"Malaise","floor":46},{"not_picked":["Backstab","Burst","Dash+1"],"picked":"SKIP","floor":47},{"not_picked":["Endless Agony","Dash","Slice"],"picked":"SKIP","floor":48},{"not_picked":["Noxious Fumes","Deflect"],"picked":"Concentrate","floor":49}],"player_experience":736145,"relics_obtained":[{"floor":7.0,"key":"Happy Flower"},{"floor":9.0,"key":"The Courier"},{"floor":10.0,"key":"Thread and Needle"},{"floor":12.0,"key":"Blue Candle"},{"floor":14.0,"key":"The Specimen"},{"floor":24.0,"key":"Matryoshka"},{"floor":26.0,"key":"Pen Nib"},{"floor":28.0,"key":"Pantograph"},{"floor":37,"key":"WingedGreaves"},{"floor":40,"key":"Sundial"},{"floor":42,"key":"Dream Catcher"},{"floor":43,"key":"Akabeko"},{"floor":43,"key":"Paper Crane"},{"floor":47,"key":"Bag of Preparation"},{"floor":48,"key":"MealTicket"}],"event_choices":[{"cards_removed":["Catalyst"],"damage_healed":0.0,"max_hp_gain":0.0,"max_hp_loss":0.0,"gold_gain":0.0,"event_name":"Golden Wing","player_choice":"Card Removal","floor":4.0,"gold_loss":0.0,"damage_taken":7.0},{"damage_healed":0.0,"max_hp_gain":5.0,"max_hp_loss":0.0,"gold_gain":0.0,"event_name":"Big Fish","player_choice":"Donut","floor":5.0,"gold_loss":0.0,"damage_taken":0.0},{"damage_healed":0.0,"max_hp_gain":0.0,"max_hp_loss":0.0,"gold_gain":0.0,"event_name":"Back to Basics","player_choice":"Simplicity","floor":21.0,"gold_loss":0.0,"damage_taken":0.0,"cards_upgraded":["Strike_G","Strike_G","Strike_G","Strike_G","Defend_G","Defend_G","Defend_G","Defend_G"]},{"damage_healed":0.0,"max_hp_gain":0.0,"max_hp_loss":0.0,"gold_gain":0.0,"event_name":"Match and Keep!","player_choice":"0 cards matched","floor":22.0,"gold_loss":0.0,"damage_taken":0.0,"cards_obtained":[]},{"damage_healed":0.0,"max_hp_gain":0.0,"max_hp_loss":0.0,"gold_gain":0.0,"event_name":"The Mausoleum","player_choice":"Ignored","floor":31.0,"gold_loss":0.0,"damage_taken":0.0},{"damage_healed":0,"gold_gain":0,"player_choice":"Ignored","damage_taken":0,"max_hp_gain":0,"max_hp_loss":0,"event_name":"Tomb of Lord Red Mask","floor":36,"gold_loss":0},{"damage_healed":0,"gold_gain":0,"player_choice":"Fight","damage_taken":0,"max_hp_gain":0,"max_hp_loss":0,"event_name":"Mysterious Sphere","floor":37,"gold_loss":0}],"is_beta":true,"boss_relics":[{"not_picked":["Ectoplasm","SacredBark"],"picked":"HoveringKite"},{"not_picked":["Black Star","Runic Dome"],"picked":"Philosopher\u0027s Stone"}],"items_purged_floors":[],"is_endless":false,"potions_floor_spawned":[2,10,12,16,20,28,29,35,46,48],"killed_by":"Shield and Spear","ascension_level":20}}