{"host":"363c1o4m0ew2jbar","time":1610962065,"event":{"mods":["AchievementEnabler","BaseMod","Better Note","Downfall","Hubris","Minty Spire (QoL Compilation)","StSLib"],"gold_per_floor":[99,99,99,99,154,154,154,164,183,193,93,104,131,148,158,158,158],"floor_reached":16,"language":"ENG","playtime":563,"items_purged":[],"score":102,"play_id":"a159c28f-1218-4da7-b317-3c7968ff45c6","local_time":"20210117232745","is_ascension_mode":false,"campfire_choices":[{"floor":1,"key":"RECALL"},{"data":"bronze:Goto","floor":11,"key":"SMITH"}],"circlet_count":0,"master_deck":["bronze:Strike","bronze:Strike","bronze:Strike","bronze:Strike","bronze:Defend","bronze:Defend","bronze:Defend","bronze:Defend","bronze:Replicate","bronze:Goto+1","bronze:WhirlingStrike+1","bronze:ClassDefault","bronze:ThunderWave","bronze:ForceShield"],"relics":["bronze:BronzeCore","downfall:HeartsMalice","hexamod:BolsterEngine","downfall:HeartBlessingRed","Potion Belt"],"acts_visited":["Exordium"],"potions_floor_usage":[9,10,13],"damage_taken":[{"damage":0,"enemies":"Small Slimes","floor":2,"turns":1},{"damage":0,"enemies":"Cultist","floor":4,"turns":1},{"damage":0,"enemies":"Gremlin Nob","floor":5,"turns":1},{"damage":0,"enemies":"2 Louse","floor":8,"turns":2},{"damage":24,"enemies":"Exordium Thugs","floor":9,"turns":3},{"damage":5,"enemies":"Large Slime","floor":10,"turns":7},{"damage":3,"enemies":"Exordium Wildlife","floor":12,"turns":3},{"damage":8,"enemies":"Lagavulin","floor":13,"turns":4},{"damage":7,"enemies":"3 Louse","floor":14,"turns":2},{"damage":8,"enemies":"Blue Slaver","floor":15,"turns":3},{"damage":26,"enemies":"DF_ARCHETYPE_STREAMLINE","floor":16,"turns":4}],"seed_played":"-4870581403666184478","potions_obtained":[{"floor":8,"key":"bronze:BuildAFunctionPotion"},{"floor":10,"key":"Fruit Juice"},{"floor":12,"key":"FearPotion"},{"floor":14,"key":"Swift Potion"}],"is_trial":false,"path_per_floor":["R","M","?","M","?","?","T","M","M","M","R","M","E","M","M","B"],"character_chosen":"THE_AUTOMATON","items_purchased":[],"campfire_rested":0,"item_purchase_floors":[],"current_hp_per_floor":[70,70,70,70,70,70,70,70,46,46,46,43,35,28,20,0,0],"gold":158,"neow_bonus":"THREE_ENEMY_KILL","is_daily":false,"chose_seed":false,"campfire_upgraded":1,"win_rate":0.0,"timestamp":1610962065,"path_taken":["R","M","?","?","?","?","T","?","M","M","R","M","E","M","M","BOSS"],"items_purchased_type":[],"build_version":"2020-12-22","purchased_purges":0,"victory":false,"max_hp_per_floor":[70,70,70,70,70,70,70,70,70,75,75,75,75,75,75,75,75],"card_choices":[{"not_picked":["bronze:DelayedGuard","bronze:Overheat"],"picked":"bronze:WhirlingStrike","floor":2},{"not_picked":["bronze:FineTuning","bronze:Return","bronze:Break"],"picked":"SKIP","floor":4},{"not_picked":["bronze:Deprecate","bronze:OilSpill","bronze:Frontload"],"picked":"SKIP","floor":8},{"not_picked":["bronze:OilSpill","bronze:BronzeArmor","bronze:BuggyMess"],"picked":"SKIP","floor":9},{"not_picked":["bronze:OilSpill","bronze:MaxOutput"],"picked":"bronze:ClassDefault","floor":10},{"not_picked":["bronze:BugBarrage","bronze:Turbo","bronze:Deprecate"],"picked":"SKIP","floor":12},{"not_picked":["bronze:WildBeam","bronze:BronzeArmor"],"picked":"bronze:ThunderWave","floor":13},{"not_picked":["bronze:Deprecate","bronze:BitShift"],"picked":"bronze:ForceShield","floor":14},{"not_picked":["bronze:Frontload","bronze:Flail","bronze:Return"],"picked":"SKIP","floor":15}],"player_experience":1207229,"relics_obtained":[{"floor":5,"key":"hexamod:BolsterEngine"},{"floor":13,"key":"Potion Belt"}],"event_choices":[{"cards_removed":["bronze:Strike"],"damage_healed":0,"gold_gain":0,"player_choice":"Give","damage_taken":0,"max_hp_gain":0,"max_hp_loss":0,"event_name":"betterNote:BetterNote","floor":3,"gold_loss":0,"cards_obtained":["bronze:Strike"]}],"is_beta":false,"boss_relics":[],"items_purged_floors":[],"is_endless":false,"potions_floor_spawned":[8,10,12,14],"killed_by":"DF_ARCHETYPE_STREAMLINE","ascension_level":0}}