{"host":"6z37w3v1wo6fteqs","time":1610959601,"event":{"mods":["AchievementEnabler","BaseMod","Minty Spire (QoL Compilation)","Relic Stats"],"gold_per_floor":[114,132,132,82,82,82,117,129,177,177,188,216,2,15,15,117,117,128,128,145,55,72,102,118,130,130,149,149,149,180,199,199,299,299,310,107,125,135,135,164,183,33,33,33,52,86,86,120,120,120],"floor_reached":51,"language":"ENG","playtime":4234,"items_purged":["Strike_B","Defend_B"],"score":889,"play_id":"06a58adc-a125-4a73-ade3-fa5a3cad424b","local_time":"20210118004641","is_ascension_mode":false,"campfire_choices":[{"data":"Coolheaded","floor":6,"key":"SMITH"},{"data":"Self Repair","floor":10,"key":"SMITH"},{"data":"Darkness","floor":15,"key":"SMITH"},{"data":"Hologram","floor":28,"key":"SMITH"},{"data":"Capacitor","floor":32,"key":"SMITH"},{"data":"Buffer","floor":49,"key":"SMITH"}],"circlet_count":0,"master_deck":["Defend_B","Defend_B","Defend_B","Zap","Dualcast+1","Ball Lightning","Coolheaded+1","Self Repair+1","Ball Lightning","Darkness+1","Doom and Gloom","Hologram+1","Genetic Algorithm","Barrage","Biased Cognition","CurseOfTheBell","Leap+1","Capacitor+1","Chill+1","Conserve Battery+1","Chaos+1","Amplify+1","Consume+1","Buffer+1","Skim+1","Cold Snap","Compile Driver+1","Coolheaded+1","Conserve Battery+1","Consume+1","Conserve Battery+1"],"relics":["Cracked Core","NeowsBlessing","HornCleat","Boot","Dream Catcher","Pantograph","Calling Bell","Regal Pillow","Toxic Egg 2","Thread and Needle","Orichalcum","Eternal Feather","Gremlin Horn","Inserter","OrangePellets","White Beast Statue","MealTicket","Molten Egg 2","Question Card","Torii"],"acts_visited":["Exordium","TheCity","TheBeyond"],"potions_floor_usage":[30,33,48,50],"damage_taken":[{"damage":0,"enemies":"Jaw Worm","floor":1,"turns":1},{"damage":0,"enemies":"Small Slimes","floor":2,"turns":1},{"damage":0,"enemies":"Lagavulin","floor":7,"turns":1},{"damage":0,"enemies":"Cultist","floor":8,"turns":3},{"damage":8,"enemies":"Lots of Slimes","floor":11,"turns":3},{"damage":2,"enemies":"3 Sentries","floor":12,"turns":7},{"damage":3,"enemies":"2 Fungi Beasts","floor":14,"turns":3},{"damage":27,"enemies":"Slime Boss","floor":16,"turns":7},{"damage":0,"enemies":"Spheric Guardian","floor":18,"turns":3},{"damage":1,"enemies":"Chosen","floor":20,"turns":4},{"damage":5,"enemies":"Snake Plant","floor":22,"turns":4},{"damage":7,"enemies":"Gremlin Leader","floor":23,"turns":7},{"damage":5,"enemies":"Centurion and Healer","floor":24,"turns":7},{"damage":0,"enemies":"Snecko","floor":25,"turns":4},{"damage":0,"enemies":"Shelled Parasite and Fungi","floor":27,"turns":6},{"damage":0,"enemies":"Slavers","floor":30,"turns":4},{"damage":9,"enemies":"Centurion and Healer","floor":31,"turns":7},{"damage":29,"enemies":"Collector","floor":33,"turns":9},{"damage":0,"enemies":"Orb Walker","floor":35,"turns":7},{"damage":9,"enemies":"3 Shapes","floor":37,"turns":6},{"damage":0,"enemies":"Transient","floor":38,"turns":5},{"damage":7,"enemies":"Reptomancer","floor":40,"turns":8},{"damage":0,"enemies":"4 Shapes","floor":41,"turns":6},{"damage":0,"enemies":"Maw","floor":45,"turns":7},{"damage":0,"enemies":"Nemesis","floor":46,"turns":7},{"damage":34,"enemies":"Reptomancer","floor":48,"turns":12},{"damage":0,"enemies":"Time Eater","floor":50,"turns":14}],"seed_played":"-3747306791838528732","potions_obtained":[{"floor":8,"key":"SkillPotion"},{"floor":14,"key":"Swift Potion"},{"floor":16,"key":"PowerPotion"},{"floor":20,"key":"Fire Potion"},{"floor":30,"key":"LiquidMemories"},{"floor":38,"key":"CultistPotion"},{"floor":41,"key":"Fire Potion"},{"floor":46,"key":"FairyPotion"},{"floor":48,"key":"Regen Potion"}],"is_trial":false,"path_per_floor":["M","M","?","?","T","R","E","M","T","R","M","E","$","M","R","B",null,"M","?","M","?","M","E","M","M","T","M","R","$","E","M","R","B",null,"M","$","M","M","$","E","M","$","T","?","M","E","T","E","R","B",null],"character_chosen":"DEFECT","items_purchased":["Hologram","Genetic Algorithm","Barrage","OrangePellets","Cold Snap","Conserve Battery+1"],"campfire_rested":0,"item_purchase_floors":[13,13,13,36,36,42],"current_hp_per_floor":[75,75,75,75,75,75,75,75,75,75,75,75,75,75,75,58,75,75,75,75,75,75,75,75,75,75,75,75,75,75,75,75,56,75,75,75,75,75,75,75,75,75,75,71,71,71,71,57,71,71],"gold":120,"neow_bonus":"THREE_ENEMY_KILL","is_daily":false,"chose_seed":false,"campfire_upgraded":6,"win_rate":0.0,"timestamp":1610959601,"path_taken":["M","M","?","?","?","R","E","M","T","R","M","E","$","M","R","BOSS","M","?","M","?","M","E","M","?","T","M","R","$","E","M","R","BOSS","M","$","?","M","$","E","M","$","T","?","M","E","?","E","R","BOSS"],"items_purchased_type":["Card","Card","Card","Relic","Card","Card"],"build_version":"2020-12-22","purchased_purges":2,"victory":true,"max_hp_per_floor":[75,75,75,75,75,75,75,75,75,75,75,75,75,75,75,75,75,75,75,75,75,75,75,75,75,75,75,75,75,75,75,75,75,75,75,75,75,75,75,75,75,75,75,71,71,71,71,71,71,71],"relic_stats":{"Regal Pillow":0,"Inserter":[35],"Gremlin Horn":[19,19],"Torii":0,"counters":[27,153],"Eternal Feather":14,"Orichalcum":[192],"Boot":[104],"Question Card":1,"OrangePellets":[7],"Dream Catcher":0,"Pantograph":0,"MealTicket":0,"obtain_stats":[{"Regal Pillow":17,"Inserter":34,"NeowsBlessing":0,"Gremlin Horn":30,"Torii":48,"Thread and Needle":17,"Eternal Feather":26,"Orichalcum":23,"Boot":7,"Question Card":47,"White Beast Statue":40,"Calling Bell":17,"OrangePellets":36,"Dream Catcher":9,"HornCleat":5,"Pantograph":12,"MealTicket":43,"Molten Egg 2":46,"Toxic Egg 2":17,"Cracked Core":0},{"Regal Pillow":8,"Inserter":18,"NeowsBlessing":0,"Gremlin Horn":16,"Torii":26,"Thread and Needle":8,"Eternal Feather":14,"Orichalcum":12,"Boot":3,"Question Card":25,"White Beast Statue":22,"Calling Bell":8,"OrangePellets":19,"Dream Catcher":4,"HornCleat":2,"Pantograph":6,"MealTicket":23,"Molten Egg 2":25,"Toxic Egg 2":8,"Cracked Core":0},{"Regal Pillow":26,"Inserter":81,"NeowsBlessing":0,"Gremlin Horn":65,"Torii":139,"Thread and Needle":26,"Eternal Feather":55,"Orichalcum":44,"Boot":3,"Question Card":127,"White Beast Statue":107,"Calling Bell":26,"OrangePellets":88,"Dream Catcher":6,"HornCleat":2,"Pantograph":16,"MealTicket":113,"Molten Egg 2":127,"Toxic Egg 2":26,"Cracked Core":0}]},"card_choices":[{"not_picked":["Cold Snap","Conserve Battery"],"picked":"Ball Lightning","floor":1},{"not_picked":["Aggregate","Tempest"],"picked":"Coolheaded","floor":2},{"not_picked":["Leap","Redo"],"picked":"Self Repair","floor":7},{"not_picked":["Redo","Stack"],"picked":"Ball Lightning","floor":8},{"not_picked":["Aggregate","Force Field"],"picked":"Darkness","floor":11},{"not_picked":["Cold Snap","Machine Learning"],"picked":"Doom and Gloom","floor":12},{"not_picked":["Leap","Gash","Beam Cell"],"picked":"SKIP","floor":14},{"not_picked":["Amplify","Multi-Cast"],"picked":"Biased Cognition","floor":16},{"not_picked":["Redo+1","Go for the Eyes"],"picked":"Leap+1","floor":18},{"not_picked":["Ball Lightning","Blizzard+1","Rip and Tear+1"],"picked":"SKIP","floor":20},{"not_picked":["Sweeping Beam+1","Beam Cell","Auto Shields+1"],"picked":"SKIP","floor":22},{"not_picked":["Ball Lightning+1","Force Field+1"],"picked":"Chill+1","floor":23},{"not_picked":["Capacitor","Melter"],"picked":"Conserve Battery+1","floor":24},{"not_picked":["Heatsinks","Hello World+1","Reinforced Body+1"],"picked":"SKIP","floor":25},{"not_picked":["White Noise+1","Streamline"],"picked":"Chaos+1","floor":27},{"not_picked":["Gash","Self Repair+1"],"picked":"Amplify+1","floor":30},{"not_picked":["Hologram+1","Leap+1"],"picked":"Consume+1","floor":31},{"not_picked":["Machine Learning","Thunder Strike"],"picked":"Buffer","floor":33},{"not_picked":["Melter","Static Discharge"],"picked":"Skim+1","floor":35},{"not_picked":["Gash+1","Leap+1","Beam Cell"],"picked":"SKIP","floor":37},{"not_picked":["Gash","Melter+1"],"picked":"Compile Driver+1","floor":38},{"not_picked":["Electrodynamics","Barrage","Go for the Eyes"],"picked":"SKIP","floor":40},{"not_picked":["White Noise+1","Steam Power+1"],"picked":"Coolheaded+1","floor":41},{"not_picked":["Ball Lightning+1","Gash+1","Auto Shields+1"],"picked":"SKIP","floor":45},{"not_picked":["Self Repair","Gash+1"],"picked":"Consume+1","floor":46},{"not_picked":["Chill+1","Barrage+1","Redo+1"],"picked":"Conserve Battery+1","floor":48}],"player_experience":7586,"relics_obtained":[{"floor":5,"key":"HornCleat"},{"floor":7,"key":"Boot"},{"floor":9,"key":"Dream Catcher"},{"floor":12,"key":"Pantograph"},{"floor":17,"key":"Regal Pillow"},{"floor":17,"key":"Toxic Egg 2"},{"floor":17,"key":"Thread and Needle"},{"floor":23,"key":"Orichalcum"},{"floor":26,"key":"Eternal Feather"},{"floor":30,"key":"Gremlin Horn"},{"floor":40,"key":"White Beast Statue"},{"floor":43,"key":"MealTicket"},{"floor":46,"key":"Molten Egg 2"},{"floor":47,"key":"Question Card"},{"floor":48,"key":"Torii"}],"event_choices":[{"cards_removed":["Strike_B"],"damage_healed":0,"gold_gain":0,"player_choice":"Forget","damage_taken":0,"max_hp_gain":0,"max_hp_loss":0,"event_name":"Living Wall","floor":3,"gold_loss":0},{"cards_removed":["Strike_B"],"damage_healed":0,"gold_gain":0,"player_choice":"Card Removal","damage_taken":0,"max_hp_gain":0,"max_hp_loss":0,"event_name":"The Cleric","floor":4,"gold_loss":50},{"damage_healed":0,"gold_gain":0,"player_choice":"Read","damage_taken":0,"max_hp_gain":0,"max_hp_loss":0,"event_name":"The Library","floor":19,"gold_loss":0,"cards_obtained":["Capacitor"]},{"cards_removed":["Strike_B"],"damage_healed":0,"gold_gain":0,"player_choice":"Upgrade and Remove","damage_taken":0,"max_hp_gain":0,"max_hp_loss":0,"event_name":"Designer","floor":21,"gold_loss":90,"cards_upgraded":["Dualcast"]},{"damage_healed":0,"gold_gain":0,"player_choice":"Max HP","damage_taken":0,"max_hp_gain":0,"max_hp_loss":4,"event_name":"Winding Halls","floor":44,"gold_loss":0}],"is_beta":false,"boss_relics":[{"not_picked":["Ectoplasm","FrozenCore"],"picked":"Calling Bell"},{"not_picked":["Velvet Choker","Empty Cage"],"picked":"Inserter"}],"items_purged_floors":[13,42],"is_endless":false,"potions_floor_spawned":[8,14,16,20,22,27,30,38,41,45,46,48],"ascension_level":0}}