{"host":"7vyuhf36gh5rmcz2","time":1610984103,"event":{"mods":["AchievementEnabler","BaseMod","Highlight Path","Minty Spire (QoL Compilation)","StSLib"],"gold_per_floor":[20,20,30,30,40,40,40,60,60,90,103,103,103,22,22,124,124,138,156,156,176,188,188,213,213,238,268,268,268,268],"floor_reached":29,"language":"ENG","playtime":2285,"items_purged":[],"score":420,"play_id":"0f682d38-695f-427f-8a73-6ef5884fcb41","local_time":"20210118153503","is_ascension_mode":true,"campfire_choices":[{"data":"Zap","floor":6,"key":"SMITH"},{"data":"Zap","floor":13,"key":"SMITH"},{"data":"Defragment","floor":15,"key":"SMITH"},{"data":"Buffer","floor":23,"key":"SMITH"},{"floor":25,"key":"REST"},{"floor":28,"key":"REST"}],"circlet_count":0,"master_deck":["AscendersBane","Strike_B","Strike_B","Strike_B","Defend_B","Defend_B","Defend_B","Defend_B","Zap+1","Dualcast","Coolheaded","Zap+1","Double Energy","Recycle","Glacier","Skim","Doom and Gloom","Defragment+1","Buffer+1","Tempest","Defragment","Blizzard","Capacitor"],"relics":["Cracked Core","InkBottle","Singing Bowl","Anchor","Sozu","Question Card","Lantern","Orichalcum"],"acts_visited":["Exordium","TheCity"],"potions_floor_usage":[10,10],"damage_taken":[{"damage":7,"enemies":"2 Louse","floor":1,"turns":2},{"damage":0,"enemies":"Cultist","floor":3,"turns":3},{"damage":0,"enemies":"Jaw Worm","floor":5,"turns":4},{"damage":9,"enemies":"Exordium Wildlife","floor":8,"turns":4},{"damage":5,"enemies":"3 Sentries","floor":10,"turns":11},{"damage":5,"enemies":"Lots of Slimes","floor":11,"turns":5},{"damage":24,"enemies":"Slime Boss","floor":16,"turns":9},{"damage":0,"enemies":"Spheric Guardian","floor":18,"turns":4},{"damage":6,"enemies":"3 Byrds","floor":19,"turns":5},{"damage":4,"enemies":"3 Cultists","floor":21,"turns":5},{"damage":6,"enemies":"Chosen and Byrds","floor":22,"turns":5},{"damage":35,"enemies":"Gremlin Leader","floor":24,"turns":6},{"damage":26,"enemies":"Slavers","floor":27,"turns":4},{"damage":51,"enemies":"Gremlin Leader","floor":29,"turns":5}],"seed_played":"-6984623930586527109","potions_obtained":[{"floor":3,"key":"DistilledChaos"},{"floor":5,"key":"BlessingOfTheForge"}],"is_trial":false,"path_per_floor":["M","?","M","?","M","R","$","M","T","E","M","?","R","$","R","B",null,"M","M","?","M","M","R","E","R","T","E","R","E"],"character_chosen":"DEFECT","items_purchased":["Defragment"],"campfire_rested":2,"item_purchase_floors":[14],"current_hp_per_floor":[75,75,75,68,68,68,68,59,59,54,49,46,46,46,46,22,72,74,68,50,48,42,42,7,36,36,10,39,0,0],"gold":268,"neow_bonus":"TWENTY_PERCENT_HP_BONUS","is_daily":false,"chose_seed":false,"campfire_upgraded":4,"win_rate":0.0,"timestamp":1610984103,"path_taken":["M","?","?","?","M","R","?","M","T","E","?","?","R","$","R","BOSS","M","M","?","M","M","R","E","R","T","E","R","E"],"items_purchased_type":["Card"],"build_version":"2020-12-22","purchased_purges":0,"victory":false,"max_hp_per_floor":[89,89,89,89,89,89,89,89,89,89,89,89,89,89,89,89,89,91,91,96,98,98,98,98,98,98,98,98,98,98],"card_choices":[{"not_picked":["Barrage","Go for the Eyes"],"picked":"Coolheaded","floor":1},{"not_picked":["Beam Cell","Conserve Battery"],"picked":"Double Energy","floor":3},{"not_picked":["Sunder","Cold Snap"],"picked":"Recycle","floor":5},{"not_picked":["Hello World","Beam Cell"],"picked":"Glacier","floor":8},{"not_picked":["Stack","Compile Driver"],"picked":"Skim","floor":10},{"not_picked":["Sunder","Melter"],"picked":"Doom and Gloom","floor":11},{"not_picked":["Core Surge","Fission"],"picked":"Buffer","floor":16},{"not_picked":["Leap+1","Hello World","Ball Lightning"],"picked":"Singing Bowl","floor":18},{"not_picked":["Rebound+1","Compile Driver"],"picked":"Tempest","floor":19},{"not_picked":["Reinforced Body+1","Storm","Stack"],"picked":"Singing Bowl","floor":21},{"not_picked":["Core Surge","Chaos"],"picked":"Defragment","floor":22},{"not_picked":["Rebound","Cold Snap"],"picked":"Blizzard","floor":24},{"not_picked":["Recycle","Thunder Strike","Ball Lightning+1"],"picked":"Capacitor","floor":27}],"player_experience":530243,"relics_obtained":[{"floor":9,"key":"InkBottle"},{"floor":10,"key":"Singing Bowl"},{"floor":24,"key":"Question Card"},{"floor":26,"key":"Lantern"},{"floor":27,"key":"Orichalcum"}],"event_choices":[{"damage_healed":0,"gold_gain":0,"player_choice":"1 cards matched","damage_taken":0,"max_hp_gain":0,"max_hp_loss":0,"event_name":"Match and Keep!","floor":2,"gold_loss":0,"cards_obtained":["Zap"]},{"damage_healed":0,"gold_gain":0,"player_choice":"1 cards matched","damage_taken":0,"max_hp_gain":0,"max_hp_loss":0,"event_name":"Match and Keep!","floor":2,"gold_loss":0,"cards_obtained":["Zap"]},{"cards_removed":["Strike_B"],"damage_healed":0,"gold_gain":0,"player_choice":"Card Removal","damage_taken":7,"max_hp_gain":0,"max_hp_loss":0,"event_name":"Golden Wing","floor":4,"gold_loss":0},{"damage_healed":0,"gold_gain":0,"player_choice":"Success","damage_taken":3,"relics_obtained":["Anchor"],"max_hp_gain":0,"max_hp_loss":0,"event_name":"Scrap Ooze","floor":12,"gold_loss":0},{"damage_healed":0,"gold_gain":0,"player_choice":"Shed Blood","damage_taken":23,"max_hp_gain":5,"max_hp_loss":0,"event_name":"Forgotten Altar","floor":20,"gold_loss":0}],"is_beta":false,"boss_relics":[{"not_picked":["Nuclear Battery","Calling Bell"],"picked":"Sozu"}],"items_purged_floors":[],"is_endless":false,"potions_floor_spawned":[3,5,19,21,24,27],"killed_by":"Gremlin Leader","ascension_level":10}}