{"host":"ml2ro5l6hu6y0pll","time":1610987752,"event":{"mods":["AchievementEnabler","BaseMod","Colored Map","Colored Powertips","Custom Start","Googly Eyes","Minty Spire (QoL Compilation)","Quick Restart","Rare Cards Sparkle","Relic Stats","StSLib","everything is the same but u backflip on backflip"],"gold_per_floor":[109,120,138,153,170,202,202,237,316,266,266,299,325,339,339,418,418,433,323,78,89,109,135,135,165,211,243,243,68,68,95,95,174,174,186,186,214,214,214],"floor_reached":38,"language":"ENG","playtime":1794,"items_purged":[],"score":1170,"play_id":"cb8a25d3-b988-4389-991f-93a14f474cc9","local_time":"20210118163552","daily_mods":["Flight","DeadlyEvents"],"is_ascension_mode":true,"campfire_choices":[{"data":"Genetic Algorithm","floor":7,"key":"SMITH"},{"data":"Defragment","floor":11,"key":"SMITH"},{"data":"Capacitor","floor":15,"key":"SMITH"},{"floor":24,"key":"DIG"},{"floor":28,"key":"DIG"},{"floor":30,"key":"REST"},{"floor":32,"key":"DIG"}],"circlet_count":0,"master_deck":["Cold Snap","Sweeping Beam+1","Ball Lightning","Leap","Coolheaded","Coolheaded","Genetic Algorithm+1","Defragment+1","Capacitor+1","Electrodynamics","Go for the Eyes","Steam","Ball Lightning","Creative AI","Genetic Algorithm","Core Surge","Chill","Defragment","Conserve Battery+1","Aggregate+1","Darkness+1","Redo+1","Seek","Barrage"],"relics":["Cracked Core","Ginger","Pen Nib","Meat on the Bone","Shovel","Regal Pillow","Fusion Hammer","Blue Candle","Thread and Needle","Oddly Smooth Stone","TungstenRod","Smiling Mask","Unceasing Top","Frozen Egg 2","Inserter","Strawberry"],"acts_visited":["Exordium","TheCity","TheBeyond"],"potions_floor_usage":[12,18,18,23],"damage_taken":[{"damage":8,"enemies":"Small Slimes","floor":1,"turns":2},{"damage":0,"enemies":"Cultist","floor":2,"turns":3},{"damage":9,"enemies":"2 Louse","floor":3,"turns":2},{"damage":2,"enemies":"Exordium Thugs","floor":4,"turns":4},{"damage":4,"enemies":"3 Louse","floor":5,"turns":2},{"damage":3,"enemies":"3 Sentries","floor":6,"turns":4},{"damage":0,"enemies":"Lagavulin","floor":8,"turns":8},{"damage":0,"enemies":"Gremlin Nob","floor":12,"turns":3},{"damage":1,"enemies":"Lagavulin","floor":13,"turns":8},{"damage":0,"enemies":"Blue Slaver","floor":14,"turns":3},{"damage":3,"enemies":"Hexaghost","floor":16,"turns":9},{"damage":8,"enemies":"2 Thieves","floor":18,"turns":3},{"damage":0,"enemies":"Spheric Guardian","floor":21,"turns":4},{"damage":0,"enemies":"Chosen and Byrds","floor":22,"turns":4},{"damage":5,"enemies":"Gremlin Leader","floor":23,"turns":7},{"damage":2,"enemies":"Slavers","floor":25,"turns":5},{"damage":26,"enemies":"Book of Stabbing","floor":27,"turns":6},{"damage":0,"enemies":"Gremlin Leader","floor":31,"turns":5},{"damage":13,"enemies":"Automaton","floor":33,"turns":7},{"damage":0,"enemies":"3 Darklings","floor":35,"turns":9},{"damage":34,"enemies":"Giant Head","floor":37,"turns":10}],"seed_played":"-3498018636311580199","potions_obtained":[{"floor":1,"key":"Fire Potion"},{"floor":3,"key":"LiquidMemories"},{"floor":6,"key":"EssenceOfDarkness"},{"floor":13,"key":"ColorlessPotion"},{"floor":18,"key":"Explosive Potion"},{"floor":27,"key":"SmokeBomb"},{"floor":31,"key":"BlessingOfTheForge"},{"floor":35,"key":"PotionOfCapacity"}],"is_trial":true,"path_per_floor":["M","M","M","M","M","E","R","E","T","$","R","E","E","M","R","B",null,"M","?","$","M","M","E","R","E","T","E","R","$","R","E","R","B",null,"M","?","E","$"],"character_chosen":"DEFECT","items_purchased":["Ball Lightning","Core Surge","Chill","Seek"],"campfire_rested":1,"item_purchase_floors":[10,20,20,29],"current_hp_per_floor":[56,56,47,45,41,38,38,38,38,38,38,38,37,37,37,46,65,57,57,57,57,57,52,52,50,50,36,36,36,71,71,71,58,68,68,68,53,53,53],"gold":214,"neow_bonus":"","is_daily":false,"chose_seed":false,"campfire_upgraded":3,"win_rate":0.0,"timestamp":1610987752,"path_taken":["M","M","M","M","M","E","R","E","T","$","R","E","E","M","R","BOSS","M","?","$","M","M","E","R","?","T","E","R","$","R","E","R","BOSS","M","?","?","$"],"items_purchased_type":["Card","Card","Card","Card"],"build_version":"2020-12-22","purchased_purges":0,"victory":false,"max_hp_per_floor":[71,71,71,71,71,71,71,71,71,71,71,71,71,71,71,71,71,71,71,71,71,71,71,71,71,71,71,71,71,71,71,71,71,71,71,71,78,78,78],"relic_stats":{"Regal Pillow":14,"Shovel":3,"Inserter":[8],"counters":[21,108],"Blue Candle":[0],"Pen Nib":[11],"Ginger":[3],"Smiling Mask":0,"obtain_stats":[{"Regal Pillow":13,"Inserter":34,"Blue Candle":23,"Oddly Smooth Stone":25,"Thread and Needle":24,"Pen Nib":8,"Ginger":6,"Frozen Egg 2":32,"Smiling Mask":28,"Shovel":12,"Strawberry":37,"Fusion Hammer":17,"Cracked Core":0,"TungstenRod":27,"Unceasing Top":31,"Meat on the Bone":9},{"Regal Pillow":9,"Inserter":19,"Blue Candle":15,"Oddly Smooth Stone":16,"Thread and Needle":15,"Pen Nib":7,"Ginger":6,"Frozen Egg 2":18,"Smiling Mask":17,"Shovel":8,"Strawberry":21,"Fusion Hammer":11,"Cracked Core":0,"TungstenRod":17,"Unceasing Top":18,"Meat on the Bone":7},{"Regal Pillow":36,"Inserter":89,"Blue Candle":66,"Oddly Smooth Stone":71,"Thread and Needle":66,"Pen Nib":25,"Ginger":17,"Frozen Egg 2":82,"Smiling Mask":77,"Shovel":28,"Strawberry":108,"Fusion Hammer":48,"Cracked Core":0,"TungstenRod":77,"Unceasing Top":82,"Meat on the Bone":25}],"TungstenRod":6,"Unceasing Top":[6],"Meat on the Bone":36},"card_choices":[{"not_picked":["Recycle","Leap"],"picked":"Sweeping Beam","floor":1},{"not_picked":["Beam Cell","Reprogram","Aggregate"],"picked":"SKIP","floor":2},{"not_picked":["Turbo","Redo"],"picked":"Leap","floor":3},{"not_picked":["Melter","Rebound"],"picked":"Go for the Eyes","floor":4},{"not_picked":["Melter","Leap"],"picked":"Steam","floor":5},{"not_picked":["Hello World","Go for the Eyes","Stack"],"picked":"SKIP","floor":6},{"not_picked":["Steam Power","Skim","Go for the Eyes"],"picked":"SKIP","floor":8},{"not_picked":["Rebound","Coolheaded","Hyperbeam"],"picked":"SKIP","floor":12},{"not_picked":["Lockon","Force Field","Chaos"],"picked":"SKIP","floor":13},{"not_picked":["Skim","Melter","Compile Driver"],"picked":"SKIP","floor":14},{"not_picked":["Rainbow","Hyperbeam"],"picked":"Creative AI","floor":16},{"not_picked":["Compile Driver+1","Lockon"],"picked":"Genetic Algorithm","floor":18},{"not_picked":["Melter","Coolheaded"],"picked":"Defragment","floor":21},{"not_picked":["Gash","Chaos"],"picked":"Conserve Battery+1","floor":22},{"not_picked":["Streamline","Steam"],"picked":"Aggregate+1","floor":23},{"not_picked":["Leap","Streamline"],"picked":"Darkness+1","floor":25},{"not_picked":["Barrage","Turbo+1"],"picked":"Redo+1","floor":27},{"not_picked":["Conserve Battery","Turbo"],"picked":"Barrage","floor":31},{"not_picked":["Sweeping Beam","Undo+1","Ball Lightning"],"picked":"SKIP","floor":35},{"not_picked":["Melter+1","Conserve Battery","Rebound"],"picked":"SKIP","floor":37}],"player_experience":831260,"relics_obtained":[{"floor":6,"key":"Ginger"},{"floor":8,"key":"Pen Nib"},{"floor":9,"key":"Meat on the Bone"},{"floor":12,"key":"Shovel"},{"floor":13,"key":"Regal Pillow"},{"floor":23,"key":"Blue Candle"},{"floor":24,"key":"Thread and Needle"},{"floor":25,"key":"Oddly Smooth Stone"},{"floor":27,"key":"TungstenRod"},{"floor":28,"key":"Smiling Mask"},{"floor":31,"key":"Unceasing Top"},{"floor":32,"key":"Frozen Egg 2"},{"floor":37,"key":"Strawberry"}],"event_choices":[{"cards_removed":["Sweeping Beam"],"damage_healed":0,"gold_gain":0,"player_choice":"Upgrade and Remove","damage_taken":0,"max_hp_gain":0,"max_hp_loss":0,"event_name":"Designer","floor":19,"gold_loss":110,"cards_upgraded":["Sweeping Beam"]},{"cards_removed":["Leap"],"damage_healed":0,"gold_gain":0,"player_choice":"Card Removal","damage_taken":0,"max_hp_gain":0,"max_hp_loss":0,"event_name":"Wheel of Change","floor":36,"gold_loss":0}],"is_beta":false,"boss_relics":[{"not_picked":["Calling Bell","Black Star"],"picked":"Fusion Hammer"},{"not_picked":["Runic Dome","Runic Pyramid"],"picked":"Inserter"}],"items_purged_floors":[],"is_endless":false,"potions_floor_spawned":[1,3,6,8,13,18,27,31,35],"ascension_level":20}}