{"host":"Kdaddybrian","time":1610948597,"event":{"mods":["AchievementEnabler","BaseMod","Bestiary","Colored Powertips","Minty Spire (QoL Compilation)","Potion Indicator Mod","Quick Restart","Rare Cards Sparkle","Relic Stats","StSLib","Uncapped"],"gold_per_floor":[111,122,72,25,37,65,79,79,79,90,90,90,108,283,283,283,283],"floor_reached":16,"language":"ENG","playtime":658,"items_purged":[],"score":112,"play_id":"6dcc023e-9948-4e3f-8d69-08b927c42140","local_time":"20210118004317","is_ascension_mode":true,"campfire_choices":[{"data":"Eruption","floor":8,"key":"SMITH"},{"floor":12,"key":"REST"},{"data":"Vigilance","floor":15,"key":"SMITH"}],"circlet_count":0,"master_deck":["Strike_P","Strike_P","Strike_P","Defend_P","Defend_P","Defend_P","Defend_P","Eruption+1","Vigilance+1","Tantrum","CrushJoints","EmptyFist","EmptyBody","Halt","JustLucky","BowlingBash","Meditate","Doubt"],"relics":["PureWater","NeowsBlessing","Bottled Lightning","Blue Candle","Golden Idol"],"acts_visited":["Exordium"],"potions_floor_usage":[13,16],"damage_taken":[{"damage":0,"enemies":"Jaw Worm","floor":1,"turns":1},{"damage":0,"enemies":"Small Slimes","floor":2,"turns":1},{"damage":0,"enemies":"2 Louse","floor":5,"turns":1},{"damage":39,"enemies":"3 Sentries","floor":6,"turns":11},{"damage":0,"enemies":"Blue Slaver","floor":7,"turns":2},{"damage":6,"enemies":"Exordium Wildlife","floor":10,"turns":3},{"damage":7,"enemies":"Lots of Slimes","floor":13,"turns":2},{"damage":44,"enemies":"The Guardian","floor":16,"turns":11}],"seed_played":"-3703455009044135461","potions_obtained":[{"floor":1,"key":"SkillPotion"},{"floor":10,"key":"Strength Potion"}],"is_trial":false,"path_per_floor":["M","M","?","$","M","E","M","R","T","M","?","R","M","?","R","B"],"character_chosen":"WATCHER","items_purchased":["EmptyFist"],"campfire_rested":1,"item_purchase_floors":[4],"current_hp_per_floor":[72,72,72,72,72,33,33,33,33,27,27,47,40,40,40,0,0],"gold":283,"neow_bonus":"THREE_ENEMY_KILL","is_daily":false,"chose_seed":false,"campfire_upgraded":2,"win_rate":0.0,"timestamp":1610948597,"path_taken":["M","M","?","$","M","E","M","R","T","M","?","R","M","?","R","BOSS"],"items_purchased_type":["Card"],"build_version":"2020-12-18","purchased_purges":0,"victory":false,"max_hp_per_floor":[72,72,72,72,72,72,72,72,72,72,67,67,67,67,67,67,67],"relic_stats":{"counters":[8,32],"Golden Idol":4,"Blue Candle":[1],"obtain_stats":[{"NeowsBlessing":0,"Golden Idol":11,"Blue Candle":9,"Bottled Lightning":6,"PureWater":0},{"NeowsBlessing":0,"Golden Idol":6,"Blue Candle":5,"Bottled Lightning":4,"PureWater":0},{"NeowsBlessing":0,"Golden Idol":19,"Blue Candle":16,"Bottled Lightning":14,"PureWater":0}]},"card_choices":[{"not_picked":["FlurryOfBlows","Weave"],"picked":"Tantrum","floor":1},{"not_picked":["ForeignInfluence","Crescendo"],"picked":"CrushJoints","floor":2},{"not_picked":["BowlingBash","Crescendo"],"picked":"EmptyBody","floor":5},{"not_picked":["JustLucky","SashWhip"],"picked":"Halt","floor":6},{"not_picked":["Brilliance","Crescendo"],"picked":"JustLucky","floor":7},{"not_picked":["Weave","Prostrate"],"picked":"BowlingBash","floor":10},{"not_picked":["Protect","Prostrate"],"picked":"Meditate","floor":13}],"player_experience":2966520,"relics_obtained":[{"floor":6,"key":"Bottled Lightning"},{"floor":9,"key":"Blue Candle"}],"event_choices":[{"cards_removed":["Strike_P"],"damage_healed":0,"gold_gain":0,"player_choice":"Card Removal","damage_taken":0,"max_hp_gain":0,"max_hp_loss":0,"event_name":"The Cleric","floor":3,"gold_loss":50},{"damage_healed":0,"gold_gain":0,"player_choice":"Lose Max HP","damage_taken":0,"relics_obtained":["Golden Idol"],"max_hp_gain":0,"max_hp_loss":5,"event_name":"Golden Idol","floor":11,"gold_loss":0},{"damage_healed":0,"gold_gain":175,"player_choice":"AGREE","damage_taken":0,"max_hp_gain":0,"max_hp_loss":0,"event_name":"Liars Game","floor":14,"gold_loss":0,"cards_obtained":["Doubt"]}],"is_beta":true,"boss_relics":[],"items_purged_floors":[],"is_endless":false,"potions_floor_spawned":[1,10],"killed_by":"The Guardian","ascension_level":2}}