{"host":"pl1fbpkom0aq337f","time":1610972057,"event":{"mods":["AchievementEnabler","BaseMod","Colored Map","Minty Spire (QoL Compilation)"],"gold_per_floor":[115,115,115,40,50,50,70,105,105,115,141,170,170,180,180,213,288,288,366,366,395,65,74,124,124,158,158,199,199,223,266,278,278,315,331,340,340,424,424,440,219,219,219,51,82,94,94,119,9,9,18,44,63,63,63,63],"floor_reached":57,"language":"ENG","playtime":2523,"items_purged":["Pain"],"score":2379,"play_id":"737b43b8-7aa4-43e5-b698-137ed1ac74ce","local_time":"20210118131417","is_ascension_mode":true,"campfire_choices":[{"data":"Uppercut","floor":9,"key":"SMITH"},{"data":"Whirlwind","floor":13,"key":"SMITH"},{"floor":15,"key":"REST"},{"data":"Bash","floor":18,"key":"SMITH"},{"data":"Limit Break","floor":27,"key":"SMITH"},{"data":"Limit Break","floor":37,"key":"SMITH"},{"data":"Pummel","floor":47,"key":"SMITH"},{"floor":50,"key":"REST"},{"data":"Sword Boomerang","floor":54,"key":"SMITH"}],"circlet_count":0,"master_deck":["AscendersBane","Bash+1","Shrug It Off+1","Uppercut+1","Whirlwind+1","Shrug It Off+1","Limit Break+1","Disarm+1","Limit Break+1","Feed","Sword Boomerang+1","Pummel+1","Headbutt","Reaper+1","Secret Technique"],"relics":["Velvet Choker","WarpedTongs","Omamori","Dream Catcher","Akabeko","Shuriken","Calling Bell","CeramicFish","Meat on the Bone","Ginger","Juzu Bracelet","Brimstone","MutagenicStrength","Tiny Chest","StrikeDummy","Pen Nib","Red Skull","The Courier","Centennial Puzzle","Paper Frog","Pandora\u0027s Box","War Paint","InkBottle","Potion Belt","Darkstone Periapt","Nunchaku","Art of War"],"acts_visited":["Exordium","TheCity","TheBeyond"],"potions_floor_usage":[12,12,19,21,31,38,56,56],"damage_taken":[{"damage":1,"enemies":"Small Slimes","floor":1,"turns":3},{"damage":0,"enemies":"2 Louse","floor":5,"turns":3},{"damage":0,"enemies":"Cultist","floor":7,"turns":3},{"damage":24,"enemies":"Lagavulin","floor":8,"turns":7},{"damage":0,"enemies":"Looter","floor":10,"turns":3},{"damage":15,"enemies":"3 Sentries","floor":12,"turns":4},{"damage":0,"enemies":"Blue Slaver","floor":14,"turns":2},{"damage":7,"enemies":"Lagavulin","floor":16,"turns":6},{"damage":0,"enemies":"Slime Boss","floor":19,"turns":4},{"damage":14,"enemies":"3 Byrds","floor":21,"turns":3},{"damage":35,"enemies":"Book of Stabbing","floor":26,"turns":4},{"damage":0,"enemies":"Slavers","floor":28,"turns":1},{"damage":36,"enemies":"Book of Stabbing","floor":31,"turns":4},{"damage":0,"enemies":"2 Thieves","floor":32,"turns":1},{"damage":0,"enemies":"Gremlin Leader","floor":34,"turns":3},{"damage":1,"enemies":"Snecko","floor":35,"turns":3},{"damage":30,"enemies":"Automaton","floor":38,"turns":4},{"damage":0,"enemies":"Orb Walker","floor":40,"turns":1},{"damage":0,"enemies":"Reptomancer","floor":45,"turns":2},{"damage":7,"enemies":"3 Shapes","floor":46,"turns":2},{"damage":3,"enemies":"Giant Head","floor":52,"turns":4},{"damage":0,"enemies":"Transient","floor":53,"turns":4},{"damage":7,"enemies":"Time Eater","floor":55,"turns":4},{"damage":56,"enemies":"Awakened One","floor":56,"turns":4}],"seed_played":"-4199177401690543723","potions_obtained":[{"floor":7,"key":"Strength Potion"},{"floor":8,"key":"EntropicBrew"},{"floor":21,"key":"BloodPotion"},{"floor":31,"key":"SteroidPotion"},{"floor":32,"key":"LiquidMemories"},{"floor":52,"key":"GamblersBrew"},{"floor":53,"key":"SteroidPotion"}],"is_trial":false,"path_per_floor":["M","?","?","$","M","$","M","E","R","M","T","E","R","M","R","E","?","R","B",null,"M","$","?","?","?","E","R","E","T","T","E","M","?","E","M","?","R","B",null,"M","$","?","T","$","E","M","R","T","?","R","?","E","M","R","B","B",null],"character_chosen":"IRONCLAD","items_purchased":["Juzu Bracelet","Brimstone","FairyPotion","War Paint","PowerPotion","Potion Belt"],"campfire_rested":2,"item_purchase_floors":[22,22,41,41,44,44],"current_hp_per_floor":[67,67,67,67,67,67,67,43,43,43,43,28,28,28,50,43,32,32,32,64,50,50,50,50,50,27,27,39,39,39,30,46,46,49,51,51,51,33,72,75,75,75,75,75,78,71,71,71,71,87,87,88,91,91,95,95],"gold":63,"neow_bonus":"BOSS_RELIC","is_daily":false,"chose_seed":false,"campfire_upgraded":7,"win_rate":0.0,"timestamp":1610972057,"path_taken":["M","?","?","$","M","$","?","E","R","M","T","E","R","M","R","E","?","R","BOSS","M","$","?","?","?","E","R","E","T","T","E","M","?","E","M","?","R","BOSS","M","$","?","?","$","E","M","R","T","?","R","?","E","M","R","BOSS","BOSS"],"items_purchased_type":["Relic","Relic","Potion","Relic","Potion","Relic"],"build_version":"2020-12-22","purchased_purges":1,"victory":true,"max_hp_per_floor":[75,75,75,75,75,75,75,75,75,75,75,75,75,75,75,75,75,75,75,75,75,75,75,75,75,75,75,75,75,75,75,79,79,82,85,85,85,85,85,88,88,84,84,84,87,87,87,87,87,87,87,91,91,91,95,95],"card_choices":[{"not_picked":["Warcry","Havoc"],"picked":"Shrug It Off","floor":1},{"not_picked":["Iron Wave","Body Slam"],"picked":"Uppercut","floor":5},{"not_picked":["Clothesline","Clash"],"picked":"Whirlwind","floor":7},{"not_picked":["Blood for Blood","Power Through","True Grit"],"picked":"SKIP","floor":8},{"not_picked":["Wild Strike","Havoc"],"picked":"Pommel Strike","floor":10},{"not_picked":["Blood for Blood","Entrench","Pommel Strike"],"picked":"SKIP","floor":12},{"not_picked":["Pommel Strike","Anger"],"picked":"Shrug It Off","floor":14},{"not_picked":["Offering","Double Tap"],"picked":"Limit Break","floor":19},{"not_picked":["Cleave","Perfected Strike"],"picked":"Disarm+1","floor":21},{"not_picked":["Inflame+1","Rage","Perfected Strike"],"picked":"SKIP","floor":26},{"not_picked":["Headbutt","Pommel Strike"],"picked":"Feed","floor":28},{"not_picked":["Hemokinesis","Bludgeon"],"picked":"Sword Boomerang","floor":31},{"not_picked":["Clothesline","Havoc","Uppercut"],"picked":"SKIP","floor":32},{"not_picked":["Metallicize","Sword Boomerang"],"picked":"Pummel","floor":34},{"not_picked":["Ghostly Armor+1","Sever Soul","Twin Strike"],"picked":"SKIP","floor":35},{"not_picked":["Double Tap","Offering"],"picked":"Reaper","floor":38},{"not_picked":["Clash","Metallicize+1","Headbutt"],"picked":"SKIP","floor":40},{"not_picked":["Clothesline","Inflame+1","Double Tap"],"picked":"SKIP","floor":45},{"not_picked":["Flame Barrier","Whirlwind+1","Body Slam"],"picked":"SKIP","floor":46},{"not_picked":["Bandage Up","Dark Shackles"],"picked":"Secret Technique","floor":51},{"not_picked":["Metallicize","Battle Trance+1","Body Slam"],"picked":"SKIP","floor":52},{"not_picked":["Pommel Strike","Twin Strike","Entrench"],"picked":"SKIP","floor":53}],"player_experience":471945,"relics_obtained":[{"floor":8,"key":"Omamori"},{"floor":11,"key":"Dream Catcher"},{"floor":12,"key":"Akabeko"},{"floor":16,"key":"Shuriken"},{"floor":20,"key":"CeramicFish"},{"floor":20,"key":"Meat on the Bone"},{"floor":20,"key":"Ginger"},{"floor":26,"key":"Tiny Chest"},{"floor":28,"key":"StrikeDummy"},{"floor":29,"key":"Pen Nib"},{"floor":30,"key":"Red Skull"},{"floor":31,"key":"The Courier"},{"floor":34,"key":"Paper Frog"},{"floor":43,"key":"InkBottle"},{"floor":45,"key":"Darkstone Periapt"},{"floor":48,"key":"Nunchaku"},{"floor":52,"key":"Art of War"}],"event_choices":[{"damage_healed":0,"gold_gain":0,"player_choice":"Ignored","damage_taken":0,"max_hp_gain":0,"max_hp_loss":0,"event_name":"Golden Wing","floor":2,"gold_loss":0},{"damage_healed":0,"gold_gain":0,"player_choice":"Rummage","damage_taken":0,"relics_obtained":["WarpedTongs"],"max_hp_gain":0,"max_hp_loss":0,"event_name":"Accursed Blacksmith","floor":3,"gold_loss":0,"cards_obtained":["Pain"]},{"damage_healed":0,"gold_gain":75,"player_choice":"Gather Gold","damage_taken":11,"max_hp_gain":0,"max_hp_loss":0,"event_name":"World of Goop","floor":17,"gold_loss":0},{"damage_healed":0,"gold_gain":0,"player_choice":"Copied","damage_taken":0,"max_hp_gain":0,"max_hp_loss":0,"event_name":"Duplicator","floor":23,"gold_loss":0,"cards_obtained":["Limit Break"]},{"damage_healed":0,"gold_gain":50,"player_choice":"Stole From Cult","damage_taken":0,"max_hp_gain":0,"max_hp_loss":0,"event_name":"Nest","floor":24,"gold_loss":0},{"damage_healed":0,"gold_gain":0,"player_choice":"Inject Mutagens","damage_taken":0,"relics_obtained":["MutagenicStrength"],"max_hp_gain":0,"max_hp_loss":0,"event_name":"Drug Dealer","floor":25,"gold_loss":0},{"damage_healed":0,"gold_gain":0,"player_choice":"Gave Potion","damage_taken":0,"relics_obtained":["Centennial Puzzle"],"max_hp_gain":0,"max_hp_loss":0,"event_name":"WeMeetAgain","floor":33,"gold_loss":0},{"damage_healed":0,"gold_gain":0,"player_choice":"Read","damage_taken":0,"max_hp_gain":0,"max_hp_loss":0,"event_name":"The Library","floor":36,"gold_loss":0,"cards_obtained":["Headbutt"]},{"damage_healed":0,"gold_gain":0,"player_choice":"Max HP","damage_taken":0,"max_hp_gain":0,"max_hp_loss":4,"event_name":"Winding Halls","floor":42,"gold_loss":0},{"cards_removed":["Pommel Strike"],"damage_healed":0,"gold_gain":0,"player_choice":"Upgrade and Remove","damage_taken":0,"max_hp_gain":0,"max_hp_loss":0,"event_name":"Designer","floor":49,"gold_loss":110,"cards_upgraded":["Reaper"]},{"damage_healed":0,"gold_gain":0,"player_choice":"Memory 1","damage_taken":0,"max_hp_gain":0,"max_hp_loss":0,"event_name":"SensoryStone","floor":51,"gold_loss":0}],"is_beta":false,"boss_relics":[{"not_picked":["SacredBark","Tiny House"],"picked":"Calling Bell"},{"not_picked":["Astrolabe","Coffee Dripper"],"picked":"Pandora\u0027s Box"}],"items_purged_floors":[4],"is_endless":false,"potions_floor_spawned":[7,8,12,14,21,31,32,52,53],"ascension_level":20}}