{"host":"08t08ld674si40tv","time":1610962182,"event":{"mods":["AchievementEnabler","BaseMod","Colored Map","Minty Spire (QoL Compilation)","StSLib","SuperFastMode"],"gold_per_floor":[114,39,15,15,25,25,52,52,79,29,62,76,76,91,91,91,91],"floor_reached":16,"language":"KOR","playtime":283,"items_purged":["Strike_G","Strike_G"],"score":266,"play_id":"415a002c-c952-4153-949e-ec8c6c98a3a8","local_time":"20210118182942","is_ascension_mode":true,"campfire_choices":[{"data":"Tactician","floor":6,"key":"SMITH"},{"data":"Bouncing Flask","floor":8,"key":"SMITH"},{"floor":13,"key":"REST"},{"data":"Prepared","floor":15,"key":"SMITH"}],"circlet_count":0,"master_deck":["AscendersBane","Strike_G","Strike_G","Strike_G","Defend_G","Defend_G","Defend_G","Defend_G","Defend_G","Survivor","Neutralize","Tactician+1","Acrobatics","Bouncing Flask+1","Eviscerate","Prepared+1","Dodge and Roll"],"relics":["Ring of the Snake","Vajra","Oddly Smooth Stone","NeowsBlessing","Smiling Mask","Oddly Smooth Stone","Gremlin Horn"],"acts_visited":["Exordium"],"potions_floor_usage":[11],"damage_taken":[{"damage":0,"enemies":"Cultist","floor":1,"turns":1},{"damage":0,"enemies":"2 Louse","floor":5,"turns":1},{"damage":0,"enemies":"Gremlin Nob","floor":7,"turns":1},{"damage":42,"enemies":"3 Sentries","floor":11,"turns":15},{"damage":0,"enemies":"Small Slimes","floor":12,"turns":2},{"damage":9,"enemies":"Exordium Thugs","floor":14,"turns":4},{"damage":23,"enemies":"Slime Boss","floor":16,"turns":7}],"seed_played":"1842936844476599775","potions_obtained":[{"floor":1,"key":"Block Potion"}],"is_trial":false,"path_per_floor":["M","$","$","?","M","R","E","R","T","$","E","M","R","M","R","B"],"character_chosen":"THE_SILENT","items_purchased":["Acrobatics"],"campfire_rested":1,"item_purchase_floors":[3],"current_hp_per_floor":[59,59,59,50,50,50,50,50,50,50,8,8,27,18,18,0,0],"gold":91,"neow_bonus":"THREE_ENEMY_KILL","is_daily":false,"chose_seed":false,"campfire_upgraded":3,"win_rate":0.0,"timestamp":1610962182,"path_taken":["M","?","$","?","M","R","E","R","T","$","E","?","R","M","R","BOSS"],"items_purchased_type":["Card"],"build_version":"2020-12-22","purchased_purges":2,"victory":false,"max_hp_per_floor":[66,66,66,66,66,66,66,66,66,66,66,66,66,66,66,66,66],"card_choices":[{"not_picked":["Skewer","Underhanded Strike"],"picked":"Tactician","floor":1},{"not_picked":["Finisher","Cloak And Dagger","Poisoned Stab"],"picked":"SKIP","floor":5},{"not_picked":["Outmaneuver","Deadly Poison"],"picked":"Bouncing Flask","floor":7},{"not_picked":["Dodge and Roll","Masterful Stab"],"picked":"Eviscerate","floor":11},{"not_picked":["Sucker Punch","Backflip"],"picked":"Prepared","floor":12},{"not_picked":["Slice","Caltrops"],"picked":"Dodge and Roll","floor":14}],"player_experience":243772,"relics_obtained":[{"floor":7,"key":"Smiling Mask"},{"floor":9,"key":"Oddly Smooth Stone"},{"floor":11,"key":"Gremlin Horn"}],"event_choices":[{"damage_healed":0,"gold_gain":0,"player_choice":"Damaged","damage_taken":9,"max_hp_gain":0,"max_hp_loss":0,"event_name":"Wheel of Change","floor":4,"gold_loss":0}],"is_beta":false,"boss_relics":[],"items_purged_floors":[2,10],"is_endless":false,"potions_floor_spawned":[1],"killed_by":"Slime Boss","ascension_level":20}}