{"host":"yvb207ks1sg3cxef","time":1610995043,"event":{"mods":["2.2 Compatiblity","BaseMod","Bestiary","Colored Powertips","Minty Spire (QoL Compilation)","Permanent Neow","Quick Restart","Relic Stats","StSLib"],"gold_per_floor":[217,229,241,241,14,58,17,17,17,50,64,64,77,95,95,221,221,245,245,262,280,13,42,42,11,11,25,54,70,170,170,170],"floor_reached":31,"language":"ENG","playtime":1727,"items_purged":["Strike_P"],"score":499,"play_id":"81e21877-34d7-4680-b0a5-5637b2e07513","local_time":"20210119000723","is_ascension_mode":true,"campfire_choices":[{"data":"Wallop","floor":8.0,"key":"SMITH"},{"data":"Eruption","floor":12.0,"key":"SMITH"},{"data":"Blasphemy","floor":15.0,"key":"SMITH"},{"floor":24.0,"key":"REST"}],"circlet_count":0,"master_deck":["AscendersBane","Strike_P","Strike_P","Strike_P","Defend_P","Defend_P","Defend_P","Defend_P","Eruption+1","Vigilance","Prostrate","Prostrate","SashWhip","BattleHymn","Wallop+1","Protect","Wallop","FlurryOfBlows","WindmillStrike","Blasphemy+1","Establishment","Evaluate","CutThroughFate","Study","FearNoEvil","EmptyFist","MentalFortress","WindmillStrike","Wireheading","Indignation+1","DeceiveReality"],"relics":["PureWater","Bloody Idol","Happy Flower","The Courier","Yang","Torii","VioletLotus","Meat on the Bone","Girya","Anchor"],"acts_visited":["Exordium","TheCity"],"potions_floor_usage":[31],"damage_taken":[{"damage":0.0,"enemies":"Cultist","floor":1.0,"turns":3.0},{"damage":9.0,"enemies":"Jaw Worm","floor":2.0,"turns":7.0},{"damage":5.0,"enemies":"2 Louse","floor":3.0,"turns":5.0},{"damage":16.0,"enemies":"Gremlin Nob","floor":6.0,"turns":3.0},{"damage":6.0,"enemies":"Lagavulin","floor":10.0,"turns":7.0},{"damage":1.0,"enemies":"Lots of Slimes","floor":11.0,"turns":3.0},{"damage":1.0,"enemies":"Large Slime","floor":13.0,"turns":7.0},{"damage":0.0,"enemies":"Red Slaver","floor":14.0,"turns":3.0},{"damage":6.0,"enemies":"Hexaghost","floor":16.0,"turns":9.0},{"damage":24.0,"enemies":"3 Byrds","floor":18.0,"turns":10.0},{"damage":6.0,"enemies":"Chosen","floor":20.0,"turns":6.0},{"damage":29.0,"enemies":"Snecko","floor":21.0,"turns":5.0},{"damage":3.0,"enemies":"Book of Stabbing","floor":23.0,"turns":5.0},{"damage":8.0,"enemies":"Centurion and Healer","floor":27.0,"turns":6.0},{"damage":20.0,"enemies":"Slavers","floor":28.0,"turns":5.0},{"damage":15.0,"enemies":"Cultist and Chosen","floor":29.0,"turns":8.0},{"damage":48,"enemies":"Book of Stabbing","floor":31,"turns":7}],"seed_played":"226059802112572832","potions_obtained":[{"floor":2.0,"key":"EntropicBrew"},{"floor":3.0,"key":"EssenceOfSteel"},{"floor":10.0,"key":"BottledMiracle"},{"floor":13.0,"key":"SpeedPotion"},{"floor":20.0,"key":"EssenceOfSteel"},{"floor":21.0,"key":"PowerPotion"},{"floor":23.0,"key":"Fruit Juice"},{"floor":28.0,"key":"EssenceOfSteel"}],"is_trial":false,"path_per_floor":["M","M","M","?","$","E","$","R","T","E","M","R","M","M","R","B",null,"M","?","M","M","$","E","R","$","T","M","E","M","?","E"],"character_chosen":"WATCHER","items_purchased":["Happy Flower","BattleHymn","Protect","FearNoEvil","EmptyFist","MentalFortress","Swift Potion","Wireheading"],"campfire_rested":1,"item_purchase_floors":[5,5,7,22,22,22,22,25],"current_hp_per_floor":[65,56,51,51,51,35,35,35,35,29,28,28,27,27,27,21,56,32,32,31,7,7,9,35,35,35,44,41,43,48,0,0],"gold":170,"neow_bonus":"HUNDRED_GOLD","is_daily":false,"chose_seed":false,"campfire_upgraded":3,"win_rate":0.0,"timestamp":1610995043,"path_taken":["M","M","?","?","$","E","?","R","T","E","?","R","M","M","R","BOSS","M","?","M","M","$","E","R","$","T","M","E","M","?","E"],"items_purchased_type":["Relic","Card","Card","Card","Card","Card","Potion","Card"],"build_version":"2020-12-22","purchased_purges":1,"victory":false,"max_hp_per_floor":[72,72,72,67,67,67,67,67,67,67,67,67,67,67,67,67,67,67,67,67,67,67,67,72,72,72,72,72,72,72,72,72],"relic_stats":{"Happy Flower":[28],"Torii":50,"counters":[17,99],"Bloody Idol":35,"Yang":[157],"VioletLotus":[10],"obtain_stats":[{"Girya":26,"Anchor":28,"Happy Flower":5,"Torii":10,"Golden Idol":4,"Bloody Idol":19,"Yang":9,"The Courier":6,"VioletLotus":17,"PureWater":0,"Meat on the Bone":23},{"Girya":13,"Anchor":15,"Happy Flower":3,"Torii":5,"Golden Idol":3,"Bloody Idol":10,"Yang":4,"The Courier":4,"VioletLotus":9,"PureWater":0,"Meat on the Bone":13},{"Girya":73,"Anchor":84,"Happy Flower":15,"Torii":25,"Golden Idol":15,"Bloody Idol":57,"Yang":18,"The Courier":18,"VioletLotus":47,"PureWater":0,"Meat on the Bone":73}],"Meat on the Bone":36},"card_choices":[{"not_picked":["PathToVictory","Indignation"],"picked":"Prostrate","floor":1.0},{"not_picked":["Consecrate","Fasting2"],"picked":"Prostrate","floor":2.0},{"not_picked":["Halt","FlurryOfBlows"],"picked":"SashWhip","floor":3.0},{"not_picked":["SignatureMove","InnerPeace"],"picked":"Wallop","floor":6.0},{"not_picked":["ReachHeaven","BattleHymn"],"picked":"Wallop","floor":10.0},{"not_picked":["Consecrate","WaveOfTheHand"],"picked":"FlurryOfBlows","floor":11.0},{"not_picked":["Wireheading","Weave"],"picked":"WindmillStrike","floor":13.0},{"not_picked":["FlurryOfBlows","PathToVictory"],"picked":"Blasphemy","floor":14.0},{"not_picked":["Omniscience","Devotion"],"picked":"Establishment","floor":16.0},{"not_picked":["Crescendo","Halt"],"picked":"Evaluate","floor":18.0},{"not_picked":["Protect","EmptyMind"],"picked":"CutThroughFate","floor":20.0},{"not_picked":["EmptyFist","JustLucky+1"],"picked":"Study","floor":21.0},{"not_picked":["ThirdEye","Consecrate"],"picked":"WindmillStrike","floor":23.0},{"not_picked":["JustLucky","FollowUp","Weave"],"picked":"SKIP","floor":27.0},{"not_picked":["Evaluate","Vengeance"],"picked":"Indignation+1","floor":28.0},{"not_picked":["Halt","CarveReality"],"picked":"DeceiveReality","floor":29.0}],"player_experience":384078,"relics_obtained":[{"floor":6.0,"key":"The Courier"},{"floor":9.0,"key":"Yang"},{"floor":10.0,"key":"Torii"},{"floor":23.0,"key":"Meat on the Bone"},{"floor":26.0,"key":"Girya"},{"floor":28.0,"key":"Anchor"}],"event_choices":[{"damage_healed":0.0,"max_hp_gain":0.0,"max_hp_loss":5.0,"gold_gain":0.0,"event_name":"Golden Idol","player_choice":"Lose Max HP","floor":4.0,"gold_loss":0.0,"damage_taken":0.0,"relics_obtained":["Golden Idol"]},{"damage_healed":0.0,"max_hp_gain":0.0,"max_hp_loss":0.0,"gold_gain":0.0,"event_name":"Forgotten Altar","player_choice":"Gave Idol","floor":19.0,"relics_lost":["Golden Idol"],"gold_loss":0.0,"damage_taken":0.0,"relics_obtained":["Bloody Idol"]},{"damage_healed":0.0,"max_hp_gain":0.0,"max_hp_loss":0.0,"gold_gain":100.0,"event_name":"Golden Shrine","player_choice":"Pray","floor":30.0,"gold_loss":0.0,"damage_taken":0.0}],"is_beta":false,"boss_relics":[{"not_picked":["HolyWater","SacredBark"],"picked":"VioletLotus"}],"items_purged_floors":[22],"is_endless":false,"potions_floor_spawned":[2,3,10,13,20,21,23,28],"killed_by":"Book of Stabbing","ascension_level":12}}