{"host":"ecaj4hn004xnnrw9","time":1610977727,"event":{"mods":["AchievementEnabler","BaseMod","Better Third Choice","Card Forge","Hermit","Hubris","Infinite Spire","Jorbs\u0027s Wanderer Trilogy","Minty Spire (QoL Compilation)","Quick Restart","Relic Stats","Shop Mod","StSLib","The Construct","The Jungle","The Runesmith"],"gold_per_floor":[119,137,87,102,102,102,102,102,127,156,156,156,168,181,181,277,277,290,301,301,301,326,326,353,313,313,333,346,364,375,389,389,486,486,505,517,532,150,166,200,214,230,230,257,276,276,376,387,387,387,387,387,185,214,214],"floor_reached":56,"language":"ENG","playtime":4717,"items_purged":["Parasite"],"score":1312,"play_id":"6dae025a-b0ed-49d8-9062-b94cceb1ff1a","local_time":"20210118134847","is_ascension_mode":false,"campfire_choices":[{"floor":6,"key":"REST"},{"floor":11,"key":"RECALL"},{"floor":15,"key":"REST"},{"floor":23,"key":"REST"},{"floor":32,"key":"REST"},{"floor":46,"key":"REST"},{"data":"Runesmith:OneForEveryone","floor":46,"key":"SMITH"},{"floor":49,"key":"REST"},{"floor":52,"key":"REST"}],"circlet_count":0,"master_deck":["Runesmith:Defend_RS+1","Runesmith:Defend_RS+1","Runesmith:Defend_RS+1","Runesmith:Defend_RS+1","Runesmith:CraftFirestone+1","Runesmith:Fortify+1","Runesmith:PerfectChisel+1","Runesmith:LithiumIon+1","Runesmith:HammerThrow+1","Runesmith:CraftMagma+1","Runesmith:CraftIncendium+1","Runesmith:BackupBattery+4","Runesmith:Firestorm+1","Runesmith:CraftMedicinae+1","Runesmith:LithiumIon+1","Runesmith:Grindstone+1","Runesmith:Fortify+1","Runesmith:Firestorm+1","Runesmith:Terraform+1","Runesmith:RunicBlueprint+1","Runesmith:Accelerate+1","Runesmith:HammerThrow+1","Runesmith:OneForEveryone+1","Runesmith:GoWithTheFlow+1","infinitespire:NeuralNetwork+1","Runesmith:BackupBattery+4"],"relics":["Runesmith:BrokenRuby","Hammer of Thor","Seething Fire","Anvil of the Gods","MealTicket","hubris:Icosahedron","hubris:Towel","infinitespire:Satchel","Happy Flower","Busted Crown","Thread and Needle","infinitespire:PuzzleCube","Nunchaku","infinitespire:Magic Flask","Sozu","infinitespire:Lucky Rock","hubris:TenFootPole","Pocketwatch","Frozen Egg 2","Bird Faced Urn","OrangePellets","Vajra"],"acts_visited":["Exordium","TheCity","TheBeyond","TheEnding"],"potions_floor_usage":[24,24,25,29,31,39,47,50],"damage_taken":[{"damage":0,"enemies":"Cultist","floor":1,"turns":4},{"damage":0,"enemies":"Small Slimes","floor":2,"turns":4},{"damage":0,"enemies":"2 Louse","floor":4,"turns":2},{"damage":0,"enemies":"Lagavulin","floor":10,"turns":5},{"damage":0,"enemies":"Exordium Thugs","floor":13,"turns":3},{"damage":2,"enemies":"Looter","floor":14,"turns":3},{"damage":0,"enemies":"Slime Boss","floor":16,"turns":6},{"damage":0,"enemies":"3 Byrds","floor":18,"turns":3},{"damage":0,"enemies":"Spheric Guardian","floor":19,"turns":4},{"damage":5,"enemies":"Gremlin Leader","floor":24,"turns":4},{"damage":9,"enemies":"Snecko","floor":25,"turns":6},{"damage":9,"enemies":"Snake Plant","floor":27,"turns":5},{"damage":6,"enemies":"Shelled Parasite and Fungi","floor":28,"turns":3},{"damage":0,"enemies":"Chosen and Byrds","floor":29,"turns":6},{"damage":0,"enemies":"Snecko","floor":30,"turns":4},{"damage":3,"enemies":"3 Cultists","floor":31,"turns":5},{"damage":0,"enemies":"Automaton","floor":33,"turns":6},{"damage":0,"enemies":"Orb Walker","floor":35,"turns":4},{"damage":3,"enemies":"3 Shapes","floor":36,"turns":5},{"damage":0,"enemies":"Writhing Mass","floor":37,"turns":5},{"damage":13,"enemies":"4 Shapes","floor":39,"turns":4},{"damage":0,"enemies":"Nemesis","floor":40,"turns":5},{"damage":0,"enemies":"Transient","floor":41,"turns":5},{"damage":0,"enemies":"Writhing Mass","floor":42,"turns":4},{"damage":65,"enemies":"Reptomancer","floor":44,"turns":5},{"damage":0,"enemies":"Maw","floor":45,"turns":6},{"damage":0,"enemies":"infinitespire:Three Voidlings","floor":47,"turns":4},{"damage":0,"enemies":"Nightmare_Alpha","floor":47,"turns":8},{"damage":5,"enemies":"Sphere and 2 Shapes","floor":48,"turns":4},{"damage":7,"enemies":"infinitespire:MassOfShapes","floor":50,"turns":8},{"damage":15,"enemies":"Shield and Spear","floor":54,"turns":5},{"damage":11,"enemies":"The Heart","floor":55,"turns":8}],"seed_played":"-2125117118351154733","potions_obtained":[{"floor":2,"key":"Fire Potion"},{"floor":16,"key":"Dexterity Potion"},{"floor":24,"key":"SkillPotion"},{"floor":28,"key":"Weak Potion"},{"floor":29,"key":"Swift Potion"},{"floor":30,"key":"Swift Potion"},{"floor":31,"key":"SpeedPotion"}],"is_trial":false,"path_per_floor":["M","M","$","M","?","R","?","?","T","E","R","?","M","M","R","B",null,"M","M","?","?","T","R","E","M","T","M","M","M","M","M","R","B",null,"M","M","M","$","M","E","M","M","T","E","M","R","?","M","R","B",null,"R","$","E","B",null],"character_chosen":"RUNESMITH_CLASS","items_purchased":["PowerPotion","infinitespire:Lucky Rock","hubris:TenFootPole","OrangePellets","Runesmith:BackupBattery"],"campfire_rested":7,"item_purchase_floors":[3,38,38,53,53],"current_hp_per_floor":[70,70,70,70,56,70,70,70,70,70,70,70,70,68,70,70,70,70,70,70,70,70,70,65,56,56,57,51,56,56,65,70,70,70,70,67,70,67,66,67,67,67,67,2,14,34,62,67,67,60,67,67,67,65,64],"gold":214,"neow_bonus":"RANDOM_COMMON_RELIC","is_daily":false,"chose_seed":false,"campfire_upgraded":1,"win_rate":0.0,"timestamp":1610977727,"path_taken":["M","M","$","M","?","R","?","?","T","E","R","?","M","M","R","BOSS","M","M","?","?","?","R","E","M","T","M","M","M","?","M","R","BOSS","M","M","M","$","M","E","M","M","T","E","M","R","?","M","R","BOSS","R","$","E","BOSS"],"items_purchased_type":["Potion","Relic","Relic","Relic","Card"],"build_version":"2020-12-22","purchased_purges":1,"victory":true,"max_hp_per_floor":[70,70,70,70,70,70,70,70,70,70,70,70,70,70,70,70,70,70,70,70,70,70,70,70,70,70,70,70,70,70,70,70,70,70,70,70,70,67,67,67,67,67,67,67,67,67,67,67,67,67,67,67,67,67,67],"relic_stats":{"Sozu":5,"OrangePellets":[5],"Nunchaku":[16],"Busted Crown":128,"Happy Flower":[46],"counters":[32,153],"Bird Faced Urn":[15],"MealTicket":0,"obtain_stats":[{"Runesmith:BrokenRuby":0,"Happy Flower":10,"Vajra":54,"Thread and Needle":21,"Hammer of Thor":0,"Seething Fire":0,"infinitespire:Magic Flask":26,"infinitespire:Lucky Rock":38,"hubris:Towel":8,"Frozen Egg 2":44,"Sozu":34,"OrangePellets":53,"Nunchaku":24,"hubris:Icosahedron":7,"Busted Crown":17,"Anvil of the Gods":0,"Bird Faced Urn":47,"infinitespire:Satchel":9,"MealTicket":0,"hubris:TenFootPole":38,"infinitespire:PuzzleCube":22,"Pocketwatch":40},{"Runesmith:BrokenRuby":0,"Happy Flower":4,"Vajra":31,"Thread and Needle":9,"Hammer of Thor":0,"Seething Fire":0,"infinitespire:Magic Flask":11,"infinitespire:Lucky Rock":20,"hubris:Towel":3,"Frozen Egg 2":25,"Sozu":17,"OrangePellets":30,"Nunchaku":10,"hubris:Icosahedron":3,"Busted Crown":7,"Anvil of the Gods":0,"Bird Faced Urn":28,"infinitespire:Satchel":3,"MealTicket":0,"hubris:TenFootPole":20,"infinitespire:PuzzleCube":9,"Pocketwatch":22},{"Runesmith:BrokenRuby":0,"Happy Flower":15,"Vajra":145,"Thread and Needle":34,"Hammer of Thor":0,"Seething Fire":0,"infinitespire:Magic Flask":44,"infinitespire:Lucky Rock":87,"hubris:Towel":10,"Frozen Egg 2":110,"Sozu":73,"OrangePellets":140,"Nunchaku":38,"hubris:Icosahedron":10,"Busted Crown":27,"Anvil of the Gods":0,"Bird Faced Urn":128,"infinitespire:Satchel":10,"MealTicket":0,"hubris:TenFootPole":87,"infinitespire:PuzzleCube":34,"Pocketwatch":96}],"Pocketwatch":[0]},"card_choices":[{"not_picked":["Runesmith:Empowerment","Runesmith:HeatExchange","Runesmith:MakeshiftArmor"],"picked":"SKIP","floor":1},{"not_picked":["Runesmith:Repurpose","Runesmith:CraftVitae","Runesmith:Permafrost"],"picked":"SKIP","floor":2},{"not_picked":["Runesmith:Prism","Runesmith:ShiftingStrike"],"picked":"Runesmith:RunicBlueprint","floor":4},{"not_picked":["Runesmith:Permafrost","Runesmith:ReplicatingBarrier","Runesmith:DoubleUp"],"picked":"SKIP","floor":10},{"not_picked":["Runesmith:ShiftingStrike","Runesmith:CraftReservo","Runesmith:Retool"],"picked":"SKIP","floor":13},{"not_picked":["Runesmith:NegativeSpace","Runesmith:FieryHammer","Runesmith:CraftProtectio"],"picked":"SKIP","floor":14},{"not_picked":["Runesmith:PoweredAnvil+1"],"picked":"SKIP","floor":18},{"not_picked":["Runesmith:CraftVitae"],"picked":"SKIP","floor":19},{"not_picked":["Runesmith:RuneHurl"],"picked":"SKIP","floor":24},{"not_picked":["Runesmith:MakeshiftArmor"],"picked":"SKIP","floor":25},{"not_picked":["Runesmith:Discharge"],"picked":"SKIP","floor":27},{"not_picked":[],"picked":"Runesmith:HammerThrow+1","floor":28},{"not_picked":["Runesmith:HammerThrow"],"picked":"SKIP","floor":29},{"not_picked":["Runesmith:WhiteBalance"],"picked":"SKIP","floor":30},{"not_picked":["Runesmith:CraftReservo"],"picked":"SKIP","floor":31},{"not_picked":[],"picked":"Runesmith:OneForEveryone","floor":35},{"not_picked":["Runesmith:HammerTime"],"picked":"SKIP","floor":36},{"not_picked":["Runesmith:CraftReservo+1"],"picked":"SKIP","floor":37},{"not_picked":["Runesmith:RuneHurl"],"picked":"SKIP","floor":39},{"not_picked":["Runesmith:Malloc+1"],"picked":"SKIP","floor":40},{"not_picked":["Runesmith:ShiftingStrike"],"picked":"SKIP","floor":41},{"not_picked":["Runesmith:CraftIncendium+1"],"picked":"SKIP","floor":42},{"not_picked":["Runesmith:EnergizedChisel"],"picked":"SKIP","floor":44},{"not_picked":[],"picked":"Runesmith:GoWithTheFlow+1","floor":45},{"not_picked":["infinitespire:FutureSight","infinitespire:Gouge"],"picked":"infinitespire:NeuralNetwork","floor":47},{"not_picked":["Runesmith:HeatExchange"],"picked":"SKIP","floor":48},{"not_picked":["Runesmith:CraftProtectio"],"picked":"SKIP","floor":54}],"player_experience":356426,"relics_obtained":[{"floor":9,"key":"infinitespire:Satchel"},{"floor":10,"key":"Happy Flower"},{"floor":22,"key":"infinitespire:PuzzleCube"},{"floor":24,"key":"Nunchaku"},{"floor":26,"key":"infinitespire:Magic Flask"},{"floor":40,"key":"Pocketwatch"},{"floor":44,"key":"Frozen Egg 2"},{"floor":47,"key":"Bird Faced Urn"},{"floor":54,"key":"Vajra"}],"event_choices":[{"damage_healed":70,"gold_gain":0,"player_choice":"Upgrade","damage_taken":14,"max_hp_gain":0,"max_hp_loss":70,"event_name":"betterThird:BetterShining","floor":5,"gold_loss":0,"cards_upgraded":["Runesmith:RunicBlueprint"]},{"damage_healed":0,"gold_gain":0,"player_choice":"Leave","damage_taken":0,"max_hp_gain":0,"max_hp_loss":0,"event_name":"The Cleric","floor":12,"gold_loss":0},{"damage_healed":0,"gold_gain":0,"player_choice":"Ignored","damage_taken":0,"max_hp_gain":0,"max_hp_loss":0,"event_name":"Vampires","floor":20,"gold_loss":0},{"damage_healed":0,"gold_gain":0,"player_choice":"Opened","damage_taken":0,"relics_obtained":["Thread and Needle"],"max_hp_gain":0,"max_hp_loss":0,"event_name":"The Mausoleum","floor":21,"gold_loss":0}],"is_beta":false,"boss_relics":[{"not_picked":["Ectoplasm","hubris:GrandSneckoEye"],"picked":"Busted Crown"},{"not_picked":["Runesmith:PocketReactor","Empty Cage"],"picked":"Sozu"}],"items_purged_floors":[38],"is_endless":false,"potions_floor_spawned":[2,16,24,28,29,30,31,33,35,36,37,40,47,54],"ascension_level":0}}