{"host":"792mtbovsoa03nb3","time":1610939650,"event":{"mods":["BaseMod","Conspire","Curses Come First","Dota2Spire","Halation","Hubris","Infinite Spire","Minty Spire (QoL Compilation)","Replay The Spire","StS++","StSLib"],"gold_per_floor":[112,125,125,142,159,159,175,175,202,212,98,130,148,80,80,182,182,202,47,47,57,57,57,75,75,102,2,33,33,33,33],"floor_reached":30,"language":"ENG","playtime":831,"items_purged":["Bash"],"score":300,"play_id":"28e320fa-253f-4c74-baea-4d42def38d03","local_time":"20210117191410","is_ascension_mode":false,"campfire_choices":[{"data":"Flex","floor":6,"key":"SMITH"},{"data":"Dark Embrace","floor":15,"key":"SMITH"},{"data":"Demon Form","floor":23,"key":"SMITH"},{"data":"Demon Form","floor":25,"key":"SMITH"}],"circlet_count":0,"master_deck":["conspire:GhostlyStrike","conspire:GhostlyStrike","conspire:GhostlyStrike","conspire:GhostlyStrike","conspire:GhostlyStrike","conspire:GhostlyDefend","conspire:GhostlyDefend","conspire:GhostlyDefend","conspire:GhostlyDefend","Pommel Strike","Flex+1","Whirlwind","Dropkick","Dark Embrace+1","Pummel","ReplayTheSpireMod:Muscle Training","Metallicize","Demon Form+1","Iron Wave","Uppercut","Demon Form+1","Defy Death","Sever Soul","Shrug It Off","Thunderclap+1","True Grit","ReplayTheSpireMod:Limb From Limb"],"relics":["Burning Blood","Du-Vu Doll","Replay:Baseball","Smiling Mask","infinitespire:Burning Sword","Oddly Smooth Stone","Dota2Spire:Vanguard","SsserpentHead"],"acts_visited":["Exordium","TheCity"],"potions_floor_usage":[12,16,28,28],"damage_taken":[{"damage":5,"enemies":"Cultist","floor":1,"turns":4},{"damage":6,"enemies":"Jaw Worm","floor":2,"turns":3},{"damage":5,"enemies":"2 Louse","floor":4,"turns":3},{"damage":21,"enemies":"Red Slaver","floor":5,"turns":5},{"damage":13,"enemies":"Large Slime","floor":7,"turns":5},{"damage":14,"enemies":"3 Louse","floor":10,"turns":3},{"damage":28,"enemies":"3 Sentries","floor":12,"turns":7},{"damage":7,"enemies":"Red Slaver","floor":13,"turns":3},{"damage":31,"enemies":"The Guardian","floor":16,"turns":9},{"damage":27,"enemies":"Chosen","floor":18,"turns":5},{"damage":26,"enemies":"Shell Parasite","floor":21,"turns":4},{"damage":18,"enemies":"Chosen and Byrds","floor":24,"turns":7},{"damage":19,"enemies":"Replay:Snechameleon","floor":28,"turns":4},{"damage":24,"enemies":"Snake Plant","floor":30,"turns":2}],"seed_played":"-1364167372605105073","potions_obtained":[{"floor":5,"key":"Energy Potion"},{"floor":10,"key":"Weak Potion"},{"floor":16,"key":"Strength Potion"},{"floor":21,"key":"Toxic Potion"},{"floor":28,"key":"DistilledChaos"}],"is_trial":false,"path_per_floor":["M","M","?","M","M","R","M","T","T","M","$","E","M","$","R","B",null,"M","$","?","M","?","R","M","R","T","$","E","?","M"],"character_chosen":"IRONCLAD","items_purchased":["ReplayTheSpireMod:Muscle Training","Metallicize","Uppercut","Oddly Smooth Stone","True Grit"],"campfire_rested":0,"item_purchase_floors":[11,11,14,19,27],"current_hp_per_floor":[88,88,88,88,73,73,66,66,66,58,58,36,35,35,35,10,88,67,67,67,47,47,47,35,35,35,35,22,22,0,0],"gold":33,"neow_bonus":"TEN_PERCENT_HP_BONUS","is_daily":false,"chose_seed":false,"campfire_upgraded":4,"win_rate":0.0,"timestamp":1610939650,"path_taken":["M","?","?","M","M","R","M","?","T","M","$","E","M","$","R","BOSS","M","$","?","M","?","R","M","R","T","$","E","?","M"],"items_purchased_type":["Card","Card","Card","Relic","Card"],"build_version":"2020-12-22","purchased_purges":1,"victory":false,"max_hp_per_floor":[88,88,88,88,88,88,88,88,88,88,88,88,88,88,88,88,88,88,88,88,88,88,88,88,88,88,88,88,88,88,88],"card_choices":[{"not_picked":["Headbutt","StSpp:Sprint"],"picked":"Pommel Strike","floor":1},{"not_picked":["Wild Strike","ReplayTheSpireMod:Strike From Hell"],"picked":"Flex","floor":2},{"not_picked":["StSpp:Sprint","Perfected Strike"],"picked":"Whirlwind","floor":4},{"not_picked":["StSpp:TheBiggerTheyAre","Sword Boomerang"],"picked":"Dropkick","floor":5},{"not_picked":["Shrug It Off","StSpp:Succumb"],"picked":"Dark Embrace","floor":7},{"not_picked":["Perfected Strike","Headbutt"],"picked":"Pummel","floor":10},{"not_picked":["Havoc","ReplayTheSpireMod:Strike From Hell"],"picked":"Demon Form","floor":12},{"not_picked":["ReplayTheSpireMod:Strike From Hell","Armaments"],"picked":"Iron Wave","floor":13},{"not_picked":["Reaper","StSpp:BladeOfBlood"],"picked":"Demon Form","floor":16},{"not_picked":["StSpp:MuscleMemory","Spot Weakness"],"picked":"Defy Death","floor":18},{"not_picked":["Thunderclap","Anger"],"picked":"Shrug It Off","floor":21},{"not_picked":["StSpp:Vengeance+1","Body Slam"],"picked":"Thunderclap+1","floor":24},{"not_picked":["Shrug It Off","ReplayTheSpireMod:LeadingStrike+1"],"picked":"ReplayTheSpireMod:Limb From Limb","floor":28}],"player_experience":909333,"relics_obtained":[{"floor":8,"key":"Du-Vu Doll"},{"floor":9,"key":"Replay:Baseball"},{"floor":12,"key":"Smiling Mask"},{"floor":28,"key":"Dota2Spire:Vanguard"}],"event_choices":[{"damage_healed":0,"gold_gain":0,"player_choice":"Agree","damage_taken":0,"max_hp_gain":0,"max_hp_loss":0,"event_name":"conspire:LoneGhost","floor":3,"gold_loss":0},{"damage_healed":0,"gold_gain":0,"player_choice":"Read","damage_taken":0,"max_hp_gain":0,"max_hp_loss":0,"event_name":"The Library","floor":20,"gold_loss":0,"cards_obtained":["Sever Soul"]},{"damage_healed":0,"gold_gain":0,"player_choice":"Leave","damage_taken":0,"max_hp_gain":0,"max_hp_loss":0,"event_name":"conspire:Investor","floor":22,"gold_loss":0},{"damage_healed":0,"gold_gain":0,"player_choice":"Trade","damage_taken":0,"relics_obtained":["SsserpentHead"],"max_hp_gain":0,"max_hp_loss":0,"event_name":"FaceTrader","floor":29,"gold_loss":0}],"is_beta":false,"boss_relics":[{"not_picked":["halation:PinkAlligatorPlush","hubris:Stopwatch"],"picked":"infinitespire:Burning Sword"}],"items_purged_floors":[27],"is_endless":false,"potions_floor_spawned":[5,10,16,21,28],"killed_by":"Snake Plant","ascension_level":0}}