{"host":"ky7z67tg8zpdk0g7","time":1610947945,"event":{"mods":["2.2 Compatiblity","BaseMod","Better Third Choice","CapriCore","Displayed Cursed Tome","Energized Spire","Halation","Hubris","Minty Spire (QoL Compilation)","Replay The Spire","Shade Mod","Shop Mod","StSLib","The Animator"],"gold_per_floor":[127,127,127,148,148,201,201,237,237,237,278,291,334,349,349,479,479,503,503,428,98,121,154,154,187,213,248,248,261,277,477,477,596,596,611,80,98,195,195,195,195,195,222,236,111,132,132,132],"floor_reached":47,"language":"RUS","playtime":3149,"items_purged":["animator:Strike","animator:Strike","animator:Millim"],"score":662,"play_id":"a7434c8e-03ed-4985-97a4-0eb68cbccb60","local_time":"20210118123225","is_ascension_mode":true,"campfire_choices":[{"data":"animator:MetalKnight","floor":7,"key":"SMITH"},{"data":"animator:ElricAlphonse","floor":10,"key":"SMITH"},{"data":"animator:Boros","floor":15,"key":"SMITH"},{"floor":24,"key":"REST"},{"data":"animator:Archer","floor":28,"key":"SMITH"},{"floor":32,"key":"REST"},{"data":"animator:HigakiRinne","floor":40,"key":"SMITH"},{"floor":42,"key":"RECALL"}],"circlet_count":0,"master_deck":["animator:Strike_FullmetalAlchemist+1","animator:Defend_FullmetalAlchemist","animator:Defend","animator:Defend","animator:ElricEdward","animator:ElricAlphonse+1","animator:Rimuru","animator:MetalKnight+1","animator:RoryMercury","animator:SayakaMiki","animator:RoyMustang+1","animator:Boros+1","animator:Kaijin","animator:Gluttony","animator:HigakiRinne+1","animator:Lancer+1","animator:Archer+1","animator:Patchouli","animator:IrohaTamaki","animator:Shichika","animator:WinryRockbell+1","animator:Berserker+1","animator:Gluttony+1","animator:UneriGinkaku+1","animator:Envy","animator:MetalKnight","ReplayTheSpireMod:Splinters","animator:Melzalgald+1"],"relics":["animator:LivingPicture","animator:TheMissingPiece","Golden Idol","Ring of Searing","ReplayTheSpireMod:Ring of Addiction","White Beast Statue","hubris:EmptyBottle","Spirit Poop","Happy Flower","MealTicket","Orichalcum","animator:HallowedScabbard","halation:Prosthetics","hubris:Towel","Whetstone","Potion Belt","Lantern","halation:SmartPhone","halation:Diary","Darkstone Periapt","ReplayTheSpireMod:Lightbulb"],"acts_visited":["Exordium","TheCity","TheBeyond"],"potions_floor_usage":[4,4,6,6,11,11,12,12,13,13,14,16,16,18,23,23,25,25,27,27,27,27,27,29,29,30,30,30,30,30,30,30,30,30,33,33,33,33,33,35,35,44,46,46,46,47],"damage_taken":[{"damage":1,"enemies":"Jaw Worm","floor":1,"turns":4},{"damage":0,"enemies":"2 Louse","floor":4,"turns":1},{"damage":24,"enemies":"Gremlin Nob","floor":6,"turns":4},{"damage":0,"enemies":"Cultist","floor":8,"turns":4},{"damage":0,"enemies":"Replay:BlueRogue","floor":11,"turns":4},{"damage":1,"enemies":"2 Fungi Beasts","floor":12,"turns":3},{"damage":0,"enemies":"3 Sentries","floor":13,"turns":3},{"damage":0,"enemies":"Exordium Wildlife","floor":14,"turns":2},{"damage":5,"enemies":"Fading Forest","floor":16,"turns":11},{"damage":18,"enemies":"Shell Parasite","floor":18,"turns":7},{"damage":21,"enemies":"3 Byrds","floor":22,"turns":4},{"damage":1,"enemies":"animator:HornedBat","floor":23,"turns":6},{"damage":0,"enemies":"Snake Plant","floor":25,"turns":1},{"damage":4,"enemies":"Replay:Snechameleon","floor":27,"turns":4},{"damage":0,"enemies":"Centurion and Healer","floor":29,"turns":3},{"damage":6,"enemies":"Shelled Parasite and Fungi","floor":30,"turns":2},{"damage":6,"enemies":"hubris:MusketHawk","floor":33,"turns":6},{"damage":7,"enemies":"3 Darklings","floor":35,"turns":3},{"damage":15,"enemies":"Orb Walker","floor":37,"turns":3},{"damage":0,"enemies":"Transient","floor":44,"turns":5},{"damage":14,"enemies":"3 Darklings","floor":46,"turns":5},{"damage":26,"enemies":"Nemesis","floor":47,"turns":2}],"seed_played":"7401177921845688158","potions_obtained":[{"floor":1,"key":"AttackPotion"},{"floor":3,"key":"Adrenaline Potion"},{"floor":3,"key":"Explosive Potion"},{"floor":4,"key":"animator:GrowthPotion"},{"floor":6,"key":"Languid Potion"},{"floor":11,"key":"Swift Potion"},{"floor":12,"key":"Strength Potion"},{"floor":13,"key":"LiquidMemories"},{"floor":16,"key":"Ancient Potion"},{"floor":18,"key":"Cursed Concoction"},{"floor":22,"key":"EntropicBrew"},{"floor":23,"key":"SteroidPotion"},{"floor":25,"key":"Fire Potion"},{"floor":27,"key":"Venom Potion"},{"floor":29,"key":"Explosive Potion"},{"floor":30,"key":"LifebloodPotion"},{"floor":33,"key":"FearPotion"},{"floor":35,"key":"Swift Potion"},{"floor":37,"key":"Elixir"},{"floor":38,"key":"Fire Potion"},{"floor":44,"key":"LifebloodPotion"},{"floor":46,"key":"LiquidBronze"}],"is_trial":false,"path_per_floor":["M","?","?","M","?","E","R","M","T","R","E","M","E","M","R","B",null,"M","?","?","$","M","E","R","M","T","E","R","M","M","?","R","B",null,"M","$","M","?","?","R","?","R","T","M","$","M","E"],"character_chosen":"THE_ANIMATOR","items_purchased":["animator:Archer","animator:Patchouli","halation:Diary","animator:MetalKnight","Darkstone Periapt"],"campfire_rested":2,"item_purchase_floors":[21,21,36,36,36],"current_hp_per_floor":[65,49,49,49,49,25,25,25,25,25,26,25,28,29,29,44,31,22,22,22,31,9,8,17,17,17,13,13,13,7,7,16,15,31,24,28,13,13,16,16,16,16,16,19,34,24,0,0],"gold":132,"neow_bonus":"ONE_RANDOM_RARE_CARD","is_daily":false,"chose_seed":false,"campfire_upgraded":5,"win_rate":0.0,"timestamp":1610947945,"path_taken":["M","?","?","M","?","E","R","M","T","R","E","M","E","?","R","BOSS","M","?","?","?","M","E","R","M","T","E","R","M","?","?","R","BOSS","M","$","?","?","?","R","?","R","T","?","$","M","E"],"items_purchased_type":["Card","Card","Relic","Card","Relic"],"build_version":"2020-12-22","purchased_purges":3,"victory":false,"max_hp_per_floor":[66,66,66,66,66,66,66,66,66,64,65,65,65,66,66,66,31,31,31,31,31,30,30,30,30,30,30,30,30,30,30,30,31,31,31,31,31,37,38,38,38,36,36,36,36,36,36,36],"card_choices":[{"not_picked":["animator:Gluttony","animator:Shuna"],"picked":"animator:MetalKnight","floor":1},{"not_picked":["animator:Kuribayashi","animator:TsurugaMeisai"],"picked":"animator:RoryMercury","floor":4},{"not_picked":["animator:GazelDwargon","animator:Souei"],"picked":"animator:SayakaMiki","floor":6},{"not_picked":["animator:Pride","animator:ElricEdward"],"picked":"animator:RoyMustang","floor":8},{"not_picked":["animator:KyokoSakura","animator:ElricEdward"],"picked":"animator:Boros","floor":11},{"not_picked":["animator:TsurugaMeisai","animator:ElricEdward"],"picked":"animator:Millim","floor":12},{"not_picked":["animator:Konayuki","animator:Sonic"],"picked":"animator:Kaijin","floor":13},{"not_picked":["animator:ElricEdward","animator:MaesHughes"],"picked":"animator:Gluttony","floor":14},{"not_picked":["animator:Rimuru","animator:Saitama"],"picked":"animator:HigakiRinne","floor":16},{"not_picked":["animator:ShinjiMatou","animator:Shuna"],"picked":"animator:Lancer+1","floor":18},{"not_picked":["animator:Assassin+1","animator:Kaijin"],"picked":"animator:IrohaTamaki","floor":22},{"not_picked":["animator:Togame","animator:ElricAlphonse"],"picked":"animator:Shichika","floor":23},{"not_picked":["animator:OrikoMikuni","animator:Souei"],"picked":"animator:WinryRockbell+1","floor":25},{"not_picked":["animator:Hakurou","animator:YachiyoNanami"],"picked":"animator:Berserker+1","floor":27},{"not_picked":["animator:Shichika","animator:Illya"],"picked":"animator:Gluttony+1","floor":29},{"not_picked":["animator:Alexander","animator:Shuna"],"picked":"animator:UneriGinkaku+1","floor":30},{"not_picked":["animator:Greed","animator:Shizu"],"picked":"animator:Envy","floor":33},{"not_picked":["animator:Hitei","animator:ZankiKiguchi+1","animator:Illya+1"],"picked":"SKIP","floor":35},{"not_picked":["animator:Vesta","animator:RinTohsaka","animator:Kaijin"],"picked":"SKIP","floor":37},{"not_picked":["animator:Assassin+1","animator:Lancer"],"picked":"animator:Melzalgald+1","floor":38},{"not_picked":["animator:Assassin","animator:YuiTsuruno","animator:Rider"],"picked":"SKIP","floor":44},{"not_picked":["animator:ElricEdward","animator:MamiTomoe+1","animator:Konayuki"],"picked":"SKIP","floor":46}],"player_experience":84833,"relics_obtained":[{"floor":3,"key":"Ring of Searing"},{"floor":3,"key":"ReplayTheSpireMod:Ring of Addiction"},{"floor":3,"key":"White Beast Statue"},{"floor":3,"key":"hubris:EmptyBottle"},{"floor":6,"key":"Happy Flower"},{"floor":9,"key":"MealTicket"},{"floor":11,"key":"Orichalcum"},{"floor":13,"key":"animator:HallowedScabbard"},{"floor":23,"key":"Whetstone"},{"floor":26,"key":"Potion Belt"},{"floor":27,"key":"Lantern"},{"floor":38,"key":"ReplayTheSpireMod:Lightbulb"}],"event_choices":[{"damage_healed":0,"gold_gain":0,"player_choice":"Take Damage","damage_taken":16,"relics_obtained":["Golden Idol"],"max_hp_gain":0,"max_hp_loss":0,"event_name":"Golden Idol","floor":2,"gold_loss":0},{"cards_removed":["Voices"],"damage_healed":0,"gold_gain":0,"player_choice":"Offered Curse","damage_taken":0,"relics_obtained":["Spirit Poop"],"max_hp_gain":0,"max_hp_loss":0,"event_name":"Bonfire Elementals","floor":5,"gold_loss":0},{"cards_removed":["animator:Strike"],"damage_healed":0,"gold_gain":0,"player_choice":"Gave Gold","damage_taken":0,"max_hp_gain":0,"max_hp_loss":0,"event_name":"Beggar","floor":20,"gold_loss":75},{"damage_healed":0,"gold_gain":250,"player_choice":"Bet on Owner","damage_taken":0,"max_hp_gain":0,"max_hp_loss":0,"event_name":"The Joust","floor":31,"gold_loss":50},{"cards_removed":["animator:Defend"],"damage_healed":0,"gold_gain":0,"player_choice":"Removed Skill","damage_taken":0,"max_hp_gain":0,"max_hp_loss":0,"event_name":"Falling","floor":41,"gold_loss":0}],"is_beta":false,"boss_relics":[{"not_picked":["hubris:CrackedHourglass","Replay:Drink Me"],"picked":"halation:Prosthetics"},{"not_picked":["Velvet Choker","Cursed Key"],"picked":"halation:SmartPhone"}],"items_purged_floors":[21,36,45],"is_endless":false,"potions_floor_spawned":[1,4,6,8,11,12,13,14,16,18,22,23,25,27,29,30,33,35,37,44,46],"killed_by":"Nemesis","ascension_level":1}}