{"host":"6cj3htw7joci8on3","time":1610965157,"event":{"mods":["BaseMod","Better-Laid Plans","Downfall","Minty Spire (QoL Compilation)","Quick Restart","Relic Stats","Spicy Shops","StSLib"],"gold_per_floor":[99,109,129,145,145,145,196,210,210,236,254,239,259,184,204,204,204,204],"floor_reached":16,"language":"ZHS","playtime":1217,"items_purged":[],"score":154,"play_id":"1ca48c35-cb8e-484f-9cd9-c80694fdf8be","local_time":"20210118181917","is_ascension_mode":false,"campfire_choices":[{"data":"Slimebound:MassFeed","floor":1.0,"key":"SMITH"}],"circlet_count":0,"master_deck":["Slimebound:Strike_Slimebound","Slimebound:Strike_Slimebound","Slimebound:Tackle","Slimebound:Defend_Slimebound","Slimebound:Defend_Slimebound","Slimebound:Defend_Slimebound","Slimebound:Defend_Slimebound","Slimebound:Split","Slimebound:CorrosiveSpit","Slimebound:MassFeed+1","Slimebound:RainOfGoop","Slimebound:Schlurp","Slimebound:AcidTongue","Regret","Slimebound:LeechingTouch","Slimebound:MegaLick","Slimebound:LivingWall","Slimebound:SplitAcid"],"relics":["Slimebound:AbsorbEndCombat","downfall:BrokenWingStatue","Kunai","Nunchaku","Matryoshka","Slimebound:GreedOozeRelic"],"acts_visited":["Exordium"],"potions_floor_usage":[16,16],"damage_taken":[{"damage":9.0,"enemies":"Small Slimes","floor":2.0,"turns":5.0},{"damage":6.0,"enemies":"Jaw Worm","floor":3.0,"turns":3.0},{"damage":2.0,"enemies":"2 Louse","floor":4.0,"turns":5.0},{"damage":27.0,"enemies":"Gremlin Gang","floor":8.0,"turns":5.0},{"damage":57.0,"enemies":"3 Sentries","floor":10.0,"turns":7.0},{"damage":2.0,"enemies":"3 Louse","floor":11.0,"turns":2.0},{"damage":2.0,"enemies":"downfall:FleeingMerchant","floor":12.0,"turns":4.0},{"damage":10.0,"enemies":"Exordium Thugs","floor":13.0,"turns":4.0},{"damage":1.0,"enemies":"Lots of Slimes","floor":15.0,"turns":2.0},{"damage":38,"enemies":"DF_ARCHETYPE_STREAMLINE","floor":16,"turns":12}],"seed_played":"4881960500794552751","potions_obtained":[{"floor":4.0,"key":"DuplicationPotion"},{"floor":11.0,"key":"SneckoOil"},{"floor":13.0,"key":"Guardian:BlockOnCardUsePotion"},{"floor":15.0,"key":"SneckoOil"}],"is_trial":false,"path_per_floor":["R","M","M","M","?","?","T","M","?","E","M","$","M","?","M","B"],"character_chosen":"SLIMEBOUND","items_purchased":[],"campfire_rested":0,"item_purchase_floors":[],"current_hp_per_floor":[59,59,59,67,67,67,67,57,57,8,16,17,14,14,36,1,1,1],"gold":204,"neow_bonus":"THREE_RARE_CARDS","is_daily":false,"chose_seed":false,"campfire_upgraded":1,"win_rate":0.0,"timestamp":1610965157,"path_taken":["R","M","M","M","?","?","T","M","?","E","M","$","M","?","M","BOSS"],"items_purchased_type":[],"build_version":"2020-12-22","purchased_purges":0,"victory":false,"max_hp_per_floor":[59,67,71,79,79,79,79,91,91,95,103,103,107,107,127,127,127,127],"relic_stats":{"Nunchaku":[2],"counters":[10,49],"Kunai":[0],"obtain_stats":[{"Slimebound:GreedOozeRelic":14,"Nunchaku":7,"downfall:BrokenWingStatue":5,"Matryoshka":10,"Slimebound:AbsorbEndCombat":0,"Kunai":6},{"Slimebound:GreedOozeRelic":8,"Nunchaku":3,"downfall:BrokenWingStatue":3,"Matryoshka":5,"Slimebound:AbsorbEndCombat":0,"Kunai":3},{"Slimebound:GreedOozeRelic":35,"Nunchaku":13,"downfall:BrokenWingStatue":13,"Matryoshka":25,"Slimebound:AbsorbEndCombat":0,"Kunai":13}]},"card_choices":[{"not_picked":["Slimebound:SelfFormingGoo","Slimebound:SlimeSlap"],"picked":"Slimebound:MassFeed","floor":0.0},{"not_picked":["Slimebound:GrowthPunch","Slimebound:SpikyOuterGoop"],"picked":"Slimebound:RainOfGoop","floor":2.0},{"not_picked":["Slimebound:GrowthPunch","Slimebound:SplitMire"],"picked":"Slimebound:Schlurp","floor":3.0},{"not_picked":["Slimebound:SplitMire","Slimebound:SplitBruiser"],"picked":"Slimebound:AcidTongue","floor":4.0},{"not_picked":["Slimebound:LivingWall","Slimebound:ServeAndProtect"],"picked":"Slimebound:LeechingTouch","floor":8.0},{"not_picked":["Slimebound:SplitLeeching","Slimebound:RollThrough"],"picked":"Slimebound:MegaLick","floor":10.0},{"not_picked":["Slimebound:RollThrough","Slimebound:SplitAcid","Slimebound:FlameTackle"],"picked":"SKIP","floor":11.0},{"not_picked":["Slimebound:LivingWall","Slimebound:Replication","Slimebound:BestDefense"],"picked":"SKIP","floor":12.0},{"not_picked":["Slimebound:LivingWall","Slimebound:Replication","Slimebound:BestDefense"],"picked":"SKIP","floor":12.0},{"not_picked":["Slimebound:Replication","Slimebound:BestDefense"],"picked":"Slimebound:LivingWall","floor":12.0},{"not_picked":["Slimebound:FlameTackle","Slimebound:FinishingTackle","Slimebound:DivideAndConquer"],"picked":"SKIP","floor":13.0},{"not_picked":["Slimebound:SlimeTap","Slimebound:SamplingLick"],"picked":"Slimebound:SplitAcid","floor":15.0}],"player_experience":154003,"relics_obtained":[{"floor":7.0,"key":"Nunchaku"},{"floor":10.0,"key":"Matryoshka"}],"event_choices":[{"damage_healed":0.0,"max_hp_gain":0.0,"max_hp_loss":0.0,"gold_gain":0.0,"event_name":"Big Fish","player_choice":"Box","floor":6.0,"gold_loss":0.0,"damage_taken":0.0,"relics_obtained":["Kunai"],"cards_obtained":["Regret"]},{"cards_removed":["Slimebound:Strike_Slimebound"],"damage_healed":0.0,"max_hp_gain":0.0,"max_hp_loss":0.0,"gold_gain":0.0,"event_name":"The Cleric","player_choice":"Card Removal","floor":9.0,"gold_loss":0.0,"damage_taken":0.0}],"is_beta":false,"boss_relics":[],"items_purged_floors":[],"is_endless":false,"potions_floor_spawned":[4,11,13,15],"killed_by":"DF_ARCHETYPE_STREAMLINE","ascension_level":0}}