{"host":"hhnl3ciqs3ht0ep9","time":1610998246,"event":{"mods":["AchievementEnabler","BaseMod","Colored Map","Keyboard Shortcuts","Minty Spire (QoL Compilation)","StSLib","SuperFastMode"],"gold_per_floor":[117,192,207,221,221,221,250,250,250,263,263,114,130,148,148,148,148],"floor_reached":16,"language":"KOR","playtime":316,"items_purged":["Strike_R"],"score":204,"play_id":"ca842f92-1d46-42a6-b323-f9f0bf87e114","local_time":"20210119043046","is_ascension_mode":true,"campfire_choices":[{"data":"Armaments","floor":6.0,"key":"SMITH"},{"data":"Bash","floor":11.0,"key":"SMITH"},{"data":"Blood for Blood","floor":15,"key":"SMITH"}],"circlet_count":0,"master_deck":["AscendersBane","Strike_R","Strike_R","Strike_R","Defend_R","Defend_R","Defend_R","Defend_R","Bash+1","Flame Barrier","Wild Strike","Armaments+1","Intimidate","Seeing Red","Fire Breathing","Blood for Blood+1","Evolve"],"relics":["Burning Blood","Unceasing Top","Blue Candle","Meat on the Bone"],"acts_visited":["Exordium"],"potions_floor_usage":[],"damage_taken":[{"damage":2.0,"enemies":"Cultist","floor":1.0,"turns":4.0},{"damage":2.0,"enemies":"2 Louse","floor":3.0,"turns":3.0},{"damage":0.0,"enemies":"Jaw Worm","floor":4.0,"turns":3.0},{"damage":41.0,"enemies":"3 Sentries","floor":7.0,"turns":14.0},{"damage":8.0,"enemies":"Looter","floor":10.0,"turns":3.0},{"damage":25.0,"enemies":"Gremlin Gang","floor":13.0,"turns":6.0},{"damage":15,"enemies":"Exordium Wildlife","floor":14,"turns":6},{"damage":24,"enemies":"Hexaghost","floor":16,"turns":5}],"seed_played":"-7066388381756694362","potions_obtained":[{"floor":10.0,"key":"DistilledChaos"},{"floor":13.0,"key":"GamblersBrew"},{"floor":14,"key":"Weak Potion"}],"is_trial":false,"path_per_floor":["M","?","M","M","?","R","E","?","T","M","R","$","M","M","R","B"],"character_chosen":"IRONCLAD","items_purchased":["Fire Breathing"],"campfire_rested":0,"item_purchase_floors":[12],"current_hp_per_floor":[54,43,47,53,53,53,18,18,18,28,28,28,21,24,24,0,0],"gold":148,"neow_bonus":"ONE_RARE_RELIC","is_daily":false,"chose_seed":false,"campfire_upgraded":3,"win_rate":0.0,"timestamp":1610998246,"path_taken":["M","?","M","M","?","R","E","?","T","M","R","$","M","M","R","BOSS"],"items_purchased_type":["Card"],"build_version":"2020-12-22","purchased_purges":1,"victory":false,"max_hp_per_floor":[75,75,75,75,75,75,75,75,75,75,75,75,75,75,75,75,75],"card_choices":[{"not_picked":["Body Slam","Thunderclap"],"picked":"Flame Barrier","floor":1.0},{"not_picked":["Armaments","Metallicize"],"picked":"Wild Strike","floor":3.0},{"not_picked":["Sentinel","Clash","Anger"],"picked":"SKIP","floor":4.0},{"not_picked":["Thunderclap","Reaper"],"picked":"Intimidate","floor":7.0},{"not_picked":["Sword Boomerang","Clash"],"picked":"Seeing Red","floor":10.0},{"not_picked":["Cleave","Perfected Strike"],"picked":"Blood for Blood","floor":13.0},{"not_picked":["True Grit","Combust","Evolve"],"picked":"SKIP","floor":14},{"not_picked":["True Grit","Combust"],"picked":"Evolve","floor":14}],"player_experience":707019,"relics_obtained":[{"floor":7.0,"key":"Blue Candle"}],"event_choices":[{"damage_healed":0.0,"max_hp_gain":0.0,"max_hp_loss":0.0,"gold_gain":75.0,"event_name":"World of Goop","player_choice":"Gather Gold","floor":2.0,"gold_loss":0.0,"damage_taken":11.0},{"damage_healed":0.0,"max_hp_gain":0.0,"max_hp_loss":0.0,"gold_gain":0.0,"cards_transformed":["Strike_R"],"event_name":"Living Wall","player_choice":"Change","floor":5.0,"gold_loss":0.0,"damage_taken":0.0,"cards_obtained":["Armaments"]},{"damage_healed":0.0,"max_hp_gain":0.0,"max_hp_loss":0.0,"gold_gain":0.0,"event_name":"Shining Light","player_choice":"Ignored","floor":8.0,"gold_loss":0.0,"damage_taken":0.0}],"is_beta":false,"boss_relics":[],"items_purged_floors":[12],"is_endless":false,"potions_floor_spawned":[10,13,14],"killed_by":"Hexaghost","ascension_level":20}}