{"host":"l60rmjjsfi0fipmi","time":1610988410,"event":{"mods":["BaseMod","Colored Map","DeckTracker","Highlight Path","Minty Spire (QoL Compilation)","StSLib","The Cursed","The Servant 0.9.4"],"gold_per_floor":[118,134,134,98,48,48,82,82,109,126,46,221,256,273,273,376,376,390,400,325,341,341,341],"floor_reached":22,"language":"ENG","playtime":1024,"items_purged":["Strike_G"],"score":233,"play_id":"bc722747-67be-4904-b2ea-ad7419d0cce9","local_time":"20210118114650","is_ascension_mode":true,"campfire_choices":[{"floor":6,"key":"RECALL"},{"floor":15,"key":"REST"}],"circlet_count":0,"master_deck":["Strike_G","Strike_G","Strike_G","Defend_G","Defend_G","Defend_G","Defend_G","Defend_G","Survivor","Neutralize","Dash","Crippling Poison","Parasite","Backstab","Noxious Fumes","Doubt","Bouncing Flask","CurseOfTheBell","Deflect+1","Noxious Fumes"],"relics":["Fusion Hammer","Art of War","Toy Ornithopter","Anchor","Calling Bell","Orichalcum","Paper Crane","Bird Faced Urn"],"acts_visited":["Exordium","TheCity"],"potions_floor_usage":[16,21],"damage_taken":[{"damage":0,"enemies":"2 Louse","floor":1,"turns":3},{"damage":0,"enemies":"Small Slimes","floor":2,"turns":3},{"damage":17,"enemies":"Gremlin Nob","floor":7,"turns":5},{"damage":2,"enemies":"Jaw Worm","floor":10,"turns":4},{"damage":6,"enemies":"3 Sentries","floor":13,"turns":7},{"damage":0,"enemies":"Looter","floor":14,"turns":4},{"damage":27,"enemies":"The Guardian","floor":16,"turns":10},{"damage":15,"enemies":"Shell Parasite","floor":18,"turns":7},{"damage":15,"enemies":"3 Byrds","floor":19,"turns":6},{"damage":17,"enemies":"Snecko","floor":21,"turns":6},{"damage":46,"enemies":"3 Cultists","floor":22,"turns":6}],"seed_played":"6499967184874348984","potions_obtained":[{"floor":2,"key":"LiquidBronze"},{"floor":10,"key":"Weak Potion"},{"floor":16,"key":"Ancient Potion"},{"floor":18,"key":"Poison Potion"},{"floor":21,"key":"PowerPotion"}],"is_trial":false,"path_per_floor":["M","M","?","$","?","R","E","?","T","M","$","?","E","M","R","B",null,"M","M","$","M","M"],"character_chosen":"THE_SILENT","items_purchased":["Crippling Poison","Noxious Fumes"],"campfire_rested":1,"item_purchase_floors":[4,11],"current_hp_per_floor":[70,70,75,75,75,75,58,75,75,73,73,73,67,67,75,48,75,62,49,49,39,0,0],"gold":341,"neow_bonus":"BOSS_RELIC","is_daily":false,"chose_seed":false,"campfire_upgraded":0,"win_rate":0.0,"timestamp":1610988410,"path_taken":["M","M","?","$","?","R","E","?","T","?","$","?","E","M","R","BOSS","M","M","$","M","M"],"items_purchased_type":["Card","Card"],"build_version":"2020-12-22","purchased_purges":1,"victory":false,"max_hp_per_floor":[70,70,75,75,75,75,75,75,75,75,75,75,75,75,75,75,75,75,75,75,75,75,75],"card_choices":[{"not_picked":["Poisoned Stab","Cloak And Dagger"],"picked":"Dash","floor":1},{"not_picked":["Calculated Gamble","Cloak And Dagger","Backflip"],"picked":"SKIP","floor":2},{"not_picked":["Night Terror","Poisoned Stab","Prepared"],"picked":"SKIP","floor":7},{"not_picked":["Skewer","Deflect"],"picked":"Backstab","floor":10},{"not_picked":["Tactician","Terror"],"picked":"Bouncing Flask","floor":13},{"not_picked":["Deflect","Flying Knee","Backstab"],"picked":"SKIP","floor":14},{"not_picked":["Deflect","Flying Knee","Backstab"],"picked":"SKIP","floor":14},{"not_picked":["Quick Slash","Accuracy","Concentrate"],"picked":"SKIP","floor":18},{"not_picked":["Well Laid Plans","Backflip"],"picked":"Deflect+1","floor":19},{"not_picked":["Dagger Spray","Masterful Stab"],"picked":"Noxious Fumes","floor":21}],"player_experience":480699,"relics_obtained":[{"floor":7,"key":"Art of War"},{"floor":9,"key":"Toy Ornithopter"},{"floor":13,"key":"Anchor"},{"floor":17,"key":"Orichalcum"},{"floor":17,"key":"Paper Crane"},{"floor":17,"key":"Bird Faced Urn"}],"event_choices":[{"damage_healed":0,"gold_gain":0,"player_choice":"Donut","damage_taken":0,"max_hp_gain":5,"max_hp_loss":0,"event_name":"Big Fish","floor":3,"gold_loss":0},{"cards_removed":["Strike_G"],"damage_healed":0,"gold_gain":0,"player_choice":"Card Removal","damage_taken":0,"max_hp_gain":0,"max_hp_loss":0,"event_name":"The Cleric","floor":5,"gold_loss":50},{"damage_healed":18,"gold_gain":0,"player_choice":"Healed and dodged fight","damage_taken":0,"max_hp_gain":0,"max_hp_loss":0,"event_name":"Mushrooms","floor":8,"gold_loss":0,"cards_obtained":["Parasite"]},{"damage_healed":0,"gold_gain":175,"player_choice":"AGREE","damage_taken":0,"max_hp_gain":0,"max_hp_loss":0,"event_name":"Liars Game","floor":12,"gold_loss":0,"cards_obtained":["Doubt"]}],"is_beta":false,"boss_relics":[{"not_picked":["Ectoplasm","Empty Cage"],"picked":"Calling Bell"}],"items_purged_floors":[20],"is_endless":false,"potions_floor_spawned":[2,10,16,18,21],"killed_by":"3 Cultists","ascension_level":4}}