{"host":"8i58hvcssdezoe94","time":1610998761,"event":{"mods":["Act Like it!","BaseMod","Colored Map","Conspire","Downfall","Gensokyo","KinomotoSakuraMod(木之本樱)","Marisa（F雨　魔理沙）","Minty Spire (QoL Compilation)","Quick Restart","Remilia（蕾米莉亚）","StSLib","The Animator","The Bug Knight","The Construct","The Cursed","The Hierophant","The Jungle","The Servant 0.9.4"],"gold_per_floor":[115,15,15,26,44,69,69,386,411,439,439,453,453,293,293,388,388,400,400,67,79,79,79,109,109,136,136,148,148,108,321,321,321,321],"floor_reached":33,"language":"ZHS","playtime":1365,"items_purged":[],"score":273,"play_id":"d3873696-0702-4252-aa47-56bcfe584a99","local_time":"20210119033921","is_ascension_mode":false,"campfire_choices":[{"floor":7,"key":"REST"},{"floor":15,"key":"REST"},{"floor":23,"key":"REST"},{"floor":25,"key":"RECALL"},{"floor":32,"key":"REST"}],"circlet_count":0,"master_deck":["Strike_B","Strike_B","Strike_B","Strike_B","Defend_B","Defend_B","Defend_B","Defend_B","Zap","Dualcast","Streamline","Cold Snap","Capacitor+1","Static Discharge","Doom and Gloom","Melter","Barrage","Defragment","Leap","All For One","Leap+1","Gensokyo:SpontaneousHumanCombustion+1","Gensokyo:BlemishedSteel","Steam+1","Chaos","Leap","Ball Lightning","Conserve Battery"],"relics":["Cracked Core","NeowsBlessing","Happy Flower","Dream Catcher","Pen Nib","WingedGreaves","Enchiridion","bronze:MakeshiftBattery","Girya","Ancient Tea Set"],"acts_visited":["Gensokyo:Gensokyo","Gensokyo:Gensokyoer"],"potions_floor_usage":[],"damage_taken":[{"damage":0,"enemies":"Gensokyo:3_Fairies","floor":1,"turns":1},{"damage":0,"enemies":"Gensokyo:Gryphon","floor":4,"turns":1},{"damage":0,"enemies":"Gensokyo:2_Kodama","floor":5,"turns":1},{"damage":26,"enemies":"Gensokyo:Cirno","floor":6,"turns":9},{"damage":32,"enemies":"Gensokyo:LivingMonolith","floor":8,"turns":4},{"damage":16,"enemies":"Gensokyo:Mamizou","floor":10,"turns":7},{"damage":12,"enemies":"Gensokyo:2_Rabbits","floor":12,"turns":3},{"damage":30,"enemies":"Gensokyo:Yukari","floor":16,"turns":9},{"damage":25,"enemies":"Gensokyo:CosmicMonolith","floor":18,"turns":5},{"damage":6,"enemies":"Gensokyo:2_Gloops","floor":21,"turns":3},{"damage":27,"enemies":"Gensokyo:Tenshi","floor":24,"turns":4},{"damage":22,"enemies":"Gensokyo:Mirror_and_Dog","floor":28,"turns":5},{"damage":15,"enemies":"Gensokyo:Slime_Group","floor":31,"turns":3},{"damage":31,"enemies":"Gensokyo:Eiki","floor":33,"turns":4}],"seed_played":"4230833072582988707","potions_obtained":[{"floor":6,"key":"ColorlessPotion"},{"floor":8,"key":"Swift Potion"},{"floor":12,"key":"construct:ShiftPotion"}],"is_trial":false,"path_per_floor":["M","COS","?","M","M","E","R","M","T","E","?","M","?","?","R","B",null,"M","?","COS","M","?","R","E","R","T","?","M","$","?","M","R","B"],"character_chosen":"DEFECT","items_purchased":[],"campfire_rested":4,"item_purchase_floors":[],"current_hp_per_floor":[75,75,75,75,75,49,71,39,39,23,23,11,11,11,33,3,75,50,50,50,44,44,66,39,39,39,39,17,17,17,2,24,0,0],"gold":321,"neow_bonus":"THREE_ENEMY_KILL","is_daily":false,"chose_seed":false,"campfire_upgraded":0,"win_rate":0.0,"timestamp":1610998761,"path_taken":["M","COS","?","M","?","E","R","M","T","E","?","M","?","?","R","BOSS","M","?","COS","M","?","R","E","R","T","?","M","?","?","M","R","BOSS"],"items_purchased_type":[],"build_version":"2020-12-22","purchased_purges":0,"victory":false,"max_hp_per_floor":[75,75,75,75,75,75,75,75,75,75,75,75,75,75,75,75,75,75,75,75,75,75,75,75,75,75,75,75,75,75,75,75,75,75],"card_choices":[{"not_picked":["Go for the Eyes","Coolheaded"],"picked":"Streamline","floor":1},{"not_picked":["Gash","Reprogram"],"picked":"Cold Snap","floor":4},{"not_picked":["Double Energy","Stack"],"picked":"Capacitor","floor":5},{"not_picked":["Streamline","Cold Snap"],"picked":"Static Discharge","floor":6},{"not_picked":["Defragment","Biased Cognition"],"picked":"Doom and Gloom","floor":7},{"not_picked":["Stack","Scrape"],"picked":"Melter","floor":8},{"not_picked":["Aggregate","Seek"],"picked":"Barrage","floor":10},{"not_picked":["Compile Driver","Hologram"],"picked":"Defragment","floor":12},{"not_picked":["Melter","Rebound"],"picked":"Leap","floor":15},{"not_picked":["Electrodynamics","Echo Form"],"picked":"All For One","floor":16},{"not_picked":["Compile Driver","Genetic Algorithm"],"picked":"Leap+1","floor":18},{"not_picked":["Cold Snap","Streamline"],"picked":"Steam+1","floor":21},{"not_picked":["Coolheaded","BootSequence"],"picked":"FTL","floor":23},{"not_picked":["Reboot","conspire:Rain"],"picked":"Chaos","floor":24},{"not_picked":["Streamline","FTL"],"picked":"Leap","floor":28},{"not_picked":["Go for the Eyes","Coolheaded"],"picked":"Ball Lightning","floor":31},{"not_picked":["Compile Driver","Streamline"],"picked":"Conserve Battery","floor":32}],"player_experience":45254,"relics_obtained":[{"floor":6,"key":"Dream Catcher"},{"floor":10,"key":"Pen Nib"},{"floor":24,"key":"Girya"},{"floor":26,"key":"Ancient Tea Set"}],"event_choices":[],"is_beta":false,"boss_relics":[{"not_picked":["construct:ClawGrip","Nuclear Battery"],"picked":"bronze:MakeshiftBattery"}],"items_purged_floors":[],"is_endless":false,"potions_floor_spawned":[6,8,12,16,21,24,28],"killed_by":"Gensokyo:Eiki","ascension_level":0}}