{"host":"Bilverbakes","time":1610934528,"event":{"mods":["2.2 Compatiblity","AchievementEnabler","BaseMod","Bestiary","Colored Map","Minty Spire (QoL Compilation)","Relic Stats","StSLib","ojb\u0027s Info Mod"],"gold_per_floor":[111,121,68,68,68,100,100,100,100],"floor_reached":8,"language":"ENG","playtime":318,"items_purged":[],"score":108,"play_id":"b64f400b-e94d-41d3-804a-a2f3f1d577ee","local_time":"20210117194848","is_ascension_mode":true,"campfire_choices":[{"floor":7,"key":"REST"}],"circlet_count":0,"master_deck":["AscendersBane","Strike_G","Strike_G","Strike_G","Strike_G","Strike_G","Defend_G","Defend_G","Defend_G","Defend_G","Defend_G","Survivor","Neutralize","Dagger Spray","Underhanded Strike","Phantasmal Killer"],"relics":["Sozu","Incense Burner"],"acts_visited":["Exordium"],"potions_floor_usage":[],"damage_taken":[{"damage":0,"enemies":"Cultist","floor":1,"turns":6},{"damage":0,"enemies":"Jaw Worm","floor":2,"turns":4},{"damage":42,"enemies":"3 Sentries","floor":6,"turns":10},{"damage":32,"enemies":"Gremlin Nob","floor":8,"turns":4}],"seed_played":"-72288815534176282","potions_obtained":[],"is_trial":false,"path_per_floor":["M","M","$","$","?","E","R","E"],"character_chosen":"THE_SILENT","items_purchased":["Underhanded Strike"],"campfire_rested":1,"item_purchase_floors":[3],"current_hp_per_floor":[59,59,59,59,59,17,36,4,4],"gold":100,"neow_bonus":"BOSS_RELIC","is_daily":false,"chose_seed":false,"campfire_upgraded":0,"win_rate":0.0,"timestamp":1610934528,"path_taken":["M","M","?","$","?","E","R","E"],"items_purchased_type":["Card"],"build_version":"2020-12-18","purchased_purges":0,"victory":false,"max_hp_per_floor":[66,66,66,66,66,66,66,66,66],"relic_stats":{"Sozu":1,"counters":[4,24],"obtain_stats":[{"Sozu":0,"Incense Burner":6,"Ring of the Snake":0},{"Sozu":0,"Incense Burner":3,"Ring of the Snake":0},{"Sozu":0,"Incense Burner":20,"Ring of the Snake":0}]},"card_choices":[{"not_picked":["Dodge and Roll","Flying Knee"],"picked":"Dagger Spray","floor":1},{"not_picked":["Sucker Punch","Dagger Spray","Dodge and Roll"],"picked":"SKIP","floor":2},{"not_picked":["Acrobatics","Outmaneuver"],"picked":"Phantasmal Killer","floor":6}],"player_experience":728588,"relics_obtained":[{"floor":6,"key":"Incense Burner"}],"event_choices":[{"damage_healed":0,"gold_gain":0,"player_choice":"Ignored","damage_taken":0,"max_hp_gain":0,"max_hp_loss":0,"event_name":"Liars Game","floor":5,"gold_loss":0}],"is_beta":true,"boss_relics":[],"items_purged_floors":[],"is_endless":false,"potions_floor_spawned":[2],"killed_by":"Gremlin Nob","ascension_level":20}}