{"host":"oehe2dxjvdgux73m","time":1610949371,"event":{"mods":["AchievementEnabler","BaseMod","Colored Map","Colored Powertips","DeckTracker","Keyboard Shortcuts","Minty Spire (QoL Compilation)","Permanent Neow","Quick Restart","StSLib","SuperFastMode"],"gold_per_floor":[362,36,48,48,123,123,150,150,150,184,210,239,239,260,260,358,358,383,397,422,462,483,483,502,538,538,292,292,292,292,317,317,408,408,432,432,0,23,23,54,54,74,74,108,8,8,26,41,41,41,41,41],"floor_reached":51,"language":"KOR","playtime":1884,"items_purged":["Strike_G","Strike_G"],"score":1561,"play_id":"cee48fad-9e01-46ce-b669-e6b5f839a5b8","local_time":"20210118145611","is_ascension_mode":true,"campfire_choices":[{"floor":6.0,"key":"REST"},{"data":"Noxious Fumes","floor":8.0,"key":"SMITH"},{"floor":15.0,"key":"REST"},{"data":"Bullet Time","floor":23.0,"key":"SMITH"},{"data":"Concentrate","floor":28.0,"key":"SMITH"},{"data":"Neutralize","floor":30.0,"key":"SMITH"},{"data":"Dodge and Roll","floor":32.0,"key":"SMITH"},{"floor":41.0,"key":"RECALL"},{"data":"Wraith Form v2","floor":46.0,"key":"SMITH"},{"floor":49.0,"key":"DIG"}],"circlet_count":0,"master_deck":["AscendersBane","Strike_G","Strike_G","Strike_G","Defend_G","Defend_G","Defend_G","Defend_G","Defend_G","Survivor+1","Neutralize+1","Blade Dance","Accuracy","Blur","Blade Dance+1","Noxious Fumes+1","Accuracy","Concentrate+1","Blade Dance","Bullet Time+1","Acrobatics","Footwork+1","Backflip","Dodge and Roll+1","Backflip","Footwork","Sadistic Nature","Cloak And Dagger+1","Parasite","Wraith Form v2+1","Tactician+1","Deflect"],"relics":["Ring of the Snake","Potion Belt","Letter Opener","Ornamental Fan","Dead Branch","Shovel","Odd Mushroom","Toy Ornithopter","Golden Idol","WristBlade","Red Mask","Ancient Tea Set","Gremlin Horn","War Paint","Cursed Key","Pen Nib","Blood Vial","Anchor"],"acts_visited":["Exordium","TheCity","TheBeyond"],"potions_floor_usage":[],"damage_taken":[{"damage":1.0,"enemies":"Cultist","floor":1.0,"turns":4.0},{"damage":4.0,"enemies":"Small Slimes","floor":3.0,"turns":4.0},{"damage":20.0,"enemies":"3 Sentries","floor":7.0,"turns":7.0},{"damage":17.0,"enemies":"Lagavulin","floor":10.0,"turns":5.0},{"damage":1.0,"enemies":"The Mushroom Lair","floor":11.0,"turns":2.0},{"damage":6.0,"enemies":"3 Sentries","floor":12.0,"turns":5.0},{"damage":0.0,"enemies":"2 Louse","floor":14.0,"turns":3.0},{"damage":25.0,"enemies":"The Guardian","floor":16.0,"turns":11.0},{"damage":0.0,"enemies":"3 Byrds","floor":18.0,"turns":4.0},{"damage":0.0,"enemies":"Shell Parasite","floor":19.0,"turns":1.0},{"damage":12.0,"enemies":"Shelled Parasite and Fungi","floor":20.0,"turns":4.0},{"damage":0.0,"enemies":"Masked Bandits","floor":21.0,"turns":3.0},{"damage":4.0,"enemies":"Cultist and Chosen","floor":22.0,"turns":4.0},{"damage":0.0,"enemies":"3 Cultists","floor":24.0,"turns":2.0},{"damage":2.0,"enemies":"Book of Stabbing","floor":25.0,"turns":4.0},{"damage":0.0,"enemies":"Centurion and Healer","floor":31.0,"turns":2.0},{"damage":8.0,"enemies":"Champ","floor":33.0,"turns":10.0},{"damage":0.0,"enemies":"3 Darklings","floor":35.0,"turns":3.0},{"damage":0.0,"enemies":"Orb Walker","floor":38.0,"turns":2.0},{"damage":0.0,"enemies":"Reptomancer","floor":40.0,"turns":1.0},{"damage":0.0,"enemies":"Writhing Mass","floor":42.0,"turns":4.0},{"damage":0.0,"enemies":"Giant Head","floor":44.0,"turns":5.0},{"damage":0.0,"enemies":"Transient","floor":47.0,"turns":6.0},{"damage":0.0,"enemies":"3 Darklings","floor":48.0,"turns":2.0},{"damage":41.0,"enemies":"Awakened One","floor":50.0,"turns":10.0},{"damage":22,"enemies":"Time Eater","floor":51,"turns":3}],"seed_played":"8530931362465517201","potions_obtained":[{"floor":10.0,"key":"SkillPotion"},{"floor":11.0,"key":"LiquidBronze"},{"floor":12.0,"key":"AttackPotion"},{"floor":14.0,"key":"Weak Potion"},{"floor":18.0,"key":"Explosive Potion"},{"floor":20.0,"key":"BlessingOfTheForge"},{"floor":22.0,"key":"Ancient Potion"},{"floor":31.0,"key":"DuplicationPotion"},{"floor":38.0,"key":"Weak Potion"},{"floor":48.0,"key":"Energy Potion"}],"is_trial":false,"path_per_floor":["M","$","M","T","?","R","E","R","T","E","?","E","?","M","R","B",null,"M","M","M","?","M","R","M","E","T","$","R","?","R","M","R","B",null,"M","?","$","M","?","E","R","M","T","E","$","R","M","M","R","B","B"],"character_chosen":"THE_SILENT","items_purchased":["Accuracy","Blur","Potion Belt","War Paint","Sadistic Nature","Pen Nib","LiquidMemories"],"campfire_rested":2,"item_purchase_floors":[2,2,2,27,37,37,37],"current_hp_per_floor":[43,43,39,39,28,47,27,27,27,10,9,3,3,3,21,6,47,47,52,40,40,41,41,41,44,44,44,44,44,44,44,44,36,54,54,54,54,54,54,54,54,56,56,57,57,57,57,57,57,16,0,0],"gold":41,"neow_bonus":"TWO_FIFTY_GOLD","is_daily":false,"chose_seed":false,"campfire_upgraded":6,"win_rate":0.0,"timestamp":1610949371,"path_taken":["M","$","M","?","?","R","E","R","T","E","?","E","?","M","R","BOSS","M","M","M","?","M","R","M","E","T","$","R","?","R","M","R","BOSS","M","?","$","M","?","E","R","M","T","E","$","R","M","M","R","BOSS","BOSS"],"items_purchased_type":["Card","Card","Relic","Relic","Card","Relic","Potion"],"build_version":"2020-12-22","purchased_purges":2,"victory":false,"max_hp_per_floor":[66,66,66,66,66,66,66,66,66,66,66,66,60,60,60,60,60,60,60,60,60,60,60,60,60,60,60,60,60,60,60,60,60,60,60,60,60,60,57,57,57,57,57,57,57,57,57,57,57,57,57,57],"card_choices":[{"not_picked":["Outmaneuver","Noxious Fumes"],"picked":"Blade Dance","floor":1.0},{"not_picked":["Accuracy","Flechettes"],"picked":"Blade Dance","floor":3.0},{"not_picked":["Distraction","Blade Dance"],"picked":"Noxious Fumes","floor":7.0},{"not_picked":["Underhanded Strike","Expertise"],"picked":"Accuracy","floor":10.0},{"not_picked":["Backflip","Crippling Poison"],"picked":"Concentrate","floor":11.0},{"not_picked":["Catalyst","Quick Slash","Riddle With Holes"],"picked":"SKIP","floor":12.0},{"not_picked":["Sucker Punch","Poisoned Stab"],"picked":"Blade Dance","floor":14.0},{"not_picked":["Malaise","Burst"],"picked":"Bullet Time","floor":16.0},{"not_picked":["Outmaneuver","Quick Slash"],"picked":"Acrobatics","floor":18.0},{"not_picked":["All Out Attack","Leg Sweep"],"picked":"Footwork+1","floor":19.0},{"not_picked":["Deflect","Outmaneuver"],"picked":"Backflip","floor":20.0},{"not_picked":["Sucker Punch","Acrobatics"],"picked":"Dodge and Roll","floor":22.0},{"not_picked":["Flying Knee+1","Night Terror","Dagger Spray+1"],"picked":"SKIP","floor":24.0},{"not_picked":["Backflip","Flechettes","Eviscerate"],"picked":"SKIP","floor":25.0},{"not_picked":["Bane","Accuracy"],"picked":"Backflip","floor":31.0},{"not_picked":["Reflex","Catalyst"],"picked":"Footwork","floor":35.0},{"not_picked":["Reflex","Dodge and Roll"],"picked":"Cloak And Dagger+1","floor":38.0},{"not_picked":["Choke","Terror","Skewer"],"picked":"SKIP","floor":40.0},{"not_picked":["Flechettes","All Out Attack","Acrobatics"],"picked":"SKIP","floor":42.0},{"not_picked":["All Out Attack","Predator"],"picked":"Wraith Form v2","floor":44.0},{"not_picked":["Riddle With Holes","Sucker Punch"],"picked":"Tactician+1","floor":47.0},{"not_picked":["Blade Dance+1","Masterful Stab+1"],"picked":"Deflect","floor":48.0}],"player_experience":276363,"relics_obtained":[{"floor":4.0,"key":"Letter Opener"},{"floor":7.0,"key":"Ornamental Fan"},{"floor":9.0,"key":"Dead Branch"},{"floor":10.0,"key":"Shovel"},{"floor":11.0,"key":"Odd Mushroom"},{"floor":12.0,"key":"Toy Ornithopter"},{"floor":21.0,"key":"Red Mask"},{"floor":25.0,"key":"Ancient Tea Set"},{"floor":26.0,"key":"Gremlin Horn"},{"floor":40.0,"key":"Blood Vial"},{"floor":44.0,"key":"Anchor"}],"event_choices":[{"damage_healed":0.0,"max_hp_gain":0.0,"max_hp_loss":0.0,"gold_gain":75.0,"event_name":"World of Goop","player_choice":"Gather Gold","floor":5.0,"gold_loss":0.0,"damage_taken":11.0},{"damage_healed":0.0,"max_hp_gain":0.0,"max_hp_loss":0.0,"gold_gain":0.0,"event_name":"Mushrooms","player_choice":"Fought Mushrooms","floor":11.0,"gold_loss":0.0,"damage_taken":0.0},{"damage_healed":0.0,"max_hp_gain":0.0,"max_hp_loss":6.0,"gold_gain":0.0,"event_name":"Golden Idol","player_choice":"Lose Max HP","floor":13.0,"gold_loss":0.0,"damage_taken":0.0,"relics_obtained":["Golden Idol"]},{"damage_healed":0.0,"max_hp_gain":0.0,"max_hp_loss":0.0,"gold_gain":0.0,"event_name":"Masked Bandits","player_choice":"Fought Bandits","floor":21.0,"gold_loss":0.0,"damage_taken":0.0},{"damage_healed":0.0,"max_hp_gain":0.0,"max_hp_loss":0.0,"gold_gain":0.0,"event_name":"The Mausoleum","player_choice":"Ignored","floor":29.0,"gold_loss":0.0,"damage_taken":0.0},{"damage_healed":0.0,"max_hp_gain":0.0,"max_hp_loss":0.0,"gold_gain":0.0,"event_name":"Tomb of Lord Red Mask","player_choice":"Ignored","floor":36.0,"gold_loss":0.0,"damage_taken":0.0},{"damage_healed":0.0,"max_hp_gain":0.0,"max_hp_loss":3.0,"gold_gain":0.0,"event_name":"Winding Halls","player_choice":"Max HP","floor":39.0,"gold_loss":0.0,"damage_taken":0.0}],"is_beta":false,"boss_relics":[{"not_picked":["Busted Crown","SacredBark"],"picked":"WristBlade"},{"not_picked":["Sozu","Tiny House"],"picked":"Cursed Key"}],"items_purged_floors":[27,45],"is_endless":false,"potions_floor_spawned":[10,11,12,14,18,20,22,31,38,40,48],"killed_by":"Time Eater","ascension_level":20}}