{"host":"khc33f3y4hz17yhu","time":1610937428,"event":{"mods":["BaseMod","Hermit","Minty Spire (QoL Compilation)","StSLib","The Hierophant","The Marked","The Servant 0.9.4"],"gold_per_floor":[412,432,28,28,39,39,39,59,59,59,83,12,51,51,51,179,179,202,202,202,102,118,153,84,122,122,136,169,201,213,249,261,404,416,451,463,500,512,512],"floor_reached":38,"language":"ENG","playtime":2276,"items_purged":["Strike_S","Strike_S"],"score":509,"play_id":"714a8e6c-f636-419d-afac-0c5fa9c8403f","local_time":"20210117213708","is_ascension_mode":false,"campfire_choices":[{"data":"KidneyShot","floor":6,"key":"SMITH"},{"floor":10,"key":"REST"},{"data":"Exchange","floor":15,"key":"SMITH"},{"floor":32,"key":"REST"}],"circlet_count":0,"master_deck":["Strike_S","Strike_S+1","Defend_S","Defend_S","Defend_S","Defend_S","KidneyShot+1","Exchange+1","Contraction+1","DualDimension","Collapse","Luminosity","Sunlight","Alleviate+1","Luminosity+1","GearUp","Luminosity","BottledTime","BottledTime","Revamp","SilverBlades","FloweringNight","Replace","Madness","Madness","BestPractice+1"],"relics":["Uniform","Old Coin","Oddly Smooth Stone","Bronze Scales","Golden Idol","Sundial","Happy Flower","Black Star","Kunai","Ornamental Fan","Toy Ornithopter","Tiny Chest","Strawberry","Blood Vial","MawBank","Bag of Preparation","Empty Cage"],"acts_visited":["Exordium","TheCity","TheBeyond"],"potions_floor_usage":[22,22,23,25,25,25,25,25,27,28,33,33,33,37],"damage_taken":[{"damage":4,"enemies":"Small Slimes","floor":1,"turns":4},{"damage":0,"enemies":"Jaw Worm","floor":2,"turns":5},{"damage":0,"enemies":"Cultist","floor":5,"turns":4},{"damage":0,"enemies":"Large Slime","floor":8,"turns":8},{"damage":0,"enemies":"Exordium Wildlife","floor":11,"turns":3},{"damage":0,"enemies":"Gremlin Nob","floor":13,"turns":4},{"damage":5,"enemies":"Hexaghost","floor":16,"turns":11},{"damage":14,"enemies":"3 Byrds","floor":18,"turns":4},{"damage":0,"enemies":"Shell Parasite","floor":22,"turns":6},{"damage":33,"enemies":"Book of Stabbing","floor":23,"turns":9},{"damage":15,"enemies":"Slavers","floor":25,"turns":9},{"damage":7,"enemies":"Snecko","floor":27,"turns":9},{"damage":33,"enemies":"Gremlin Leader","floor":28,"turns":9},{"damage":0,"enemies":"Centurion and Healer","floor":29,"turns":7},{"damage":0,"enemies":"3 Cultists","floor":31,"turns":3},{"damage":2,"enemies":"Automaton","floor":33,"turns":15},{"damage":9,"enemies":"3 Shapes","floor":35,"turns":4},{"damage":22,"enemies":"3 Darklings","floor":37,"turns":6},{"damage":79,"enemies":"Transient","floor":38,"turns":5}],"seed_played":"2500570731640602582","potions_obtained":[{"floor":5,"key":"SpeedPotion"},{"floor":8,"key":"Dexterity Potion"},{"floor":16,"key":"Fruit Juice"},{"floor":23,"key":"EntropicBrew"},{"floor":28,"key":"Block Potion"},{"floor":29,"key":"Swift Potion"},{"floor":31,"key":"LiquidMemories"},{"floor":33,"key":"EssenceOfSteel"}],"is_trial":false,"path_per_floor":["M","M","$","?","M","R","?","M","T","R","M","$","E","?","R","B",null,"M","?","?","$","M","E","$","E","T","M","E","M","$","M","R","B",null,"M","?","M","M"],"character_chosen":"THE_SERVANT","items_purchased":["Oddly Smooth Stone","Bronze Scales","DualDimension","Luminosity","Luminosity"],"campfire_rested":2,"item_purchase_floors":[3,3,3,12,24],"current_hp_per_floor":[43,43,43,30,30,30,14,14,14,33,33,33,33,33,33,28,65,51,40,40,40,45,12,12,29,29,29,3,5,5,7,31,46,82,73,63,48,0,0],"gold":512,"neow_bonus":"ONE_RARE_RELIC","is_daily":false,"chose_seed":false,"campfire_upgraded":2,"win_rate":0.0,"timestamp":1610937428,"path_taken":["M","M","$","?","M","R","?","M","T","R","M","$","E","?","R","BOSS","M","?","?","$","M","E","$","E","T","M","E","M","?","M","R","BOSS","M","?","M","M"],"items_purchased_type":["Relic","Relic","Card","Card","Card"],"build_version":"2020-12-22","purchased_purges":2,"victory":false,"max_hp_per_floor":[65,65,65,65,65,65,65,65,65,65,65,65,65,65,65,65,65,65,70,70,70,75,75,75,82,82,82,82,82,82,82,82,82,82,82,82,82,82,82],"card_choices":[{"not_picked":["Potential","Shuttle","Rewind"],"picked":"SKIP","floor":1},{"not_picked":["Reset","ShatteredReality"],"picked":"Contraction","floor":2},{"not_picked":["Revamp","Defy","Spin"],"picked":"SKIP","floor":5},{"not_picked":["Ricochet","Snipe"],"picked":"Collapse","floor":8},{"not_picked":["Potential","Rearm","DoubleEdge"],"picked":"SKIP","floor":11},{"not_picked":["Starlight","MoonPhase","TimeWarp"],"picked":"SKIP","floor":13},{"not_picked":["ForgedInTime","Initiator"],"picked":"Sunlight","floor":16},{"not_picked":["TimeWarp+1","StarChef+1"],"picked":"Alleviate+1","floor":18},{"not_picked":["Revamp","Barrier"],"picked":"Luminosity+1","floor":22},{"not_picked":["Replace","Gouge"],"picked":"GearUp","floor":23},{"not_picked":["Revamp","Misdirection+1"],"picked":"BottledTime","floor":25},{"not_picked":["DoubleEdge","Spin","ShatteredReality"],"picked":"SKIP","floor":27},{"not_picked":["ShatteredReality","LightFlow"],"picked":"BottledTime","floor":28},{"not_picked":["Starlight","Defy"],"picked":"Revamp","floor":29},{"not_picked":["GearUp+1","Defy+1"],"picked":"SilverBlades","floor":31},{"not_picked":["Solidify","SoulSculpture"],"picked":"FloweringNight","floor":33},{"not_picked":["Shuttle+1","Moonlight"],"picked":"Replace","floor":35},{"not_picked":["Potential","Ricochet+1"],"picked":"BestPractice+1","floor":37}],"player_experience":167649,"relics_obtained":[{"floor":9,"key":"Sundial"},{"floor":13,"key":"Happy Flower"},{"floor":23,"key":"Ornamental Fan"},{"floor":23,"key":"Toy Ornithopter"},{"floor":25,"key":"Tiny Chest"},{"floor":25,"key":"Strawberry"},{"floor":26,"key":"Blood Vial"},{"floor":28,"key":"MawBank"},{"floor":28,"key":"Bag of Preparation"}],"event_choices":[{"damage_healed":0,"gold_gain":0,"player_choice":"Entered Light","damage_taken":13,"max_hp_gain":0,"max_hp_loss":0,"event_name":"Shining Light","floor":4,"gold_loss":0,"cards_upgraded":["Contraction","Strike_S"]},{"damage_healed":0,"gold_gain":0,"player_choice":"Take Damage","damage_taken":16,"relics_obtained":["Golden Idol"],"max_hp_gain":0,"max_hp_loss":0,"event_name":"Golden Idol","floor":7,"gold_loss":0},{"damage_healed":0,"gold_gain":0,"player_choice":"Cursed","damage_taken":0,"max_hp_gain":0,"max_hp_loss":0,"event_name":"Wheel of Change","floor":14,"gold_loss":0,"cards_obtained":["Decay"]},{"damage_healed":0,"gold_gain":0,"player_choice":"Shed Blood","damage_taken":16,"max_hp_gain":5,"max_hp_loss":0,"event_name":"Forgotten Altar","floor":19,"gold_loss":0},{"damage_healed":0,"gold_gain":0,"player_choice":"Opened","damage_taken":0,"relics_obtained":["Kunai"],"max_hp_gain":0,"max_hp_loss":0,"event_name":"The Mausoleum","floor":20,"gold_loss":0,"cards_obtained":["Writhe"]},{"damage_healed":0,"gold_gain":0,"player_choice":"Embrace Madness","damage_taken":10,"max_hp_gain":0,"max_hp_loss":0,"event_name":"Winding Halls","floor":36,"gold_loss":0,"cards_obtained":["Madness","Madness"]}],"is_beta":false,"boss_relics":[{"not_picked":["Philosopher\u0027s Stone","Tiny House"],"picked":"Black Star"},{"not_picked":["Cursed Key","Velvet Choker"],"picked":"Empty Cage"}],"items_purged_floors":[3,21],"is_endless":false,"potions_floor_spawned":[5,8,16,23,28,29,31,33],"killed_by":"Transient","ascension_level":0}}