{"host":"cyg2l0kxxafiqofp","time":1610932056,"event":{"mods":["BaseMod","Colored Map","Colored Powertips","Minty Spire (QoL Compilation)","Quick Restart","Replay The Spire","StSLib"],"gold_per_floor":[111,127,127,138,138,138,164,164,164,164,194,212,539,29,29,134,134,150,100,118,129,29,62,62,93,93,93,104,135,154,174,174,276,276,288,338,385,385,405,436,436,469,469,469,469],"floor_reached":44,"language":"ENG","playtime":5432,"items_purged":["Pain","Amnesia"],"score":676,"play_id":"ea00b9ad-93f1-4cc3-a2eb-762abd81ed0c","local_time":"20210117200736","is_ascension_mode":true,"campfire_choices":[{"data":"Sneak Up","floor":6.0,"key":"SMITH"},{"floor":8.0,"key":"RECALL"},{"data":"Toxin Wave","floor":10.0,"key":"SMITH"},{"data":"Infinite Blades","floor":15.0,"key":"SMITH"},{"data":"After Image","floor":24.0,"key":"SMITH"},{"floor":32.0,"key":"REST"},{"floor":41.0,"key":"REST"}],"circlet_count":0,"master_deck":["Strike_G+1","Defend_G","Defend_G","Defend_G","Defend_G","Survivor","Neutralize","Predator","Sneak Up+1","Flying Knee","Hidden Blade","Toxin Wave+1","Infinite Blades+1","Prepared","Distraction","Noxious Fumes","Backflip","Replay:Poison Smokescreen","After Image+1","Writhe","Clumsy","Caltrops+1","Deadly Poison+1","Backflip","Leg Sweep+1","Crippling Poison","Flying Knee","Blade Dance","Poison Darts","Blade Dance","Atom Bomb","Corpse Explosion","Footwork+1","ReplayTheSpireMod:Shiv Toss+1","Writhe","Catalyst+1","Outmaneuver","ReplayTheSpireMod:Necrosis"],"relics":["SacredBark","WarpedTongs","Replay:PocketPolymizer","Bottled Flame","Orichalcum","Old Coin","Thread and Needle","Replay:Ancient Bell","Bag of Preparation","ReplayTheSpireMod:Ninjato","Byrd Skull","Replay:Wax Seal","Counterbalance","Shuriken","Chameleon Ring","WristBlade","Prayer Wheel","Calipers","ReplayTheSpireMod:Lightbulb","Blue Doll"],"acts_visited":["Exordium","TheCity","TheBeyond"],"potions_floor_usage":[44],"damage_taken":[{"damage":0.0,"enemies":"2 Louse","floor":1.0,"turns":4.0},{"damage":3.0,"enemies":"Cultist","floor":2.0,"turns":4.0},{"damage":2.0,"enemies":"Small Slimes","floor":4.0,"turns":3.0},{"damage":20.0,"enemies":"Gremlin Nob","floor":7.0,"turns":5.0},{"damage":32.0,"enemies":"Lagavulin","floor":11.0,"turns":8.0},{"damage":7.0,"enemies":"Exordium Thugs","floor":12.0,"turns":4.0},{"damage":17.0,"enemies":"Gremlin Nob","floor":13.0,"turns":3.0},{"damage":10.0,"enemies":"The Guardian","floor":16.0,"turns":10.0},{"damage":9.0,"enemies":"2 Thieves","floor":18.0,"turns":4.0},{"damage":0.0,"enemies":"3 Byrds","floor":20.0,"turns":3.0},{"damage":15.0,"enemies":"Shelled Parasite and Fungi","floor":21.0,"turns":6.0},{"damage":8.0,"enemies":"Gremlin Leader","floor":23.0,"turns":5.0},{"damage":0.0,"enemies":"Replay:Snechameleon","floor":25.0,"turns":5.0},{"damage":6.0,"enemies":"3 Cultists","floor":28.0,"turns":5.0},{"damage":21.0,"enemies":"Slavers","floor":29.0,"turns":5.0},{"damage":0.0,"enemies":"Centurion and Healer","floor":30.0,"turns":6.0},{"damage":10.0,"enemies":"Cultist and Chosen","floor":31.0,"turns":5.0},{"damage":20.0,"enemies":"Collector","floor":33.0,"turns":8.0},{"damage":0.0,"enemies":"3 Shapes","floor":35.0,"turns":2.0},{"damage":6.0,"enemies":"Mind Bloom Boss Battle","floor":36.0,"turns":8.0},{"damage":28.0,"enemies":"2 Orb Walkers","floor":37.0,"turns":4.0},{"damage":0.0,"enemies":"3 Darklings","floor":39.0,"turns":2.0},{"damage":32.0,"enemies":"Reptomancer","floor":40.0,"turns":6.0},{"damage":17.0,"enemies":"R_Hoarder","floor":42.0,"turns":6.0},{"damage":26,"enemies":"Reptomancer","floor":44,"turns":2}],"seed_played":"-5521508785380548082","potions_obtained":[{"floor":2.0,"key":"Venom Potion"},{"floor":7.0,"key":"FairyPotion"},{"floor":11.0,"key":"Fire Potion"},{"floor":16.0,"key":"Explosive Potion"},{"floor":20.0,"key":"SkillPotion"},{"floor":21.0,"key":"Block Potion"},{"floor":23.0,"key":"Weak Potion"},{"floor":29.0,"key":"BlessingOfTheForge"},{"floor":30.0,"key":"GamblersBrew"},{"floor":37.0,"key":"Weak Potion"},{"floor":39.0,"key":"Poison Potion"},{"floor":40.0,"key":"Dexterity Potion"}],"is_trial":false,"path_per_floor":["M","M","?","M","?","R","E","R","T","R","E","M","E","$","R","B",null,"M","?","M","M","$","E","R","E","T","$","M","E","M","M","R_BF","B",null,"M","?","?","?","M","E","R","E","T","E"],"character_chosen":"THE_SILENT","items_purchased":["Thread and Needle","Noxious Fumes","Backflip"],"campfire_rested":2,"item_purchase_floors":[14,14,14],"current_hp_per_floor":[70,67,67,65,65,65,45,45,45,45,13,6,42,42,42,32,70,61,61,61,46,46,38,38,38,38,38,32,11,11,1,22,2,70,70,64,36,54,54,22,43,26,26,0,0],"gold":469,"neow_bonus":"BOSS_RELIC","is_daily":false,"chose_seed":false,"campfire_upgraded":4,"win_rate":0.0,"timestamp":1610932056,"path_taken":["M","M","?","?","?","R","E","R","T","R","E","M","E","$","R","BOSS","M","?","M","M","$","E","R","E","T","$","M","E","M","M","R_BF","BOSS","M","?","?","?","?","E","R","E","T","E"],"items_purchased_type":["Relic","Card","Card"],"build_version":"2020-12-22","purchased_purges":2,"victory":false,"max_hp_per_floor":[70,70,70,70,70,70,70,70,70,70,70,70,70,70,70,70,70,70,70,70,70,70,70,70,70,70,70,70,70,70,70,70,70,70,70,70,70,70,70,70,70,70,70,70,70],"card_choices":[{"not_picked":["Sucker Punch","Dodge and Roll"],"picked":"Predator","floor":1.0},{"not_picked":["Underhanded Strike","Choke"],"picked":"Sneak Up","floor":2.0},{"not_picked":["Terror","Deadly Poison"],"picked":"Flying Knee","floor":4.0},{"not_picked":["Sneak Up","ReplayTheSpireMod:Shiv Toss"],"picked":"Hidden Blade","floor":7.0},{"not_picked":["Dash","Dodge and Roll"],"picked":"Infinite Blades","floor":11.0},{"not_picked":["Bane","Escape Plan"],"picked":"Prepared","floor":12.0},{"not_picked":["Deflect","Heel Hook"],"picked":"Distraction","floor":13.0},{"not_picked":["Night Terror","Doppelganger"],"picked":"After Image","floor":16.0},{"not_picked":["Doubt","ReplayTheSpireMod:Doomed"],"picked":"Writhe","floor":17.0},{"not_picked":["Delirium","ReplayTheSpireMod:Doomed"],"picked":"Amnesia","floor":17.0},{"not_picked":["Replay:Hysterical Blindness","Normality"],"picked":"Clumsy","floor":17.0},{"not_picked":["Sucker Punch","ReplayTheSpireMod:The Works"],"picked":"Caltrops+1","floor":18.0},{"not_picked":["Dagger Throw","ReplayTheSpireMod:Shiv Toss"],"picked":"Deadly Poison+1","floor":20.0},{"not_picked":["Tactician","Quick Slash"],"picked":"Backflip","floor":21.0},{"not_picked":["Tactician","Quick Slash"],"picked":"Leg Sweep+1","floor":23.0},{"not_picked":["PiercingWail","Calculated Gamble"],"picked":"Flying Knee","floor":25.0},{"not_picked":["Poisoned Stab","Dash"],"picked":"Blade Dance","floor":28.0},{"not_picked":["ReplayTheSpireMod:Exploit Weakness","Replay:Poison Smokescreen"],"picked":"Poison Darts","floor":29.0},{"not_picked":["Crippling Poison","Distraction"],"picked":"Blade Dance","floor":30.0},{"not_picked":["Quick Slash","Acrobatics","Deflect"],"picked":"SKIP","floor":31.0},{"not_picked":["Unload","Poison Darts"],"picked":"Corpse Explosion","floor":33.0},{"not_picked":["Prepared","Predator+1"],"picked":"Footwork+1","floor":35.0},{"not_picked":["Outmaneuver","Flying Knee"],"picked":"ReplayTheSpireMod:Shiv Toss+1","floor":36.0},{"not_picked":["Fluid Movement","Cloak And Dagger"],"picked":"Catalyst+1","floor":39.0},{"not_picked":["Hidden Blade+1","Leg Sweep+1"],"picked":"Outmaneuver","floor":39.0},{"not_picked":["Distraction","Draining Mist+1","ReplayTheSpireMod:Shiv Toss+1"],"picked":"SKIP","floor":40.0},{"not_picked":["Deflect+1","Slice","Hidden Blade"],"picked":"SKIP","floor":42.0}],"player_experience":200779,"relics_obtained":[{"floor":7.0,"key":"Replay:PocketPolymizer"},{"floor":9.0,"key":"Bottled Flame"},{"floor":11.0,"key":"Orichalcum"},{"floor":13.0,"key":"Old Coin"},{"floor":23.0,"key":"Replay:Wax Seal"},{"floor":25.0,"key":"Counterbalance"},{"floor":26.0,"key":"Shuriken"},{"floor":29.0,"key":"Chameleon Ring"},{"floor":36.0,"key":"Prayer Wheel"},{"floor":37.0,"key":"Calipers"},{"floor":40.0,"key":"ReplayTheSpireMod:Lightbulb"},{"floor":42.0,"key":"Blue Doll"}],"event_choices":[{"damage_healed":0.0,"max_hp_gain":0.0,"max_hp_loss":0.0,"gold_gain":0.0,"event_name":"Accursed Blacksmith","player_choice":"Rummage","floor":3.0,"gold_loss":0.0,"damage_taken":0.0,"relics_obtained":["WarpedTongs"],"cards_obtained":["Pain"]},{"damage_healed":0.0,"max_hp_gain":0.0,"max_hp_loss":0.0,"gold_gain":0.0,"event_name":"The Joust","player_choice":"Bet on Owner","floor":19.0,"gold_loss":50.0,"damage_taken":0.0},{"damage_healed":0.0,"max_hp_gain":0.0,"max_hp_loss":0.0,"gold_gain":0.0,"event_name":"MindBloom","player_choice":"Fight","floor":36.0,"gold_loss":0.0,"damage_taken":0.0},{"damage_healed":0.0,"max_hp_gain":0.0,"max_hp_loss":0.0,"gold_gain":0.0,"event_name":"Mysterious Sphere","player_choice":"Fight","floor":37.0,"gold_loss":0.0,"damage_taken":0.0},{"damage_healed":18.0,"max_hp_gain":0.0,"max_hp_loss":0.0,"gold_gain":0.0,"event_name":"Winding Halls","player_choice":"Writhe","floor":38.0,"gold_loss":0.0,"damage_taken":0.0,"cards_obtained":["Writhe"]}],"is_beta":false,"boss_relics":[{"not_picked":["Velvet Choker","Coffee Dripper"],"picked":"Replay:Ancient Bell"},{"not_picked":["Blood Vial","Simple Rune"],"picked":"Bag of Preparation"},{"not_picked":["Onion Ring","Garlic"],"picked":"ReplayTheSpireMod:Ninjato"},{"not_picked":["Lizard Tail","Torii"],"picked":"Byrd Skull"},{"not_picked":["Tiny House","Replay:Drink Me"],"picked":"WristBlade"}],"items_purged_floors":[14,22],"is_endless":false,"potions_floor_spawned":[2,7,11,16,20,21,23,29,30,37,39,40],"killed_by":"Reptomancer","ascension_level":2}}