{"host":"e1r14iqujvrv6qpf","time":1610961370,"event":{"mods":["AchievementEnabler","Act Like it!","BaseMod","BetterRewards","Colored Map","Colored Powertips","Conspire","Decade(王小明)","Friendly Minions","Googly Eyes","Highlight Path","KinomotoSakuraMod(木之本樱)","LagranYue(拉格朗・月)","Marisa（F雨　魔理沙）","Minty Spire (QoL Compilation)","Quick Restart","Reimu（博丽灵梦）","Remilia（蕾米莉亚）","Shop Mod","SuperFastMode","The Administrix","The Construct","The Disciple","The Servant 0.9.4","Waifu the Spire","Youmu（魂魄妖梦）","Yuyuko"],"gold_per_floor":[110,0,27,202,202,529,529,564,564,18,50,50,61,71,71,169,169,183,98,98,113,113,130,163,163,231,257,257,269,301,318,318,398,398,417,417,469,484,500,534,534,543,543,570,586,586,7,62,62,62],"floor_reached":51,"language":"ZHS","playtime":3673,"items_purged":["Strike_S","Doubt","Strike_S"],"score":1237,"play_id":"c45bfc38-e229-4730-8334-ef1b15550fdc","local_time":"20210118171610","is_ascension_mode":true,"campfire_choices":[{"data":"Moondial","floor":7.0,"key":"SMITH"},{"data":"Spin","floor":12.0,"key":"SMITH"},{"data":"Gouge","floor":15.0,"key":"SMITH"},{"data":"LightFlow","floor":25.0,"key":"SMITH"},{"data":"SoulSculpture","floor":28.0,"key":"SMITH"},{"data":"FlawlessForm","floor":32.0,"key":"SMITH"},{"data":"SoulSculpture","floor":41,"key":"SMITH"},{"data":"Shuttle","floor":46,"key":"SMITH"},{"data":"Luminosity","floor":49,"key":"SMITH"}],"circlet_count":0,"master_deck":["Strike_S+1","Strike_S+1","Defend_S+1","Defend_S+1","Defend_S+1","Defend_S+1","KidneyShot+1","Exchange+1","Spin+1","Gouge+1","Moondial+1","Comet+1","SpecialFormula+1","FlawlessForm+1","Necronomicurse","LightFlow+1","BottledTime","SoulSculpture+1","Rearm+1","SoulSculpture+1","Luminosity+1","DoubleEdge+1","BottledTime+1","Misdirection+1","BottledTime","conspire:Blindness","Shuttle+1","BottledTime","InstantArmor+1"],"relics":["Uniform","LagranYue:RandomDrawCardRelic","NeowsBlessing","Question Card","Old Coin","MealTicket","AntiCross","construct:RocketBooster","LagranYue:MagicReflectiveArmorRelic","conspire:Dentures","construct:WeddingRing","Orichalcum","Necronomicon","Nunchaku","Bottled Lightning","The Courier","Ice Cream","Cursed Key","CatCart","Boot","RuthlessExorcism:ReiMu","Du-Vu Doll","Strange Spoon","Bag of Preparation","Pear","FossilizedHelix"],"acts_visited":["Exordium","TheCity","TheBeyond"],"potions_floor_usage":[50,50],"damage_taken":[{"damage":0.0,"enemies":"Cultist","floor":1.0,"turns":1.0},{"damage":0.0,"enemies":"conspire:MimicChest","floor":3.0,"turns":1.0},{"damage":0.0,"enemies":"Lagavulin","floor":6.0,"turns":1.0},{"damage":27.0,"enemies":"Gremlin Nob","floor":8.0,"turns":4.0},{"damage":0.0,"enemies":"Lagavulin","floor":11.0,"turns":3.0},{"damage":0.0,"enemies":"2 Louse","floor":13.0,"turns":1.0},{"damage":0.0,"enemies":"Jaw Worm","floor":14.0,"turns":2.0},{"damage":12.0,"enemies":"Hexaghost","floor":16.0,"turns":6.0},{"damage":2.0,"enemies":"Spheric Guardian","floor":18.0,"turns":3.0},{"damage":0.0,"enemies":"Chosen","floor":21.0,"turns":3.0},{"damage":0.0,"enemies":"Snake Plant","floor":23.0,"turns":3.0},{"damage":2.0,"enemies":"conspire:Head Lice","floor":24.0,"turns":2.0},{"damage":0.0,"enemies":"conspire:SneckoGhost","floor":27.0,"turns":3.0},{"damage":0.0,"enemies":"Snecko","floor":29.0,"turns":2.0},{"damage":0.0,"enemies":"Slavers","floor":30.0,"turns":2.0},{"damage":0.0,"enemies":"conspire:HollyBat","floor":31.0,"turns":5.0},{"damage":1.0,"enemies":"Champ","floor":33.0,"turns":4.0},{"damage":0.0,"enemies":"Orb Walker","floor":35.0,"turns":2.0},{"damage":0.0,"enemies":"Orin","floor":37.0,"turns":3.0},{"damage":0.0,"enemies":"3 Darklings","floor":38.0,"turns":2.0},{"damage":23.0,"enemies":"Sphere and 2 Shapes","floor":39.0,"turns":3.0},{"damage":0,"enemies":"Reptomancer","floor":40,"turns":2},{"damage":0,"enemies":"Giant Head","floor":42,"turns":3},{"damage":0,"enemies":"Reptomancer","floor":44,"turns":2},{"damage":17,"enemies":"4 Shapes","floor":45,"turns":2},{"damage":3,"enemies":"2 Orb Walkers","floor":48,"turns":2},{"damage":1,"enemies":"Donu and Deca","floor":50,"turns":2}],"seed_played":"5720606352619591158","potions_obtained":[{"floor":6.0,"key":"Strength Potion"},{"floor":8.0,"key":"Fruit Juice"},{"floor":18.0,"key":"SteroidPotion"},{"floor":24.0,"key":"CultistPotion"},{"floor":30.0,"key":"Explosive Potion"},{"floor":35.0,"key":"DuplicationPotion"}],"is_trial":false,"path_per_floor":["M","$","?","?","?","E","R","E","T","$","E","R","M","M","R","B",null,"M","?","?","M","?","M","E","R","T","E","R","M","E","M","R","B",null,"M","?","?","M","M","E","R","E","T","E","M","R","$","?","R","B",null],"character_chosen":"THE_SERVANT","items_purchased":["Gouge","construct:RocketBooster","LagranYue:MagicReflectiveArmorRelic","Strange Spoon","Bag of Preparation","BottledTime","Pear"],"campfire_rested":0,"item_purchase_floors":[2,10,10,47,47,47,47],"current_hp_per_floor":[65,65,65,65,52,52,52,25,25,40,45,45,45,45,45,38,70,70,70,54,59,46,46,44,44,44,49,49,49,54,59,59,63,75,75,75,75,75,52,52,52,60,60,68,59,59,84,85,85,85],"gold":62,"neow_bonus":"THREE_ENEMY_KILL","is_daily":false,"chose_seed":false,"campfire_upgraded":9,"win_rate":0.0,"timestamp":1610961370,"path_taken":["M","$","?","?","?","E","R","E","T","?","E","R","M","M","R","BOSS","M","?","?","M","?","M","E","R","T","E","R","M","E","M","R","BOSS","M","?","?","M","M","E","R","E","T","E","M","R","$","?","R","BOSS"],"items_purchased_type":["Card","Relic","Relic","Relic","Relic","Card","Relic"],"build_version":"2020-12-22","purchased_purges":3,"victory":true,"max_hp_per_floor":[65,65,65,65,65,65,65,65,65,65,70,70,70,70,70,70,70,70,70,70,70,75,75,75,75,75,75,75,75,75,75,75,75,75,75,75,75,75,75,75,75,75,75,75,75,75,85,85,85,85],"card_choices":[{"not_picked":["Defy","DualDimension"],"picked":"Spin","floor":1.0},{"not_picked":["FastForward","Unruled"],"picked":"Moondial","floor":3.0},{"not_picked":["Rearm","Rewind","Gouge","Alleviate"],"picked":"SKIP","floor":6.0},{"not_picked":["RealityMarble","Starlight","Manipulate","Alleviate"],"picked":"SKIP","floor":8.0},{"not_picked":["MurderousAura","Rewind","SurpressingFire"],"picked":"Comet","floor":11.0},{"not_picked":["Replace","Starlight","FastForward","FanOfKnives"],"picked":"SKIP","floor":13.0},{"not_picked":["Revamp","Unruled","Replace"],"picked":"SpecialFormula","floor":14.0},{"not_picked":["Duplication","Solidify","KillingDoll"],"picked":"FlawlessForm","floor":16.0},{"not_picked":["Snipe","Barrier","FastForward"],"picked":"Contraction+1","floor":18.0},{"not_picked":["MoonPhase","Misdirection","Contraction+1","Alleviate"],"picked":"SKIP","floor":21.0},{"not_picked":["Revamp","Defy","Desolation"],"picked":"LightFlow","floor":23.0},{"not_picked":["TimeWarp+1","ReturningBlade","DualDimension"],"picked":"BottledTime","floor":24.0},{"not_picked":["BottledTime","WasteNot","Ricochet"],"picked":"SoulSculpture","floor":27.0},{"not_picked":["Rewind+1","Defy+1","SurpressingFire+1","Read+1"],"picked":"SKIP","floor":29.0},{"not_picked":["Revamp","StarChef","WasteNot"],"picked":"Rearm+1","floor":30.0},{"not_picked":["Collapse+1","Unruled+1","Snipe+1","BestPractice"],"picked":"SKIP","floor":31.0},{"not_picked":["Dilation","LightFlow","ForgedInTime"],"picked":"SoulSculpture","floor":33.0},{"not_picked":["WasteNot","Rewind","Potential+1","Misdirection"],"picked":"SKIP","floor":35.0},{"not_picked":["Gouge","Barrier","ShatteredReality+1"],"picked":"Luminosity","floor":37.0},{"not_picked":["Rearm+1","MoonPhase+1","Reset"],"picked":"DoubleEdge+1","floor":38.0},{"not_picked":["ShatteredReality","Revamp","Ricochet"],"picked":"BottledTime+1","floor":39.0},{"not_picked":["Contraction","Ricochet","DualDimension"],"picked":"Misdirection+1","floor":40},{"not_picked":["Potential","Moondial","SilverBlades+1"],"picked":"BottledTime","floor":42},{"not_picked":["Dilation","Spin","DualDimension","Contraction"],"picked":"SKIP","floor":44},{"not_picked":["MoonPhase+1","Starlight+1","TimeWarp"],"picked":"Shuttle","floor":45},{"not_picked":["Starlight+1","Hightail+1","WasteNot+1"],"picked":"InstantArmor+1","floor":48}],"player_experience":266695,"relics_obtained":[{"floor":3.0,"key":"Question Card"},{"floor":6.0,"key":"Old Coin"},{"floor":8.0,"key":"MealTicket"},{"floor":9.0,"key":"AntiCross"},{"floor":11.0,"key":"conspire:Dentures"},{"floor":20.0,"key":"Necronomicon"},{"floor":24.0,"key":"Nunchaku"},{"floor":26.0,"key":"Bottled Lightning"},{"floor":27.0,"key":"The Courier"},{"floor":30.0,"key":"Ice Cream"},{"floor":37.0,"key":"CatCart"},{"floor":40,"key":"Boot"},{"floor":42,"key":"RuthlessExorcism:ReiMu"},{"floor":44,"key":"Du-Vu Doll"},{"floor":48,"key":"FossilizedHelix"}],"event_choices":[{"damage_healed":0.0,"max_hp_gain":0.0,"max_hp_loss":0.0,"gold_gain":175.0,"event_name":"Liars Game","player_choice":"AGREE","floor":4.0,"gold_loss":0.0,"damage_taken":0.0,"cards_obtained":["Doubt"]},{"damage_healed":0.0,"max_hp_gain":0.0,"max_hp_loss":0.0,"gold_gain":0.0,"event_name":"Shining Light","player_choice":"Entered Light","floor":5.0,"gold_loss":0.0,"damage_taken":13.0,"cards_upgraded":["KidneyShot","Defend_S"]},{"damage_healed":0.0,"max_hp_gain":0.0,"max_hp_loss":0.0,"gold_gain":0.0,"event_name":"Addict","player_choice":"Obtained Relic","floor":19.0,"gold_loss":85.0,"damage_taken":0.0,"relics_obtained":["Orichalcum"]},{"damage_healed":0.0,"max_hp_gain":0.0,"max_hp_loss":0.0,"gold_gain":0.0,"event_name":"Cursed Tome","player_choice":"Obtained Book","floor":20.0,"gold_loss":0.0,"damage_taken":16.0},{"damage_healed":0.0,"max_hp_gain":5.0,"max_hp_loss":0.0,"gold_gain":0.0,"event_name":"Forgotten Altar","player_choice":"Shed Blood","floor":22.0,"gold_loss":0.0,"damage_taken":18.0},{"cards_removed":["Contraction"],"damage_healed":0.0,"max_hp_gain":0.0,"max_hp_loss":0.0,"gold_gain":0.0,"event_name":"Falling","player_choice":"Removed Skill","floor":36.0,"gold_loss":0.0,"damage_taken":0.0},{"damage_healed":0.0,"max_hp_gain":0.0,"max_hp_loss":0.0,"gold_gain":0.0,"event_name":"OrinTheCat","player_choice":"Fight","floor":37.0,"gold_loss":0.0,"damage_taken":0.0},{"damage_healed":0,"gold_gain":0,"player_choice":"Fight","damage_taken":0,"max_hp_gain":0,"max_hp_loss":0,"event_name":"Mysterious Sphere","floor":48,"gold_loss":0}],"is_beta":false,"boss_relics":[{"not_picked":["conspire:RunicOctahedron","conspire:SeveredTorchhead"],"picked":"construct:WeddingRing"},{"not_picked":["Empty Cage","SacredBark"],"picked":"Cursed Key"}],"items_purged_floors":[2,10,47],"is_endless":false,"potions_floor_spawned":[6,8,18,24,30,31,35,37,40,44,48],"ascension_level":1}}