{"host":"fkig9nrckec4xsh0","time":1610935756,"event":{"mods":["BaseMod","Colored Map","Minty Spire (QoL Compilation)","Quick Restart","Replay The Spire","StSLib"],"gold_per_floor":[114,114,133,208,19,50,50,91,116,116,128,128],"floor_reached":11,"language":"ENG","playtime":233,"items_purged":[],"score":203,"play_id":"7bdb130a-8638-4584-bd98-8a5de82f7326","local_time":"20210117210916","is_ascension_mode":true,"campfire_choices":[{"data":"Havoc","floor":7,"key":"SMITH"},{"data":"Havoc","floor":10,"key":"SMITH"}],"circlet_count":0,"master_deck":["AscendersBane","Strike_R","Strike_R+1","Strike_R","Strike_R","Strike_R+1","Defend_R","Defend_R","Defend_R","Bash","Havoc+1","Havoc+1","True Grit","Reaper","ReplayTheSpireMod:Stacked"],"relics":["Burning Blood","NeowsBlessing","Replay:Bandana","Whetstone","Kunai","Replay:Rubber Ducky"],"acts_visited":["Exordium"],"potions_floor_usage":[8,8],"damage_taken":[{"damage":0,"enemies":"Jaw Worm","floor":1,"turns":1},{"damage":0,"enemies":"Small Slimes","floor":3,"turns":1},{"damage":0,"enemies":"Lagavulin","floor":6,"turns":1},{"damage":56,"enemies":"Gremlin Nob","floor":8,"turns":5},{"damage":38,"enemies":"Lagavulin","floor":11,"turns":8}],"seed_played":"-3773365398995419868","potions_obtained":[{"floor":1,"key":"Energy Potion"},{"floor":3,"key":"Regen Potion"}],"is_trial":false,"path_per_floor":["M","?","M","?","$","E","R","E","T","R","E"],"character_chosen":"IRONCLAD","items_purchased":["Replay:Bandana","True Grit"],"campfire_rested":0,"item_purchase_floors":[5,5],"current_hp_per_floor":[74,74,75,64,64,70,70,35,35,35,0,0],"gold":128,"neow_bonus":"THREE_ENEMY_KILL","is_daily":false,"chose_seed":false,"campfire_upgraded":2,"win_rate":0.0,"timestamp":1610935756,"path_taken":["M","?","M","?","$","E","R","E","T","R","E"],"items_purchased_type":["Relic","Card"],"build_version":"2020-12-22","purchased_purges":0,"victory":false,"max_hp_per_floor":[75,75,75,75,75,75,75,75,75,75,75,75],"card_choices":[{"not_picked":["Blood for Blood","Warcry"],"picked":"Havoc","floor":1},{"not_picked":["Iron Wave","Replay:Undeath\u0027s Touch"],"picked":"Havoc","floor":3},{"not_picked":["Clash","Thunderclap"],"picked":"Reaper","floor":6},{"not_picked":["Whirlwind","Sword Boomerang"],"picked":"ReplayTheSpireMod:Stacked","floor":8}],"player_experience":345741,"relics_obtained":[{"floor":6,"key":"Whetstone"},{"floor":8,"key":"Kunai"},{"floor":9,"key":"Replay:Rubber Ducky"}],"event_choices":[{"damage_healed":0,"gold_gain":75,"player_choice":"Gather Gold","damage_taken":11,"max_hp_gain":0,"max_hp_loss":0,"event_name":"World of Goop","floor":4,"gold_loss":0}],"is_beta":false,"boss_relics":[],"items_purged_floors":[],"is_endless":false,"potions_floor_spawned":[1,3],"killed_by":"Lagavulin","ascension_level":19}}