{"host":"zxd2l8an9de7z7b9","time":1610985209,"event":{"mods":["100% Spire Juice","2.2 Compatiblity","BaseMod","CapriCore","Colored Map","Colored Powertips","GungeonMod","Minty Spire (QoL Compilation)","Rare Cards Sparkle","Replay The Spire","StSLib","SuperFastMode"],"gold_per_floor":[117,117,142,165,102,102,2,2,2,22,34,34,34,52,52,150,150,171,171,46,66,66,66,254,254,254],"floor_reached":25,"language":"KOR","playtime":1025,"items_purged":["DemoMod:Strike_Huntress","DemoMod:Defend_Huntress","ReplayTheSpireMod:Doomed"],"score":191,"play_id":"b3fa3005-bc4b-414e-b313-d90acaee56c8","local_time":"20210119005329","is_ascension_mode":false,"campfire_choices":[{"data":"DemoMod:TeaPot","floor":6,"key":"SMITH"},{"data":"DemoMod:TripleGun","floor":13,"key":"SMITH"},{"data":"DemoMod:ManualReload","floor":15,"key":"SMITH"},{"data":"DemoMod:ConditionalReflex","floor":23,"key":"SMITH"}],"circlet_count":0,"master_deck":["DemoMod:Roll","DemoMod:ManualReload+1","DemoMod:RustySidearm","DemoMod:CrossBow","Moonworks:Ambush","DemoMod:TableTechRocket","The Bomb","DemoMod:TeaPot+1","DemoMod:HuntsMan+1","DemoMod:SAA","DemoMod:DoubleSwitch","DemoMod:TripleGun+1","DemoMod:StickyCrossBow","DemoMod:Desperate","CommonCold","DemoMod:ConditionalReflex+1","Pot Of Greed","Pot Of Greed","DemoMod:AbyssalTentacle"],"relics":["DemoMod:Dog","MawBank","Torii","Kintsugi","Grinning Jar"],"acts_visited":["Exordium","TheCity"],"potions_floor_usage":[],"damage_taken":[{"damage":1,"enemies":"Small Slimes","floor":1,"turns":3},{"damage":6,"enemies":"Jaw Worm","floor":3,"turns":2},{"damage":0,"enemies":"Cultist","floor":4,"turns":2},{"damage":2,"enemies":"Blue Slaver","floor":10,"turns":3},{"damage":0,"enemies":"3 Louse","floor":11,"turns":2},{"damage":1,"enemies":"Looter","floor":14,"turns":2},{"damage":11,"enemies":"Slime Boss","floor":16,"turns":7},{"damage":27,"enemies":"Spheric Guardian","floor":18,"turns":4},{"damage":12,"enemies":"3 Byrds","floor":21,"turns":5},{"damage":26,"enemies":"3 Cultists","floor":25,"turns":5}],"seed_played":"-379778180122204989","potions_obtained":[{"floor":10,"key":"Dexterity Potion"},{"floor":11,"key":"Strength Potion"},{"floor":16,"key":"Ancient Potion"}],"is_trial":false,"path_per_floor":["M","?","M","M","$","R","$","?","T","M","M","$","R","M","R","B",null,"M","?","$","M","?","R","?","M"],"character_chosen":"HUNTRESS","items_purchased":[],"campfire_rested":0,"item_purchase_floors":[],"current_hp_per_floor":[69,66,60,60,60,60,60,60,60,58,58,58,58,57,57,46,70,43,43,43,31,31,31,31,5,5],"gold":254,"neow_bonus":"RANDOM_COLORLESS_2","is_daily":false,"chose_seed":false,"campfire_upgraded":4,"win_rate":0.0,"timestamp":1610985209,"path_taken":["M","?","M","M","$","R","$","?","T","M","?","$","R","M","R","BOSS","M","?","$","M","?","R","?","M"],"items_purchased_type":[],"build_version":"2020-12-22","purchased_purges":3,"victory":false,"max_hp_per_floor":[70,70,70,70,70,70,70,70,70,70,70,70,70,70,70,70,70,70,70,70,70,70,70,70,70,70],"card_choices":[{"not_picked":["Transmutation","Metamorphosis"],"picked":"The Bomb","floor":0},{"not_picked":["DemoMod:MachoBrace","DemoMod:CombinedRifle"],"picked":"DemoMod:TeaPot","floor":1},{"not_picked":["DemoMod:AC15","DemoMod:CursedBullets"],"picked":"DemoMod:HuntsMan","floor":3},{"not_picked":["DemoMod:GunstockTap","DemoMod:PotionOfGunFriendShip","DemoMod:ConditionalReflex"],"picked":"SKIP","floor":4},{"not_picked":["DemoMod:Elimentaler","DemoMod:ConditionalReflex"],"picked":"DemoMod:SAA","floor":10},{"not_picked":["DemoMod:HardPowerCard","DemoMod:CursedBullets"],"picked":"DemoMod:DoubleSwitch","floor":10},{"not_picked":["DemoMod:MachoBrace","DemoMod:SniperShot"],"picked":"DemoMod:TripleGun","floor":11},{"not_picked":["DemoMod:GunstockTap","DemoMod:DirectionalPad"],"picked":"DemoMod:StickyCrossBow","floor":14},{"not_picked":["DemoMod:BalloonGun","DemoMod:BlankBullets"],"picked":"DemoMod:Desperate","floor":16},{"not_picked":["DemoMod:TeaPot+1","DemoMod:PotionOfGunFriendShip"],"picked":"DemoMod:ConditionalReflex","floor":18},{"not_picked":["DemoMod:AC15","DemoMod:JK47+1"],"picked":"DemoMod:AbyssalTentacle","floor":21}],"player_experience":325295,"relics_obtained":[{"floor":9,"key":"Torii"},{"floor":21,"key":"Grinning Jar"}],"event_choices":[{"damage_healed":0,"gold_gain":0,"player_choice":"Success","damage_taken":3,"relics_obtained":["MawBank"],"max_hp_gain":0,"max_hp_loss":0,"event_name":"Scrap Ooze","floor":2,"gold_loss":0},{"damage_healed":0,"gold_gain":0,"player_choice":"Upgraded","damage_taken":0,"max_hp_gain":0,"max_hp_loss":0,"event_name":"Upgrade Shrine","floor":8,"gold_loss":0,"cards_upgraded":["DemoMod:HuntsMan"]},{"damage_healed":0,"gold_gain":0,"player_choice":"Ignored","damage_taken":0,"max_hp_gain":0,"max_hp_loss":0,"event_name":"Cursed Tome","floor":19,"gold_loss":0},{"damage_healed":0,"gold_gain":0,"player_choice":"Ignored","damage_taken":0,"max_hp_gain":0,"max_hp_loss":0,"event_name":"Vampires","floor":22,"gold_loss":0}],"is_beta":false,"boss_relics":[{"not_picked":["Tiny House","Black Star"],"picked":"Kintsugi"}],"items_purged_floors":[5,7,20],"is_endless":false,"potions_floor_spawned":[10,11,16],"killed_by":"3 Cultists","ascension_level":0}}