{"host":"qie07cxbi2v0we72","time":1610983224,"event":{"mods":["BaseMod","Minty Spire (QoL Compilation)","Relic Stats","StSLib","SuperFastMode","The Judge","Waifu the Spire","thorton"],"gold_per_floor":[124,124,124,124,150,170,199,47,47,47,72,100,100,140,140,284,284,338,338,338,64,119,128,162,162,162],"floor_reached":24,"language":"ENG","playtime":816,"items_purged":[],"score":187,"play_id":"fbf7c863-3a43-4def-9ad6-43d9abdec25c","local_time":"20210118162024","is_ascension_mode":false,"campfire_choices":[{"floor":10,"key":"REST"},{"floor":13,"key":"REST"},{"floor":15,"key":"REST"},{"floor":23,"key":"REST"}],"circlet_count":0,"master_deck":["thethorton:Strike","thethorton:Strike","thethorton:Strike","thethorton:Strike","thethorton:Defend","thethorton:Defend","thethorton:Defend","thethorton:Defend","thethorton:Heckle","thethorton:CreditCard","thethorton:SheetShred+1","Injury","thethorton:FocusStrength","thethorton:Investment","thethorton:DualBap","thethorton:Octopus","thethorton:CashBash","thethorton:CoinShield","thethorton:PocketChange","thethorton:GemGun","thethorton:YoureFired","thethorton:DualBap+1","thethorton:OddChange","thethorton:WhirlingBriefcase+1","thethorton:GoldBuffer+1"],"relics":["thethorton:CouragePotion","Golden Idol","Spirit Poop","Toy Ornithopter","Dream Catcher","SacredBark","CeramicFish","Darkstone Periapt"],"acts_visited":["Exordium","TheCity"],"potions_floor_usage":[11],"damage_taken":[{"damage":7,"enemies":"2 Louse","floor":1,"turns":3},{"damage":5,"enemies":"Jaw Worm","floor":5,"turns":5},{"damage":3,"enemies":"Small Slimes","floor":6,"turns":5},{"damage":37,"enemies":"Exordium Thugs","floor":7,"turns":6},{"damage":5,"enemies":"3 Louse","floor":11,"turns":4},{"damage":11,"enemies":"Exordium Wildlife","floor":12,"turns":4},{"damage":11,"enemies":"Red Slaver","floor":14,"turns":6},{"damage":34,"enemies":"Hexaghost","floor":16,"turns":11},{"damage":19,"enemies":"Shell Parasite","floor":18,"turns":12},{"damage":44,"enemies":"3 Byrds","floor":22,"turns":9},{"damage":57,"enemies":"Shelled Parasite and Fungi","floor":24,"turns":7}],"seed_played":"689130568872904951","potions_obtained":[{"floor":7,"key":"ColorlessPotion"},{"floor":12,"key":"Dexterity Potion"},{"floor":16,"key":"SpeedPotion"}],"is_trial":true,"path_per_floor":["M","?","?","?","M","M","M","$","T","R","M","M","R","M","R","B",null,"M","?","?","$","M","R","M"],"character_chosen":"THE_THORT","items_purchased":["Toy Ornithopter","Darkstone Periapt","thethorton:OddChange"],"campfire_rested":4,"item_purchase_floors":[8,21,21],"current_hp_per_floor":[61,61,61,61,56,53,16,16,16,36,36,25,45,34,54,20,68,49,49,68,68,24,44,0,0,0],"gold":162,"neow_bonus":"","is_daily":false,"chose_seed":false,"campfire_upgraded":0,"win_rate":0.0,"timestamp":1610983224,"path_taken":["M","?","?","?","M","M","M","$","T","R","?","M","R","M","R","BOSS","M","?","?","$","M","R","M"],"items_purchased_type":["Relic","Relic","Card"],"build_version":"2020-12-22","purchased_purges":0,"victory":false,"max_hp_per_floor":[68,68,68,68,68,68,68,68,68,68,68,68,68,68,68,68,68,68,68,68,68,68,68,68,68,68],"relic_stats":{"Darkstone Periapt":0,"Dream Catcher":4,"counters":[11,65],"Golden Idol":61,"CeramicFish":36,"obtain_stats":[{"Darkstone Periapt":21,"Dream Catcher":9,"Golden Idol":2,"SacredBark":17,"CeramicFish":18,"Spirit Poop":4,"thethorton:CouragePotion":0,"Toy Ornithopter":8},{"Darkstone Periapt":9,"Dream Catcher":4,"Golden Idol":1,"SacredBark":8,"CeramicFish":9,"Spirit Poop":1,"thethorton:CouragePotion":0,"Toy Ornithopter":4},{"Darkstone Periapt":50,"Dream Catcher":17,"Golden Idol":3,"SacredBark":39,"CeramicFish":41,"Spirit Poop":3,"thethorton:CouragePotion":0,"Toy Ornithopter":17}],"Toy Ornithopter":5},"card_choices":[{"not_picked":["thethorton:DualBap","thethorton:BookBash"],"picked":"thethorton:SheetShred","floor":1},{"not_picked":["thethorton:AngerMoment","thethorton:BookBash"],"picked":"thethorton:FocusStrength","floor":5},{"not_picked":["thethorton:RunningKick","thethorton:AngerMoment"],"picked":"thethorton:Investment","floor":6},{"not_picked":["thethorton:Escape","thethorton:DownPayment"],"picked":"thethorton:DualBap","floor":7},{"not_picked":["thethorton:Distance","thethorton:StumblingSlap"],"picked":"thethorton:Octopus","floor":10},{"not_picked":["thethorton:ToxicGreed","thethorton:LongTermPayoff"],"picked":"thethorton:CashBash","floor":11},{"not_picked":["thethorton:Distance","thethorton:ShoutAndRun"],"picked":"thethorton:CoinShield","floor":12},{"not_picked":["thethorton:CashBash","thethorton:FeelNoBrain"],"picked":"thethorton:PocketChange","floor":13},{"not_picked":["thethorton:MidnightStrike","thethorton:FearfulRun"],"picked":"thethorton:GemGun","floor":14},{"not_picked":["thethorton:Fortune","thethorton:CrashingStocks"],"picked":"thethorton:YoureFired","floor":16},{"not_picked":["thethorton:RunningKick","thethorton:FocusStrength"],"picked":"thethorton:DualBap+1","floor":18},{"not_picked":["thethorton:StumblingSlap","thethorton:SicklyRun+1"],"picked":"thethorton:WhirlingBriefcase+1","floor":22},{"not_picked":["thethorton:DesperateRun","thethorton:ROI"],"picked":"thethorton:GoldBuffer+1","floor":23}],"player_experience":900771,"relics_obtained":[{"floor":9,"key":"Dream Catcher"}],"event_choices":[{"damage_healed":0,"gold_gain":0,"player_choice":"Take Wound","damage_taken":0,"relics_obtained":["Golden Idol"],"max_hp_gain":0,"max_hp_loss":0,"event_name":"Golden Idol","floor":2,"gold_loss":0,"cards_obtained":["Injury"]},{"damage_healed":0,"gold_gain":0,"player_choice":"Grow","damage_taken":0,"max_hp_gain":0,"max_hp_loss":0,"event_name":"Living Wall","floor":3,"gold_loss":0,"cards_upgraded":["thethorton:SheetShred"]},{"cards_removed":["Normality"],"damage_healed":0,"gold_gain":0,"player_choice":"Offered Curse","damage_taken":0,"relics_obtained":["Spirit Poop"],"max_hp_gain":0,"max_hp_loss":0,"event_name":"Bonfire Elementals","floor":4,"gold_loss":0},{"damage_healed":0,"gold_gain":0,"player_choice":"Ignored","damage_taken":0,"max_hp_gain":0,"max_hp_loss":0,"event_name":"Ghosts","floor":19,"gold_loss":0},{"damage_healed":22,"gold_gain":0,"player_choice":"Heal","damage_taken":0,"max_hp_gain":0,"max_hp_loss":0,"event_name":"The Library","floor":20,"gold_loss":0}],"is_beta":false,"boss_relics":[{"not_picked":["Philosopher\u0027s Stone","Pandora\u0027s Box"],"picked":"SacredBark"}],"items_purged_floors":[],"is_endless":true,"potions_floor_spawned":[7,12,16],"killed_by":"Shelled Parasite and Fungi","ascension_level":0}}