{"host":"s3s7xsmblwiz356v","time":1610945296,"event":{"mods":["AchievementEnabler","BaseMod","Block Reminder","Colored Map","Colored Powertips","Minty Spire (QoL Compilation)"],"gold_per_floor":[118,118,118,132,146,146,184,184,207,238,238,262,331,261,261,360,360,383,404,329,329,54,90,90,104,104,135,135,170,170,191,191,290,290,315,334,354,354,410,454,454,490,490,515,261,284,284,304,304,304,304,304,71,102,102,102],"floor_reached":55,"language":"ENG","playtime":12610,"items_purged":["Slice"],"score":1516,"play_id":"46b4c4c7-c618-42d6-a204-4c2307602e6f","local_time":"20210117234816","is_ascension_mode":true,"campfire_choices":[{"data":"Quick Slash","floor":6.0,"key":"SMITH"},{"floor":8.0,"key":"REST"},{"data":"Predator","floor":11.0,"key":"SMITH"},{"floor":15.0,"key":"REST"},{"data":"Leg Sweep","floor":24.0,"key":"SMITH"},{"floor":30.0,"key":"REST"},{"floor":32.0,"key":"REST"},{"floor":47,"key":"REST"},{"floor":49,"key":"RECALL"},{"data":"Parasite","floor":52,"key":"PURGE"}],"circlet_count":0,"master_deck":["AscendersBane","Strike_G","Strike_G","Strike_G","Strike_G","Defend_G","Defend_G","Defend_G","Defend_G","Defend_G","Survivor","Neutralize","Flechettes","Quick Slash+1","After Image","Predator+1","Leg Sweep+1","Unload","After Image","Acrobatics+1","Eviscerate+1","Backflip+1","Blade Dance","Well Laid Plans","Bullet Time","Eviscerate","Tactician+1","Calculated Gamble+1","Phantasmal Killer","Underhanded Strike+1"],"relics":["Ring of the Serpent","Ice Cream","Golden Idol","Dream Catcher","Tiny Chest","StrikeDummy","FossilizedHelix","Snecko Eye","HornCleat","DollysMirror","Blue Candle","Question Card","Toy Ornithopter","PreservedInsect","Bottled Lightning","Peace Pipe","Oddly Smooth Stone","Mummified Hand","Shuriken","Centennial Puzzle","Bag of Preparation"],"acts_visited":["Exordium","TheCity","TheBeyond","TheEnding"],"potions_floor_usage":[42,48,55,55],"damage_taken":[{"damage":0.0,"enemies":"Cultist","floor":1.0,"turns":5.0},{"damage":0.0,"enemies":"Small Slimes","floor":4.0,"turns":3.0},{"damage":0.0,"enemies":"Jaw Worm","floor":5.0,"turns":4.0},{"damage":41.0,"enemies":"Lagavulin","floor":7.0,"turns":7.0},{"damage":6.0,"enemies":"Gremlin Nob","floor":10.0,"turns":4.0},{"damage":0.0,"enemies":"Blue Slaver","floor":12.0,"turns":3.0},{"damage":10.0,"enemies":"Gremlin Nob","floor":13.0,"turns":5.0},{"damage":15.0,"enemies":"Slime Boss","floor":16.0,"turns":16.0},{"damage":0.0,"enemies":"Spheric Guardian","floor":18.0,"turns":3.0},{"damage":0.0,"enemies":"Chosen","floor":19.0,"turns":6.0},{"damage":0.0,"enemies":"Book of Stabbing","floor":23.0,"turns":5.0},{"damage":17.0,"enemies":"Snake Plant","floor":25.0,"turns":7.0},{"damage":0.0,"enemies":"Gremlin Leader","floor":27.0,"turns":7.0},{"damage":29.0,"enemies":"Slavers","floor":29.0,"turns":7.0},{"damage":6.0,"enemies":"Cultist and Chosen","floor":31.0,"turns":6.0},{"damage":17.0,"enemies":"Champ","floor":33.0,"turns":15.0},{"damage":0,"enemies":"Orb Walker","floor":35,"turns":3},{"damage":0,"enemies":"3 Shapes","floor":36,"turns":5},{"damage":0,"enemies":"Jaw Worm Horde","floor":37,"turns":3},{"damage":49,"enemies":"2 Orb Walkers","floor":39,"turns":7},{"damage":0,"enemies":"Reptomancer","floor":40,"turns":4},{"damage":0,"enemies":"Giant Head","floor":42,"turns":6},{"damage":0,"enemies":"Writhing Mass","floor":44,"turns":8},{"damage":0,"enemies":"Sphere and 2 Shapes","floor":48,"turns":4},{"damage":25,"enemies":"Donu and Deca","floor":50,"turns":9},{"damage":0,"enemies":"Shield and Spear","floor":54,"turns":3},{"damage":58,"enemies":"The Heart","floor":55,"turns":8}],"seed_played":"2412009055018545673","potions_obtained":[{"floor":4.0,"key":"Energy Potion"},{"floor":5.0,"key":"AttackPotion"},{"floor":12.0,"key":"Block Potion"},{"floor":25.0,"key":"ColorlessPotion"},{"floor":29.0,"key":"Weak Potion"},{"floor":39,"key":"Fire Potion"},{"floor":40,"key":"Poison Potion"},{"floor":42,"key":"Dexterity Potion"},{"floor":44,"key":"GamblersBrew"}],"is_trial":false,"path_per_floor":["M","?","?","M","M","R","E","R","T","E","R","M","?","?","R","B",null,"M","M","$","T","$","E","R","M","T","E","?","E","R","M","R","B",null,"M","M","M","T","?","E","?","E","T","M","$","T","R","M","R","B",null,"R","$","E","B"],"character_chosen":"THE_SILENT","items_purchased":["FearPotion","LiquidBronze","DollysMirror","Shuriken","Bag of Preparation","DistilledChaos"],"campfire_rested":5,"item_purchase_floors":[22,22,22,45,53,53],"current_hp_per_floor":[44,44,44,44,44,44,3,21,21,15,15,15,5,5,23,8,47,47,47,47,47,47,47,47,30,30,30,30,1,19,13,31,19,50,50,50,50,50,1,1,1,6,6,6,6,6,24,29,29,4,46,46,46,46,0,0],"gold":102,"neow_bonus":"ONE_RARE_RELIC","is_daily":false,"chose_seed":false,"campfire_upgraded":3,"win_rate":0.0,"timestamp":1610945296,"path_taken":["M","?","?","M","M","R","E","R","T","E","R","?","?","?","R","BOSS","M","M","$","?","$","E","R","?","T","E","?","E","R","M","R","BOSS","M","?","M","?","?","E","?","E","T","M","?","?","R","M","R","BOSS","R","$","E","BOSS"],"items_purchased_type":["Potion","Potion","Relic","Relic","Relic","Potion"],"build_version":"2020-12-22","purchased_purges":1,"victory":false,"max_hp_per_floor":[66,60,60,60,60,60,60,60,60,60,60,60,60,60,60,60,60,60,60,60,60,60,60,60,60,60,60,60,60,60,60,60,60,60,60,60,60,60,60,60,60,60,60,60,60,60,60,60,60,60,60,57,57,57,57,57],"card_choices":[{"not_picked":["Underhanded Strike","Footwork"],"picked":"Slice","floor":1.0},{"not_picked":["Noxious Fumes","Tactician","Cloak And Dagger"],"picked":"SKIP","floor":4.0},{"not_picked":["Choke","Deflect"],"picked":"Quick Slash","floor":5.0},{"not_picked":["Dodge and Roll","Distraction"],"picked":"After Image","floor":7.0},{"not_picked":["Dagger Throw","Choke"],"picked":"Predator","floor":8.0},{"not_picked":["Quick Slash","Underhanded Strike","Slice"],"picked":"SKIP","floor":10.0},{"not_picked":["Blur","Caltrops"],"picked":"Leg Sweep","floor":12.0},{"not_picked":["Reflex","Dodge and Roll"],"picked":"Heel Hook","floor":15.0},{"not_picked":["Envenom","A Thousand Cuts"],"picked":"Unload","floor":16.0},{"not_picked":["Underhanded Strike","Endless Agony","Riddle With Holes"],"picked":"SKIP","floor":18.0},{"not_picked":["Quick Slash","Cloak And Dagger","Blur"],"picked":"SKIP","floor":19.0},{"not_picked":["Prepared","Deadly Poison","Outmaneuver"],"picked":"SKIP","floor":23.0},{"not_picked":["Prepared","Deadly Poison","Outmaneuver"],"picked":"SKIP","floor":23.0},{"not_picked":["PiercingWail","Prepared"],"picked":"Acrobatics+1","floor":25.0},{"not_picked":["Malaise","Deadly Poison+1","Quick Slash+1"],"picked":"Eviscerate","floor":27.0},{"not_picked":["Masterful Stab+1","Noxious Fumes","Reflex"],"picked":"Backflip+1","floor":29.0},{"not_picked":["Deflect+1","Slice","Underhanded Strike"],"picked":"Blade Dance","floor":30.0},{"not_picked":["Dodge and Roll","Dagger Spray","Riddle With Holes","Adrenaline"],"picked":"SKIP","floor":31.0},{"not_picked":["Bane","Deflect","Dagger Spray"],"picked":"Well Laid Plans","floor":32.0},{"not_picked":["Malaise","A Thousand Cuts","Glass Knife"],"picked":"Bullet Time","floor":33.0},{"not_picked":["PiercingWail","Underhanded Strike","Dagger Spray","Riddle With Holes"],"picked":"SKIP","floor":35},{"not_picked":["Deflect","Blade Dance+1","Choke+1"],"picked":"Eviscerate","floor":36},{"not_picked":["Bane","Finisher","Infinite Blades"],"picked":"Tactician+1","floor":37},{"not_picked":["Choke","Bouncing Flask","Outmaneuver","Riddle With Holes"],"picked":"SKIP","floor":40},{"not_picked":["Riddle With Holes","Acrobatics","Dagger Throw","Flying Knee"],"picked":"SKIP","floor":42},{"not_picked":["Poisoned Stab","Bouncing Flask","Backstab","Caltrops"],"picked":"SKIP","floor":44},{"not_picked":["Terror","Choke","Dodge and Roll"],"picked":"Calculated Gamble+1","floor":47},{"not_picked":["Sucker Punch+1","Skewer","Dash"],"picked":"Phantasmal Killer","floor":48},{"not_picked":["Prepared+1","Dagger Throw","Acrobatics"],"picked":"Underhanded Strike+1","floor":54}],"player_experience":436548,"relics_obtained":[{"floor":7.0,"key":"Dream Catcher"},{"floor":9.0,"key":"Tiny Chest"},{"floor":10.0,"key":"StrikeDummy"},{"floor":13.0,"key":"FossilizedHelix"},{"floor":21.0,"key":"HornCleat"},{"floor":23.0,"key":"Blue Candle"},{"floor":26.0,"key":"Question Card"},{"floor":27.0,"key":"Toy Ornithopter"},{"floor":29.0,"key":"PreservedInsect"},{"floor":38,"key":"Bottled Lightning"},{"floor":39,"key":"Peace Pipe"},{"floor":40,"key":"Oddly Smooth Stone"},{"floor":42,"key":"Mummified Hand"},{"floor":46,"key":"Centennial Puzzle"}],"event_choices":[{"damage_healed":0.0,"max_hp_gain":0.0,"max_hp_loss":6.0,"gold_gain":0.0,"event_name":"Golden Idol","player_choice":"Lose Max HP","floor":2.0,"gold_loss":0.0,"damage_taken":0.0,"relics_obtained":["Golden Idol"]},{"damage_healed":0.0,"max_hp_gain":0.0,"max_hp_loss":0.0,"gold_gain":0.0,"cards_transformed":["Strike_G"],"event_name":"Transmorgrifier","player_choice":"Transformed","floor":3.0,"gold_loss":0.0,"damage_taken":0.0,"cards_obtained":["Flechettes"]},{"damage_healed":0.0,"max_hp_gain":0.0,"max_hp_loss":0.0,"gold_gain":0.0,"event_name":"Dead Adventurer","player_choice":"Searched \u00271\u0027 times","floor":13.0,"gold_loss":0.0,"damage_taken":0.0},{"damage_healed":0.0,"max_hp_gain":0.0,"max_hp_loss":0.0,"gold_gain":0.0,"event_name":"World of Goop","player_choice":"Left Gold","floor":14.0,"gold_loss":70.0,"damage_taken":0.0},{"damage_healed":0.0,"max_hp_gain":0.0,"max_hp_loss":0.0,"gold_gain":0.0,"event_name":"Accursed Blacksmith","player_choice":"Forge","floor":28.0,"gold_loss":0.0,"damage_taken":0.0,"cards_upgraded":["Eviscerate"]},{"damage_healed":0,"gold_gain":0,"player_choice":"Fight","damage_taken":0,"max_hp_gain":0,"max_hp_loss":0,"event_name":"Mysterious Sphere","floor":39,"gold_loss":0},{"cards_removed":["Heel Hook"],"damage_healed":0,"gold_gain":0,"player_choice":"Removed Attack","damage_taken":0,"max_hp_gain":0,"max_hp_loss":0,"event_name":"Falling","floor":41,"gold_loss":0}],"is_beta":false,"boss_relics":[{"not_picked":["SlaversCollar","Empty Cage"],"picked":"Snecko Eye"},{"not_picked":["Busted Crown","Runic Pyramid"],"picked":"Ring of the Serpent"}],"items_purged_floors":[20],"is_endless":false,"potions_floor_spawned":[4,5,12,25,29,39,40,42,44],"killed_by":"The Heart","ascension_level":15}}