{"host":"6azrrw3tf7wb0f4b","time":1610954747,"event":{"mods":["BaseMod","DeckTracker","Minty Spire (QoL Compilation)","SuperFastMode"],"gold_per_floor":[116,127,143,160,235,235,254,254,330,330,330],"floor_reached":10,"language":"KOR","playtime":317,"items_purged":[],"score":99,"play_id":"eb00abac-a0d7-42c2-948c-03bdf6b8fdae","local_time":"20210118162547","is_ascension_mode":true,"campfire_choices":[{"floor":6,"key":"REST"},{"floor":8,"key":"REST"}],"circlet_count":0,"master_deck":["AscendersBane","Strike_B","Strike_B","Strike_B","Strike_B","Defend_B","Defend_B","Defend_B","Defend_B","Zap","Dualcast","Buffer","Loop","Redo","BootSequence","Chill","Melter"],"relics":["Cracked Core","Darkstone Periapt"],"acts_visited":["Exordium"],"potions_floor_usage":[10],"damage_taken":[{"damage":6,"enemies":"Cultist","floor":1,"turns":5},{"damage":4,"enemies":"2 Louse","floor":2,"turns":3},{"damage":2,"enemies":"Jaw Worm","floor":3,"turns":4},{"damage":40,"enemies":"Gremlin Gang","floor":4,"turns":6},{"damage":16,"enemies":"Exordium Wildlife","floor":7,"turns":6},{"damage":34,"enemies":"Gremlin Nob","floor":10,"turns":4}],"seed_played":"7374437473496013408","potions_obtained":[{"floor":1,"key":"SpeedPotion"},{"floor":7,"key":"Weak Potion"}],"is_trial":false,"path_per_floor":["M","M","M","M","?","R","M","R","T","E"],"character_chosen":"DEFECT","items_purchased":[],"campfire_rested":2,"item_purchase_floors":[],"current_hp_per_floor":[62,58,56,16,5,27,11,33,33,0,0],"gold":330,"neow_bonus":"ONE_RANDOM_RARE_CARD","is_daily":false,"chose_seed":false,"campfire_upgraded":0,"win_rate":0.0,"timestamp":1610954747,"path_taken":["M","M","?","M","?","R","M","R","T","E"],"items_purchased_type":[],"build_version":"2020-12-22","purchased_purges":0,"victory":false,"max_hp_per_floor":[75,75,75,75,75,75,75,75,75,75,75],"card_choices":[{"not_picked":["Redo","Steam"],"picked":"Loop","floor":1},{"not_picked":["Turbo","Aggregate"],"picked":"Redo","floor":2},{"not_picked":["Leap","All For One"],"picked":"BootSequence","floor":3},{"not_picked":["Hologram","Gash"],"picked":"Chill","floor":4},{"not_picked":["Consume","Leap"],"picked":"Melter","floor":7}],"player_experience":727045,"relics_obtained":[{"floor":9,"key":"Darkstone Periapt"}],"event_choices":[{"damage_healed":0,"gold_gain":75,"player_choice":"Gather Gold","damage_taken":11,"max_hp_gain":0,"max_hp_loss":0,"event_name":"World of Goop","floor":5,"gold_loss":0}],"is_beta":false,"boss_relics":[],"items_purged_floors":[],"is_endless":false,"potions_floor_spawned":[1,7],"killed_by":"Gremlin Nob","ascension_level":13}}