{"host":"vyjryxuuuxkt43k4","time":1610976943,"event":{"mods":["AchievementEnabler","BaseMod","Colored Map","DeckTracker","Keyboard Shortcuts","Minty Spire (QoL Compilation)","Permanent Neow","Quick Restart","Rare Cards Sparkle","StSLib","SuperFastMode","everything is the same but u backflip on backflip"],"gold_per_floor":[18,18,33,45,55,55,70,105,105,117,42,42,117,117,117,218,218,231,231,245,257,270,270,270,270],"floor_reached":24,"language":"KOR","playtime":1151,"items_purged":["Strike_R"],"score":400,"play_id":"34256040-2e11-4852-bd27-787d8cdffbe8","local_time":"20210118223543","is_ascension_mode":true,"campfire_choices":[{"data":"Searing Blow","floor":6,"key":"SMITH"},{"data":"Searing Blow+1","floor":12,"key":"SMITH"},{"data":"Searing Blow+3","floor":15,"key":"SMITH"},{"data":"Searing Blow+4","floor":23,"key":"SMITH"}],"circlet_count":0,"master_deck":["AscendersBane","Strike_R","Defend_R","Defend_R","Defend_R","Defend_R","Bash","Wild Strike","Inflame","Searing Blow+5","Headbutt","Shrug It Off","Impervious","Seeing Red","Sentinel","Battle Trance","Seeing Red","Corruption"],"relics":["Burning Blood","Pen Nib","Mark of Pain"],"acts_visited":["Exordium","TheCity"],"potions_floor_usage":[7,10,16,24],"damage_taken":[{"damage":0,"enemies":"2 Louse","floor":1,"turns":3},{"damage":6,"enemies":"Cultist","floor":3,"turns":4},{"damage":12,"enemies":"Jaw Worm","floor":4,"turns":4},{"damage":4,"enemies":"Large Slime","floor":5,"turns":6},{"damage":20,"enemies":"Gremlin Gang","floor":7,"turns":4},{"damage":24,"enemies":"Gremlin Nob","floor":8,"turns":4},{"damage":1,"enemies":"Looter","floor":10,"turns":4},{"damage":0,"enemies":"Slime Boss","floor":16,"turns":5},{"damage":31,"enemies":"Shell Parasite","floor":18,"turns":5},{"damage":0,"enemies":"Chosen","floor":20,"turns":3},{"damage":21,"enemies":"Centurion and Healer","floor":21,"turns":4},{"damage":35,"enemies":"Sentry and Sphere","floor":22,"turns":5},{"damage":10,"enemies":"Snecko","floor":24,"turns":2}],"seed_played":"-2616281002501483797","potions_obtained":[{"floor":4,"key":"Energy Potion"},{"floor":5,"key":"ColorlessPotion"},{"floor":8,"key":"AttackPotion"},{"floor":10,"key":"BlessingOfTheForge"},{"floor":20,"key":"Explosive Potion"}],"is_trial":false,"path_per_floor":["M","?","M","M","M","R","M","E","T","M","$","R","?","?","R","B",null,"M","?","M","M","M","R","M"],"character_chosen":"IRONCLAD","items_purchased":[],"campfire_rested":0,"item_purchase_floors":[],"current_hp_per_floor":[78,78,78,72,74,74,60,42,42,47,47,47,36,36,36,42,71,46,46,52,37,8,8,0,0],"gold":270,"neow_bonus":"REMOVE_TWO","is_daily":false,"chose_seed":false,"campfire_upgraded":4,"win_rate":0.0,"timestamp":1610976943,"path_taken":["M","?","M","M","M","R","?","E","T","M","$","R","?","?","R","BOSS","M","?","M","?","M","R","M"],"items_purchased_type":[],"build_version":"2020-12-22","purchased_purges":1,"victory":false,"max_hp_per_floor":[80,80,80,80,80,80,80,80,80,80,80,80,80,80,80,80,80,80,80,80,80,80,80,80,80],"card_choices":[{"not_picked":["Perfected Strike","Shockwave"],"picked":"Wild Strike","floor":1},{"not_picked":["Perfected Strike","Armaments"],"picked":"Searing Blow","floor":3},{"not_picked":["Sword Boomerang","Rage","Iron Wave"],"picked":"SKIP","floor":4},{"not_picked":["Wild Strike","Sentinel"],"picked":"Headbutt","floor":5},{"not_picked":["Limit Break","Clothesline"],"picked":"Shrug It Off","floor":7},{"not_picked":["Entrench","Anger"],"picked":"Fire Breathing","floor":8},{"not_picked":["Perfected Strike","Pommel Strike","Wild Strike"],"picked":"SKIP","floor":10},{"not_picked":["Limit Break","Brutality"],"picked":"Impervious","floor":16},{"not_picked":["Metallicize","Heavy Blade"],"picked":"Seeing Red","floor":18},{"not_picked":["Dropkick","True Grit"],"picked":"Battle Trance","floor":20},{"not_picked":["Body Slam","Perfected Strike"],"picked":"Seeing Red","floor":21},{"not_picked":["Warcry","Clash"],"picked":"Corruption","floor":22}],"player_experience":455490,"relics_obtained":[{"floor":8,"key":"Pen Nib"}],"event_choices":[{"damage_healed":0,"gold_gain":0,"cards_transformed":["Strike_R"],"player_choice":"Transformed","damage_taken":0,"max_hp_gain":0,"max_hp_loss":0,"event_name":"Transmorgrifier","floor":2,"gold_loss":0,"cards_obtained":["Inflame"]},{"damage_healed":0,"gold_gain":75,"player_choice":"Gather Gold","damage_taken":11,"max_hp_gain":0,"max_hp_loss":0,"event_name":"World of Goop","floor":13,"gold_loss":0},{"damage_healed":0,"gold_gain":0,"player_choice":"Grow","damage_taken":0,"max_hp_gain":0,"max_hp_loss":0,"event_name":"Living Wall","floor":14,"gold_loss":0,"cards_upgraded":["Searing Blow"]},{"damage_healed":0,"gold_gain":0,"cards_transformed":["Fire Breathing"],"player_choice":"Transformed","damage_taken":0,"max_hp_gain":0,"max_hp_loss":0,"event_name":"Transmorgrifier","floor":19,"gold_loss":0,"cards_obtained":["Sentinel"]}],"is_beta":false,"boss_relics":[{"not_picked":["Runic Pyramid","SacredBark"],"picked":"Mark of Pain"}],"items_purged_floors":[11],"is_endless":false,"potions_floor_spawned":[4,5,8,10,20],"killed_by":"Snecko","ascension_level":12}}