{"host":"lnt5dzsuhru0aonl","time":1610960675,"event":{"mods":["2.2 Compatiblity","BaseMod","Colored Map","Colored Powertips","DeckTracker","Keyboard Shortcuts","Minty Spire (QoL Compilation)","Permanent Neow","StSLib","SuperFastMode","everything is the same but u backflip on backflip"],"gold_per_floor":[119,119,194,244,313,333,333,343,343,343,66,99,109,127,127,203,203,215,235,235,235,235,270,270,270,270],"floor_reached":25,"language":"KOR","playtime":743,"items_purged":["Strike_G"],"score":538,"play_id":"176ef18a-98c1-4a9d-81ce-26c815ba8aea","local_time":"20210118180435","is_ascension_mode":true,"campfire_choices":[{"data":"Poisoned Stab","floor":7,"key":"SMITH"},{"data":"Deadly Poison","floor":10,"key":"SMITH"},{"data":"Footwork","floor":15,"key":"SMITH"},{"data":"Adrenaline","floor":24,"key":"SMITH"}],"circlet_count":0,"master_deck":["AscendersBane","Strike_G+1","Strike_G+1","Strike_G","Defend_G","Defend_G","Defend_G","Defend_G","Defend_G","Survivor","Neutralize","Poisoned Stab+1","Deadly Poison+1","Escape Plan","Prepared","Footwork+1","Adrenaline+1","Flying Knee+1","Backstab","PiercingWail+1"],"relics":["Ring of the Snake","Tiny Chest","Letter Opener","Meat on the Bone","Art of War","Mummified Hand","Sozu","Pear"],"acts_visited":["Exordium","TheCity"],"potions_floor_usage":[12,16,23,23],"damage_taken":[{"damage":2,"enemies":"Jaw Worm","floor":1,"turns":7},{"damage":0,"enemies":"2 Louse","floor":6,"turns":3},{"damage":0,"enemies":"Cultist","floor":8,"turns":3},{"damage":41,"enemies":"3 Sentries","floor":12,"turns":12},{"damage":0,"enemies":"Red Slaver","floor":13,"turns":4},{"damage":1,"enemies":"Looter","floor":14,"turns":3},{"damage":0,"enemies":"The Guardian","floor":16,"turns":9},{"damage":7,"enemies":"2 Thieves","floor":18,"turns":4},{"damage":9,"enemies":"Spheric Guardian","floor":19,"turns":4},{"damage":10,"enemies":"Book of Stabbing","floor":23,"turns":5},{"damage":62,"enemies":"Cultist and Chosen","floor":25,"turns":8}],"seed_played":"5962307253854334184","potions_obtained":[{"floor":1,"key":"FairyPotion"},{"floor":6,"key":"EntropicBrew"},{"floor":16,"key":"Dexterity Potion"}],"is_trial":false,"path_per_floor":["M","?","?","?","T","M","R","M","T","R","$","E","M","M","R","B",null,"M","M","?","?","?","E","R","M"],"character_chosen":"THE_SILENT","items_purchased":["Art of War","Escape Plan"],"campfire_rested":0,"item_purchase_floors":[11,11],"current_hp_per_floor":[57,37,26,26,26,26,26,26,26,26,26,16,28,39,39,39,59,52,43,43,43,43,55,55,0,0],"gold":270,"neow_bonus":"RANDOM_COMMON_RELIC","is_daily":false,"chose_seed":false,"campfire_upgraded":4,"win_rate":0.0,"timestamp":1610960675,"path_taken":["M","?","?","?","?","M","R","M","T","R","$","E","M","M","R","BOSS","M","M","?","?","?","E","R","M"],"items_purchased_type":["Relic","Card"],"build_version":"2020-12-22","purchased_purges":1,"victory":false,"max_hp_per_floor":[66,66,66,66,66,66,66,66,66,66,66,66,66,66,66,66,66,66,66,66,66,66,76,76,76,76],"card_choices":[{"not_picked":["Catalyst","Concentrate"],"picked":"Poisoned Stab","floor":1},{"not_picked":["Distraction","Predator","Dodge and Roll"],"picked":"SKIP","floor":6},{"not_picked":["Setup","Reflex"],"picked":"Deadly Poison","floor":8},{"not_picked":["Outmaneuver","Dagger Throw"],"picked":"Prepared","floor":12},{"not_picked":["Setup","Expertise","Riddle With Holes"],"picked":"SKIP","floor":13},{"not_picked":["Deflect","Die Die Die"],"picked":"Footwork","floor":14},{"not_picked":["Unload","A Thousand Cuts"],"picked":"Adrenaline","floor":16},{"not_picked":["Dagger Throw","Slice"],"picked":"Flying Knee+1","floor":18},{"not_picked":["Deflect","Finisher"],"picked":"Backstab","floor":19},{"not_picked":["Deflect","Flechettes"],"picked":"PiercingWail+1","floor":23}],"player_experience":690295,"relics_obtained":[{"floor":5,"key":"Letter Opener"},{"floor":9,"key":"Meat on the Bone"},{"floor":12,"key":"Mummified Hand"},{"floor":23,"key":"Pear"}],"event_choices":[{"damage_healed":0,"gold_gain":0,"player_choice":"Entered Light","damage_taken":20,"max_hp_gain":0,"max_hp_loss":0,"event_name":"Shining Light","floor":2,"gold_loss":0,"cards_upgraded":["Strike_G","Strike_G"]},{"damage_healed":0,"gold_gain":75,"player_choice":"Gather Gold","damage_taken":11,"max_hp_gain":0,"max_hp_loss":0,"event_name":"World of Goop","floor":3,"gold_loss":0},{"damage_healed":0,"gold_gain":50,"player_choice":"Pray","damage_taken":0,"max_hp_gain":0,"max_hp_loss":0,"event_name":"Golden Shrine","floor":4,"gold_loss":0},{"damage_healed":0,"gold_gain":0,"player_choice":"Ignored","damage_taken":0,"max_hp_gain":0,"max_hp_loss":0,"event_name":"Vampires","floor":20,"gold_loss":0},{"cards_removed":["Strike_G"],"damage_healed":0,"gold_gain":0,"player_choice":"Elegance","damage_taken":0,"max_hp_gain":0,"max_hp_loss":0,"event_name":"Back to Basics","floor":21,"gold_loss":0},{"damage_healed":0,"gold_gain":0,"player_choice":"Ignored","damage_taken":0,"max_hp_gain":0,"max_hp_loss":0,"event_name":"The Mausoleum","floor":22,"gold_loss":0}],"is_beta":false,"boss_relics":[{"not_picked":["Busted Crown","Cursed Key"],"picked":"Sozu"}],"items_purged_floors":[11],"is_endless":false,"potions_floor_spawned":[1,6,16,23],"killed_by":"Cultist and Chosen","ascension_level":20}}