{"host":"z60ck2mpr6goyib8","time":1610969746,"event":{"mods":["BaseMod","Best Route Mod","Bestiary","Better Third Choice","Block Reminder","Colored Map","Colored Powertips","Googly Eyes","Minty Spire (QoL Compilation)","Quick Restart","Relic Stats","Slay-I","StSLib","everything is the same but u backflip on backflip"],"gold_per_floor":[109,126,126,143,163,163,0,0,0,28,45,74,74,74,74,178,178,195,213,213,213,229,229,258,276,302,302,302,302],"floor_reached":28,"language":"ENG","playtime":731,"items_purged":[],"score":447,"play_id":"f7cc2998-59cc-4555-8289-1eef229b1575","local_time":"20210118113546","is_ascension_mode":true,"campfire_choices":[{"data":"Storm of Steel","floor":6.0,"key":"SMITH"},{"data":"Footwork","floor":8.0,"key":"SMITH"},{"data":"Masterful Stab","floor":15.0,"key":"SMITH"},{"data":"Glass Knife","floor":23,"key":"SMITH"},{"data":"Bullet Time","floor":27,"key":"SMITH"}],"circlet_count":0,"master_deck":["AscendersBane","Survivor","Neutralize","Adrenaline","Distraction","Reflex","Storm of Steel+1","Bullet Time+1","Terror","Heel Hook","All Out Attack","Leg Sweep","Dagger Throw","Masterful Stab+1","Flying Knee","Footwork+1","Backstab","Envenom+1","Bouncing Flask+1","Bane","Glass Knife+1","Dash","Sucker Punch","Deflect+1","Cloak And Dagger+1","Flechettes","Leg Sweep+1","Cloak And Dagger+1"],"relics":["Pandora\u0027s Box","Darkstone Periapt","Toxic Egg 2","Prayer Wheel","Runic Dome","Mercury Hourglass","Omamori"],"acts_visited":["TheCity"],"potions_floor_usage":[16,16,18],"damage_taken":[{"damage":4.0,"enemies":"Cultist","floor":1.0,"turns":3.0},{"damage":8.0,"enemies":"Small Slimes","floor":2.0,"turns":3.0},{"damage":0.0,"enemies":"Jaw Worm","floor":4.0,"turns":2.0},{"damage":0.0,"enemies":"Blue Slaver","floor":5.0,"turns":3.0},{"damage":15.0,"enemies":"Gremlin Nob","floor":10.0,"turns":4.0},{"damage":0.0,"enemies":"2 Fungi Beasts","floor":11.0,"turns":2.0},{"damage":17.0,"enemies":"3 Sentries","floor":12.0,"turns":4.0},{"damage":0,"enemies":"Slime Boss","floor":16,"turns":6},{"damage":11,"enemies":"Spheric Guardian","floor":18,"turns":3},{"damage":2,"enemies":"Chosen","floor":19,"turns":3},{"damage":8,"enemies":"Snecko","floor":22,"turns":3},{"damage":19,"enemies":"Book of Stabbing","floor":24,"turns":5},{"damage":0,"enemies":"Snake Plant","floor":25,"turns":2},{"damage":6,"enemies":"3 Cultists","floor":28,"turns":2}],"seed_played":"-5563451181859177517","potions_obtained":[{"floor":1.0,"key":"CunningPotion"},{"floor":10.0,"key":"Explosive Potion"},{"floor":11.0,"key":"Poison Potion"},{"floor":18,"key":"Poison Potion"},{"floor":24,"key":"Strength Potion"}],"is_trial":false,"path_per_floor":["M","M","?","M","M","R","$","R","T","E","M","E","?","?","R","B",null,"M","M","?","?","M","R","E","M","T","R","M"],"character_chosen":"THE_SILENT","items_purchased":["Footwork","Backstab"],"campfire_rested":0,"item_purchase_floors":[7,7],"current_hp_per_floor":[59,51,51,51,51,51,51,51,51,36,36,19,19,19,19,19,57,46,44,31,31,23,23,4,4,4,4,0,0],"gold":302,"neow_bonus":"BOSS_RELIC","is_daily":false,"chose_seed":false,"campfire_upgraded":5,"win_rate":0.0,"timestamp":1610969746,"path_taken":["M","?","?","M","M","R","?","R","T","E","M","E","?","?","R","BOSS","M","M","?","?","M","R","E","M","T","R","?"],"items_purchased_type":["Card","Card"],"build_version":"2020-12-22","purchased_purges":0,"victory":false,"max_hp_per_floor":[70,70,70,70,70,70,70,70,70,70,70,70,70,70,70,70,70,70,70,75,75,75,75,75,75,75,75,75,75],"relic_stats":{"Darkstone Periapt":0,"counters":[14,45],"Pandora\u0027s Box":[],"Prayer Wheel":4,"obtain_stats":[{"Darkstone Periapt":9,"Runic Dome":17,"Pandora\u0027s Box":0,"Prayer Wheel":12,"Omamori":26,"Toxic Egg 2":10,"Mercury Hourglass":24},{"Darkstone Periapt":4,"Runic Dome":8,"Pandora\u0027s Box":0,"Prayer Wheel":7,"Omamori":13,"Toxic Egg 2":5,"Mercury Hourglass":12},{"Darkstone Periapt":11,"Runic Dome":27,"Pandora\u0027s Box":0,"Prayer Wheel":21,"Omamori":43,"Toxic Egg 2":15,"Mercury Hourglass":41}],"Mercury Hourglass":[24]},"card_choices":[{"not_picked":["Noxious Fumes","Predator"],"picked":"Leg Sweep","floor":1.0},{"not_picked":["PiercingWail","Well Laid Plans"],"picked":"Dagger Throw","floor":2.0},{"not_picked":["Caltrops","Underhanded Strike"],"picked":"Masterful Stab","floor":4.0},{"not_picked":["Heel Hook","Acrobatics"],"picked":"Flying Knee","floor":5.0},{"not_picked":["Dodge and Roll+1","Slice"],"picked":"Envenom","floor":10.0},{"not_picked":["Dagger Spray","Flechettes"],"picked":"Bouncing Flask+1","floor":11.0},{"not_picked":["Calculated Gamble+1","All Out Attack"],"picked":"Bane","floor":12.0},{"not_picked":["Bullet Time+1","Malaise+1"],"picked":"Glass Knife","floor":16},{"not_picked":["All Out Attack","Slice+1"],"picked":"Dash","floor":18},{"not_picked":["Eviscerate+1","Dagger Spray"],"picked":"Sucker Punch","floor":18},{"not_picked":["Outmaneuver+1","Infinite Blades"],"picked":"Deflect+1","floor":19},{"not_picked":["Noxious Fumes","Riddle With Holes"],"picked":"Cloak And Dagger+1","floor":19},{"not_picked":["Deflect+1","Dagger Throw"],"picked":"Leg Sweep+1","floor":22},{"not_picked":["Flechettes","Bane","Expertise+1"],"picked":"SKIP","floor":22},{"not_picked":["Infinite Blades","Calculated Gamble+1","Eviscerate"],"picked":"SKIP","floor":24},{"not_picked":["Underhanded Strike","Sucker Punch"],"picked":"Cloak And Dagger+1","floor":25},{"not_picked":["Prepared+1","Slice","Tools of the Trade"],"picked":"SKIP","floor":25}],"player_experience":518956,"relics_obtained":[{"floor":9.0,"key":"Darkstone Periapt"},{"floor":10.0,"key":"Toxic Egg 2"},{"floor":12.0,"key":"Prayer Wheel"},{"floor":24,"key":"Mercury Hourglass"},{"floor":26,"key":"Omamori"}],"event_choices":[{"damage_healed":0.0,"max_hp_gain":0.0,"max_hp_loss":0.0,"gold_gain":0.0,"event_name":"betterThird:BetterSerpent","player_choice":"Ignored","floor":3.0,"gold_loss":0.0,"damage_taken":126.0},{"damage_healed":0.0,"max_hp_gain":0.0,"max_hp_loss":0.0,"gold_gain":0.0,"event_name":"Living Wall","player_choice":"Grow","floor":13.0,"gold_loss":0.0,"damage_taken":0.0,"cards_upgraded":["Envenom"]},{"cards_removed":["Caltrops"],"damage_healed":0.0,"max_hp_gain":0.0,"max_hp_loss":0.0,"gold_gain":0.0,"event_name":"Purifier","player_choice":"Purged","floor":14.0,"gold_loss":0.0,"damage_taken":0.0},{"damage_healed":0,"gold_gain":0,"player_choice":"Shed Blood","damage_taken":18,"max_hp_gain":5,"max_hp_loss":0,"event_name":"Forgotten Altar","floor":20,"gold_loss":0},{"damage_healed":0,"gold_gain":0,"cards_transformed":["Caltrops"],"player_choice":"Transformed","damage_taken":0,"max_hp_gain":0,"max_hp_loss":0,"event_name":"Transmorgrifier","floor":21,"gold_loss":0,"cards_obtained":["Flechettes"]}],"is_beta":false,"boss_relics":[{"not_picked":["SlaversCollar","Empty Cage"],"picked":"Runic Dome"}],"items_purged_floors":[],"is_endless":false,"potions_floor_spawned":[1,10,11,18,24],"killed_by":"3 Cultists","ascension_level":10}}