{"host":"kq2g769nefmuyn7c","time":1610986322,"event":{"mods":["ATMod(°¢èªMod)","Act Like it!","BaseMod","Gensokyo","Koishi","Minty Spire (QoL Compilation)","Remilia£¨ÀÙÃ×ÀòÑÇ£©","Replay The Spire","StSLib","The Servant 0.9.4"],"gold_per_floor":[115,40,40,40,60,87,87,114,164,254,276,276,305,319,319,414,414,432,443,443,443,459,459,484,502,502,519,109,119,135,162,162,264,264,275,275,275,295,295,320,320,346,346,381,401,433,433,464,464,464,464,464,39,64,64],"floor_reached":56,"language":"ZHS","playtime":3837,"items_purged":["Strike_R","Strike_R","Hemogenesis"],"score":1735,"play_id":"7f8c4753-ceb9-45de-9d72-6a1c901cfe40","local_time":"20210119001202","is_ascension_mode":true,"campfire_choices":[{"data":"AT_CaressingTears","floor":7.0,"key":"SMITH"},{"data":"Pommel Strike","floor":12.0,"key":"SMITH"},{"data":"True Grit","floor":15.0,"key":"SMITH"},{"data":"Limit Break","floor":23,"key":"SMITH"},{"data":"Burning Pact","floor":32,"key":"SMITH"},{"data":"Offering","floor":41,"key":"SMITH"},{"floor":49,"key":"RECALL"},{"data":"Madness","floor":52,"key":"SMITH"}],"circlet_count":0,"master_deck":["Strike_R","Defend_R","Defend_R+1","Defend_R","Defend_R","Bash","AT_FamilyPortrait+1","Self Repair+1","AT_CaressingTears+1","Burning Pact+1","Feel No Pain","True Grit+1","Pommel Strike+1","Spot Weakness","Limit Break+1","Massacre+1","ReplayTheSpireMod:Strike From Hell+1","Shrug It Off+1","Cleave","Twin Strike","Armaments+1","Life Link+1","Dark Embrace+1","Sword Boomerang","Spot Weakness","Thunderclap","Flex","AT_ShrugMaster+1","Offering+1","Pummel+1","Madness","Madness+1","Amnesia","Impervious","Evolve+1","Corruption+1","Inflame+1","Headbutt+1"],"relics":["AT_ATBox","NeowsBlessing","Iron Core","Red Skull","Durian","ReplayTheSpireMod:Spearhead","Odd Mushroom","AT_ImmortalShieldbow","Prayer Wheel","Replay:Bronze Core","Tiny Chest","Snack Pack","Mummified Hand","Charon\u0027s Ashes","Ooze Armor","ReplayTheSpireMod:Ninjato","Ring of Panic","ReplayTheSpireMod:Ring of Addiction","White Beast Statue","SacredBark","Frozen Egg 2","Mirror","AT_BellDemon","Akabeko","Ornamental Fan","Centennial Puzzle","AT_GoldPhoenixTree","AT_BladeRuinedKing","Brimstone","Lantern","Shuriken"],"acts_visited":["Exordium","TheCity","TheBeyond","TheEnding"],"potions_floor_usage":[19,40,42,44,45,46,48,50,55],"damage_taken":[{"damage":0.0,"enemies":"2 Louse","floor":1.0,"turns":1.0},{"damage":0.0,"enemies":"Jaw Worm","floor":5.0,"turns":1.0},{"damage":0.0,"enemies":"3 Sentries","floor":6.0,"turns":2.0},{"damage":17.0,"enemies":"Lagavulin","floor":8.0,"turns":5.0},{"damage":53.0,"enemies":"The Mushroom Lair","floor":11.0,"turns":7.0},{"damage":21.0,"enemies":"Replay:BlueRogue","floor":13.0,"turns":8.0},{"damage":0.0,"enemies":"Small Slimes","floor":14.0,"turns":3.0},{"damage":10,"enemies":"Fading Forest","floor":16,"turns":11},{"damage":18,"enemies":"Shell Parasite","floor":18,"turns":6},{"damage":47,"enemies":"2 Thieves","floor":19,"turns":5},{"damage":22,"enemies":"Snake Plant","floor":22,"turns":5},{"damage":15,"enemies":"Slavers","floor":24,"turns":3},{"damage":13,"enemies":"Snecko","floor":25,"turns":5},{"damage":39,"enemies":"Chosen and Byrds","floor":27,"turns":5},{"damage":19,"enemies":"Cultist and Chosen","floor":29,"turns":5},{"damage":16,"enemies":"Centurion and Healer","floor":30,"turns":6},{"damage":26,"enemies":"Book of Stabbing","floor":31,"turns":4},{"damage":30,"enemies":"Pondfish","floor":33,"turns":10},{"damage":7,"enemies":"3 Darklings","floor":35,"turns":4},{"damage":9,"enemies":"Orb Walker","floor":38,"turns":2},{"damage":4,"enemies":"Giant Head","floor":40,"turns":4},{"damage":0,"enemies":"R_Hoarder","floor":42,"turns":8},{"damage":0,"enemies":"Nemesis","floor":44,"turns":5},{"damage":15,"enemies":"Spire Growth","floor":45,"turns":4},{"damage":65,"enemies":"Reptomancer","floor":46,"turns":4},{"damage":0,"enemies":"Giant Head","floor":48,"turns":5},{"damage":0,"enemies":"Donu and Deca","floor":50,"turns":6},{"damage":0,"enemies":"Shield and Spear","floor":54,"turns":2},{"damage":25,"enemies":"The Heart","floor":55,"turns":5}],"seed_played":"-6222558315692464416","potions_obtained":[{"floor":6.0,"key":"EntropicBrew"},{"floor":16,"key":"Reflective Coating"},{"floor":24,"key":"Strength Potion"},{"floor":27,"key":"EntropicBrew"},{"floor":39,"key":"HeartOfIron"},{"floor":40,"key":"Fire Potion"},{"floor":42,"key":"SpeedPotion"},{"floor":44,"key":"BloodPotion"},{"floor":45,"key":"Block Potion"},{"floor":46,"key":"PowerPotion"},{"floor":48,"key":"BlessingOfTheForge"},{"floor":54,"key":"Strength Potion"}],"is_trial":false,"path_per_floor":["M","$","?","?","M","E","R","E","T","?","?","R","E","M","R","B",null,"M","M","?","?","M","R","E","M","T","M","$","M","M","E","R","B",null,"M","?","T","M","?","E","R","E","T","E","M","E","T","E","R","B",null,"R","$","E","B",null],"character_chosen":"IRONCLAD","items_purchased":["Mummified Hand","Sword Boomerang","Brimstone","Lantern"],"campfire_rested":0,"item_purchase_floors":[28,28,53,53],"current_hp_per_floor":[80,80,64,64,64,74,74,72,72,72,29,29,23,33,33,53,85,77,47,47,47,40,40,30,83,83,54,54,45,41,85,85,65,85,85,74,74,77,77,85,85,85,85,85,82,85,85,85,85,85,85,85,85,83,70],"gold":64,"neow_bonus":"THREE_ENEMY_KILL","is_daily":false,"chose_seed":false,"campfire_upgraded":7,"win_rate":0.0,"timestamp":1610986322,"path_taken":["M","$","?","?","M","E","R","E","T","?","?","R","E","M","R","BOSS","M","M","?","?","M","R","E","M","T","M","$","M","M","E","R","BOSS","M","?","?","M","?","E","R","E","T","E","M","E","?","E","R","BOSS","R","$","E","BOSS"],"items_purchased_type":["Relic","Card","Relic","Relic"],"build_version":"2020-12-22","purchased_purges":3,"victory":true,"max_hp_per_floor":[80,80,80,80,80,80,80,85,85,85,85,85,85,85,85,85,85,85,85,85,85,85,85,85,85,85,85,85,85,85,85,85,85,85,85,85,85,85,85,85,85,85,85,85,85,85,85,85,85,85,85,85,85,83,83],"card_choices":[{"not_picked":["Body Slam","Defy Death","Wild Strike"],"picked":"SKIP","floor":1.0},{"not_picked":["AT_IchimonjiDouble","Defy Death","Dark Embrace"],"picked":"SKIP","floor":5.0},{"not_picked":["AT_IchimonjiDouble","Defy Death","Dark Embrace"],"picked":"SKIP","floor":5.0},{"not_picked":["Rip and Tear","Defy Death"],"picked":"AT_CaressingTears","floor":6.0},{"not_picked":["Wild Strike","Defragment"],"picked":"Burning Pact","floor":8.0},{"not_picked":["Genetic Algorithm","Wild Strike"],"picked":"Feel No Pain","floor":10.0},{"not_picked":["Headbutt","AT_CaressingTears"],"picked":"True Grit","floor":10.0},{"not_picked":["Wild Strike","Armaments"],"picked":"Pommel Strike","floor":10.0},{"not_picked":["ReplayTheSpireMod:Limb From Limb","Uppercut"],"picked":"Hemogenesis","floor":13.0},{"not_picked":["Clash","Ghostly Armor"],"picked":"Spot Weakness","floor":14.0},{"not_picked":["Exhume","Offering"],"picked":"Limit Break","floor":16},{"not_picked":["AT_DiedThrough","Run Through"],"picked":"Massacre+1","floor":18},{"not_picked":["Anger+1","Warcry+1","Thunderclap"],"picked":"SKIP","floor":18},{"not_picked":["Run Through","Armaments+1"],"picked":"ReplayTheSpireMod:Strike From Hell+1","floor":19},{"not_picked":["Carnage","Combust"],"picked":"Shrug It Off+1","floor":19},{"not_picked":["Blood for Blood","True Grit"],"picked":"Armaments+1","floor":22},{"not_picked":["Sword Boomerang","Wild Strike","Anger"],"picked":"SKIP","floor":22},{"not_picked":["Iron Wave","AT_DiedThrough","Dropkick"],"picked":"SKIP","floor":24},{"not_picked":["Run Through","ReplayTheSpireMod:Strike From Hell","True Grit+1"],"picked":"SKIP","floor":25},{"not_picked":["Carnage","Hemokinesis+1","Warcry"],"picked":"SKIP","floor":25},{"not_picked":["Replay:Undeath\u0027s Touch","Clothesline"],"picked":"Life Link+1","floor":27},{"not_picked":["AT_ShrugMaster","AT_Dispersion"],"picked":"Dark Embrace+1","floor":27},{"not_picked":["Combust","Anger"],"picked":"Spot Weakness","floor":29},{"not_picked":["AT_BodySlamDance","Heavy Blade"],"picked":"Thunderclap","floor":29},{"not_picked":["Thunderclap","Havoc"],"picked":"Flex","floor":30},{"not_picked":["Thunderclap+1","Havoc","Infernal Blade"],"picked":"SKIP","floor":30},{"not_picked":["Battle Trance","Fiend Fire"],"picked":"AT_ShrugMaster+1","floor":31},{"not_picked":["AT_Dispersion","Demon Form"],"picked":"Offering","floor":33},{"not_picked":["Cleave+1","Body Slam"],"picked":"Pummel+1","floor":35},{"not_picked":["Rampage","Replay:Undeath\u0027s Touch","ReplayTheSpireMod:LeadingStrike+1"],"picked":"SKIP","floor":35},{"not_picked":["AT_DiedThrough","Thunderclap","Run Through+1"],"picked":"SKIP","floor":38},{"not_picked":["Perfected Strike","AT_BodySlamDance+1","ReplayTheSpireMod:Corrosion Curse+1"],"picked":"SKIP","floor":38},{"not_picked":["Wild Strike","Cleave"],"picked":"Impervious","floor":40},{"not_picked":["Iron Wave","Wild Strike+1"],"picked":"Evolve+1","floor":42},{"not_picked":["Wild Strike+1","Evolve+1","Fiend Fire"],"picked":"SKIP","floor":44},{"not_picked":["Clothesline","Run Through+1","Wild Strike"],"picked":"SKIP","floor":45},{"not_picked":["Clash","AT_BodySlamDance+1","Heavy Blade+1"],"picked":"SKIP","floor":45},{"not_picked":["Thunderclap","Sever Soul"],"picked":"Corruption+1","floor":46},{"not_picked":["Clothesline","Seeing Red"],"picked":"Inflame+1","floor":48},{"not_picked":["Rampage+1","Shrug It Off+1"],"picked":"Headbutt+1","floor":54}],"player_experience":256003,"relics_obtained":[{"floor":6.0,"key":"Red Skull"},{"floor":8.0,"key":"Durian"},{"floor":9.0,"key":"ReplayTheSpireMod:Spearhead"},{"floor":11.0,"key":"Odd Mushroom"},{"floor":13.0,"key":"AT_ImmortalShieldbow"},{"floor":24,"key":"Tiny Chest"},{"floor":26,"key":"Snack Pack"},{"floor":31,"key":"Charon\u0027s Ashes"},{"floor":37,"key":"ReplayTheSpireMod:Ninjato"},{"floor":39,"key":"Ring of Panic"},{"floor":39,"key":"ReplayTheSpireMod:Ring of Addiction"},{"floor":39,"key":"White Beast Statue"},{"floor":39,"key":"SacredBark"},{"floor":40,"key":"Frozen Egg 2"},{"floor":42,"key":"Mirror"},{"floor":44,"key":"AT_BellDemon"},{"floor":45,"key":"Akabeko"},{"floor":46,"key":"Ornamental Fan"},{"floor":46,"key":"Centennial Puzzle"},{"floor":47,"key":"AT_GoldPhoenixTree"},{"floor":48,"key":"AT_BladeRuinedKing"},{"floor":54,"key":"Shuriken"}],"event_choices":[{"damage_healed":0.0,"max_hp_gain":0.0,"max_hp_loss":0.0,"gold_gain":0.0,"event_name":"Shining Light","player_choice":"Entered Light","floor":3.0,"gold_loss":0.0,"damage_taken":16.0,"cards_upgraded":["AT_FamilyPortrait","Defend_R"]},{"damage_healed":0.0,"max_hp_gain":0.0,"max_hp_loss":0.0,"gold_gain":0.0,"event_name":"Mushrooms","player_choice":"Fought Mushrooms","floor":11.0,"gold_loss":0.0,"damage_taken":0.0},{"damage_healed":0,"gold_gain":0,"cards_transformed":["Strike_R","Strike_R"],"player_choice":"Became Test Subject","damage_taken":0,"max_hp_gain":0,"max_hp_loss":0,"event_name":"Drug Dealer","floor":20,"gold_loss":0,"cards_obtained":["Cleave","Twin Strike"]},{"damage_healed":0,"gold_gain":0,"player_choice":"Ignored","damage_taken":0,"max_hp_gain":0,"max_hp_loss":0,"event_name":"Ghosts","floor":21,"gold_loss":0},{"damage_healed":0,"gold_gain":0,"player_choice":"Embrace Madness","damage_taken":11,"max_hp_gain":0,"max_hp_loss":0,"event_name":"Winding Halls","floor":36,"gold_loss":0,"cards_obtained":["Madness","Madness"]}],"is_beta":false,"boss_relics":[{"not_picked":["Honey Jar","Busted Crown"],"picked":"Replay:Bronze Core"},{"not_picked":["SlaversCollar","Philosopher\u0027s Stone"],"picked":"Ooze Armor"}],"items_purged_floors":[2,28,53],"is_endless":false,"potions_floor_spawned":[6,16,24,27,29,31,33,35,40,42,44,45,46,48,54],"ascension_level":3}}