{"host":"6bsan6hkua32tfq7","time":1610986607,"event":{"mods":["BaseMod","Better Third Choice","Colored Map","Highlight Path","Minty Spire (QoL Compilation)","StSLib"],"gold_per_floor":[115,130,55,71,84,84,84,84,84,103,103,135,135,135,135,208,208,208,208,208,208,208,208],"floor_reached":22,"language":"ENG","playtime":768,"items_purged":["Strike_R"],"score":422,"play_id":"9046675c-daaa-41eb-8778-44dd79db329e","local_time":"20210118171647","is_ascension_mode":true,"campfire_choices":[{"data":"True Grit","floor":6.0,"key":"SMITH"},{"data":"Mayhem","floor":8.0,"key":"SMITH"},{"floor":15.0,"key":"REST"}],"circlet_count":0,"master_deck":["AscendersBane","Strike_R","Strike_R","Strike_R","Defend_R","Defend_R","Defend_R","Defend_R","Bash","Mayhem+1","Rampage","Battle Trance","Inflame","True Grit+1","True Grit","Wish+1","Bludgeon","Barricade","Entrench"],"relics":["Burning Blood","Gremlin Horn","Blood Vial","Centennial Puzzle","Meat on the Bone","Ectoplasm"],"acts_visited":["Exordium","TheCity"],"potions_floor_usage":[22,22],"damage_taken":[{"damage":24.0,"enemies":"Cultist","floor":1.0,"turns":7.0},{"damage":2.0,"enemies":"2 Louse","floor":2.0,"turns":3.0},{"damage":5.0,"enemies":"Small Slimes","floor":4.0,"turns":3.0},{"damage":11.0,"enemies":"Blue Slaver","floor":5.0,"turns":5.0},{"damage":7.0,"enemies":"Lots of Slimes","floor":10.0,"turns":4.0},{"damage":0.0,"enemies":"Lagavulin","floor":12.0,"turns":7.0},{"damage":31.0,"enemies":"The Guardian","floor":16.0,"turns":11.0},{"damage":36.0,"enemies":"3 Byrds","floor":18.0,"turns":8.0},{"damage":25.0,"enemies":"Shell Parasite","floor":19.0,"turns":5.0},{"damage":19.0,"enemies":"Centurion and Healer","floor":20.0,"turns":6.0},{"damage":56,"enemies":"Chosen and Byrds","floor":22,"turns":7}],"seed_played":"-4374561889770618632","potions_obtained":[{"floor":10.0,"key":"Fruit Juice"},{"floor":16.0,"key":"SkillPotion"},{"floor":20.0,"key":"Energy Potion"}],"is_trial":false,"path_per_floor":["M","M","$","M","M","R","$","R","T","M","?","E","?","T","R","B",null,"M","M","M","?","M"],"character_chosen":"IRONCLAD","items_purchased":[],"campfire_rested":1,"item_purchase_floors":[],"current_hp_per_floor":[32,36,36,37,32,32,32,32,32,31,10,23,23,23,47,36,69,53,48,49,41,0,0],"gold":208,"neow_bonus":"RANDOM_COLORLESS_2","is_daily":false,"chose_seed":false,"campfire_upgraded":2,"win_rate":0.0,"timestamp":1610986607,"path_taken":["M","M","?","?","M","R","$","R","T","M","?","E","?","?","R","BOSS","M","?","M","?","M"],"items_purchased_type":[],"build_version":"2020-12-22","purchased_purges":1,"victory":false,"max_hp_per_floor":[75,75,75,75,75,75,75,75,75,75,75,80,80,80,80,80,80,80,80,80,80,80,80],"card_choices":[{"not_picked":["Violence","Master of Strategy"],"picked":"Mayhem","floor":0.0},{"not_picked":["Clothesline","Sever Soul"],"picked":"Rampage","floor":1.0},{"not_picked":["Perfected Strike","Wild Strike"],"picked":"Battle Trance","floor":2.0},{"not_picked":["Power Through","Heavy Blade"],"picked":"Inflame","floor":4.0},{"not_picked":["Hemokinesis","Pommel Strike"],"picked":"True Grit","floor":5.0},{"not_picked":["Clash","Cleave"],"picked":"True Grit","floor":10.0},{"not_picked":["Blood for Blood","Perfected Strike","Sentinel"],"picked":"SKIP","floor":12.0},{"not_picked":["Demon Form","Juggernaut"],"picked":"Bludgeon","floor":16.0},{"not_picked":["Havoc","Sword Boomerang","Clothesline"],"picked":"SKIP","floor":18.0},{"not_picked":["Havoc","Sword Boomerang","Clothesline"],"picked":"SKIP","floor":18.0},{"not_picked":["Shrug It Off","Fire Breathing"],"picked":"Barricade","floor":19.0},{"not_picked":["Thunderclap","Anger"],"picked":"Entrench","floor":20.0}],"player_experience":5297858,"relics_obtained":[{"floor":9.0,"key":"Gremlin Horn"},{"floor":12.0,"key":"Centennial Puzzle"},{"floor":14.0,"key":"Meat on the Bone"}],"event_choices":[{"cards_removed":["Strike_R"],"damage_healed":0.0,"max_hp_gain":0.0,"max_hp_loss":0.0,"gold_gain":0.0,"event_name":"Living Wall","player_choice":"Forget","floor":13.0,"gold_loss":0.0,"damage_taken":0.0},{"damage_healed":0.0,"max_hp_gain":0.0,"max_hp_loss":0.0,"gold_gain":50.0,"event_name":"FaceTrader","player_choice":"Touch","floor":21.0,"gold_loss":0.0,"damage_taken":8.0}],"is_beta":false,"boss_relics":[{"not_picked":["Philosopher\u0027s Stone","Black Star"],"picked":"Ectoplasm"}],"items_purged_floors":[3],"is_endless":false,"potions_floor_spawned":[10,16,20],"killed_by":"Chosen and Byrds","ascension_level":20}}