{"host":"2js2pxuugveqjuf7","time":1610956838,"event":{"mods":["BaseMod","Minty Spire (QoL Compilation)","Relic Stats","StSLib"],"gold_per_floor":[117,292,41,41,61,86,99,119,173,203,215,233,250,269,269,367,367,378,397,46,66,83,83,95,95,95],"floor_reached":25,"language":"ENG","playtime":1838,"items_purged":["Doubt"],"score":295,"play_id":"d9f55305-ea0b-4a83-94ee-eaac1bf0146d","local_time":"20210118020038","is_ascension_mode":true,"campfire_choices":[{"data":"Armaments","floor":15.0,"key":"SMITH"},{"data":"Reprogram","floor":23.0,"key":"SMITH"}],"circlet_count":0,"master_deck":["Strike_B","Strike_B","Strike_B","Strike_B","Defend_B","Defend_B","Defend_B","Defend_B","Zap","Beam Cell","Turbo","InnerPeace","Melter","Hologram","FearNoEvil","Armaments+1","Conserve Battery","CrushJoints","Master of Strategy","Masterful Stab+1","Calculated Gamble","Reprogram+1","Protect","Spot Weakness+1"],"relics":["Cracked Core","NeowsBlessing","PrismaticShard","Darkstone Periapt","Potion Belt","Pen Nib","Cursed Key","Bag of Preparation","Vajra"],"acts_visited":["Exordium","TheCity"],"potions_floor_usage":[25],"damage_taken":[{"damage":0.0,"enemies":"Small Slimes","floor":1.0,"turns":1.0},{"damage":0.0,"enemies":"Jaw Worm","floor":5.0,"turns":1.0},{"damage":0.0,"enemies":"Gremlin Nob","floor":6.0,"turns":1.0},{"damage":1.0,"enemies":"Cultist","floor":7.0,"turns":3.0},{"damage":0.0,"enemies":"Gremlin Gang","floor":8.0,"turns":3.0},{"damage":34.0,"enemies":"Lagavulin","floor":10.0,"turns":6.0},{"damage":0.0,"enemies":"Lots of Slimes","floor":11.0,"turns":1.0},{"damage":14.0,"enemies":"Large Slime","floor":12.0,"turns":7.0},{"damage":0.0,"enemies":"Looter","floor":13.0,"turns":2.0},{"damage":2.0,"enemies":"3 Louse","floor":14.0,"turns":3.0},{"damage":16.0,"enemies":"Hexaghost","floor":16.0,"turns":8.0},{"damage":0.0,"enemies":"Chosen","floor":18.0,"turns":3.0},{"damage":17.0,"enemies":"2 Thieves","floor":19.0,"turns":3.0},{"damage":16.0,"enemies":"3 Cultists","floor":21.0,"turns":5.0},{"damage":24.0,"enemies":"Snake Plant","floor":22.0,"turns":3.0},{"damage":0.0,"enemies":"Shelled Parasite and Fungi","floor":24.0,"turns":3.0},{"damage":26,"enemies":"Gremlin Leader","floor":25,"turns":2}],"seed_played":"6150170035980501195","potions_obtained":[{"floor":5.0,"key":"Fire Potion"},{"floor":6.0,"key":"Swift Potion"},{"floor":8.0,"key":"Explosive Potion"},{"floor":12.0,"key":"CultistPotion"},{"floor":14.0,"key":"GamblersBrew"},{"floor":22.0,"key":"Ancient Potion"}],"is_trial":false,"path_per_floor":["M","?","$","?","M","E","M","M","T","E","M","M","M","M","R","B",null,"M","M","$","M","M","R","M","E"],"character_chosen":"DEFECT","items_purchased":["PrismaticShard","Turbo","Bag of Preparation","Vajra","Block Potion"],"campfire_rested":0,"item_purchase_floors":[3,3,20,20,20],"current_hp_per_floor":[75,75,75,75,75,75,74,74,74,40,40,26,26,24,24,8,75,75,58,58,42,18,18,18,0,0],"gold":95,"neow_bonus":"THREE_ENEMY_KILL","is_daily":false,"chose_seed":false,"campfire_upgraded":2,"win_rate":0.0,"timestamp":1610956838,"path_taken":["M","?","$","?","?","E","?","M","T","E","?","M","M","M","R","BOSS","M","M","$","M","M","R","M","E"],"items_purchased_type":["Relic","Card","Relic","Relic","Potion"],"build_version":"2020-12-22","purchased_purges":1,"victory":false,"max_hp_per_floor":[75,75,75,75,75,75,75,75,75,75,75,75,75,75,75,75,75,75,75,75,75,75,75,75,75,75],"relic_stats":{"Darkstone Periapt":0,"counters":[17,55],"Pen Nib":[8],"Bag of Preparation":[8],"Cursed Key":0,"obtain_stats":[{"Darkstone Periapt":6,"Potion Belt":9,"NeowsBlessing":0,"Vajra":20,"Pen Nib":10,"Bag of Preparation":20,"Cracked Core":0,"PrismaticShard":3,"Cursed Key":17},{"Darkstone Periapt":3,"Potion Belt":5,"NeowsBlessing":0,"Vajra":13,"Pen Nib":6,"Bag of Preparation":13,"Cracked Core":0,"PrismaticShard":1,"Cursed Key":11},{"Darkstone Periapt":3,"Potion Belt":9,"NeowsBlessing":0,"Vajra":42,"Pen Nib":15,"Bag of Preparation":42,"Cracked Core":0,"PrismaticShard":1,"Cursed Key":36}]},"card_choices":[{"not_picked":["Double Energy","Leap"],"picked":"Beam Cell","floor":1.0},{"not_picked":["Thunderclap","Anger"],"picked":"InnerPeace","floor":5.0},{"not_picked":["Flying Knee","Redo"],"picked":"Melter","floor":6.0},{"not_picked":["Iron Wave","SashWhip"],"picked":"Hologram","floor":7.0},{"not_picked":["Prostrate","Quick Slash"],"picked":"FearNoEvil","floor":8.0},{"not_picked":["Heatsinks","Quick Slash"],"picked":"Armaments","floor":10.0},{"not_picked":["FollowUp","Distraction"],"picked":"Conserve Battery","floor":11.0},{"not_picked":["Barrage","Steam","PathToVictory"],"picked":"SKIP","floor":12.0},{"not_picked":["Poisoned Stab","Sadistic Nature","Combust"],"picked":"SKIP","floor":13.0},{"not_picked":["Compile Driver","Underhanded Strike"],"picked":"CrushJoints","floor":14.0},{"not_picked":["Ragnarok","Die Die Die"],"picked":"Master of Strategy","floor":16.0},{"not_picked":["Finisher","Coolheaded"],"picked":"Masterful Stab+1","floor":18.0},{"not_picked":["Clothesline+1","Go for the Eyes+1"],"picked":"Calculated Gamble","floor":19.0},{"not_picked":["Double Energy","Quick Slash"],"picked":"Reprogram","floor":21.0},{"not_picked":["Heavy Blade","Poisoned Stab"],"picked":"Protect","floor":22.0},{"not_picked":["Beam Cell","Pommel Strike"],"picked":"Spot Weakness+1","floor":24.0}],"player_experience":289868,"relics_obtained":[{"floor":6.0,"key":"Darkstone Periapt"},{"floor":9.0,"key":"Potion Belt"},{"floor":10.0,"key":"Pen Nib"}],"event_choices":[{"damage_healed":0.0,"max_hp_gain":0.0,"max_hp_loss":0.0,"gold_gain":175.0,"event_name":"Liars Game","player_choice":"AGREE","floor":2.0,"gold_loss":0.0,"damage_taken":0.0,"cards_obtained":["Doubt"]},{"cards_removed":["Dualcast"],"damage_healed":0.0,"max_hp_gain":0.0,"max_hp_loss":0.0,"gold_gain":0.0,"event_name":"Purifier","player_choice":"Purged","floor":4.0,"gold_loss":0.0,"damage_taken":0.0}],"is_beta":false,"boss_relics":[{"not_picked":["Velvet Choker","Inserter"],"picked":"Cursed Key"}],"items_purged_floors":[3],"is_endless":false,"potions_floor_spawned":[5,6,8,12,14,22],"killed_by":"Gremlin Leader","ascension_level":4}}