{"host":"0zwwzr7xjr1wfyy3","time":1610954997,"event":{"mods":["BaseMod","Downfall","Hermit","Marisa????????","Minty Spire (QoL Compilation)","StSLib","The Cursed","The Servant 0.9.4","Waifu the Spire"],"gold_per_floor":[114,128,148,32,44,79,79,79,125,139,139,154,173,238,238,341,341,360,360,20,35,50,50,66,66,91,107,127,143,38,58,58,159,159,179,194,213,213,213,213],"floor_reached":39,"language":"ENG","playtime":4102,"items_purged":[],"score":416,"play_id":"14685bc6-e61f-4063-a51f-da0d467972d9","local_time":"20210117232957","is_ascension_mode":false,"campfire_choices":[{"floor":8,"key":"REST"},{"floor":11,"key":"REST"},{"data":"SilverBlades","floor":15,"key":"SMITH"},{"data":"SilverBlades","floor":23,"key":"SMITH"},{"data":"FlawlessForm","floor":25,"key":"SMITH"},{"data":"Moonlight","floor":32,"key":"SMITH"}],"circlet_count":0,"master_deck":["Strike_S+1","Strike_S","Strike_S","Strike_S+1","Defend_S","Defend_S","Defend_S","Defend_S","KidneyShot","GearUp+1","Rearm","SpecialFormula+1","Unruled","SilverBlades+1","Moonlight+1","Potential+1","ShatteredReality","TimeWarp","TimeWarp","SilverBlades+1","Alleviate","FlawlessForm+1","SilverBlades","BottledTime","BottledTime+1","FastForward+1","MoonPhase+1","ShiftingGears+1","Comet+1","Potential","FanOfKnives","Potential","KillingDoll","Ricochet","Luminosity","Ricochet+1"],"relics":["Uniform","Pantograph","Whetstone","Anchor","SlaversCollar","Thread and Needle","War Paint","Sozu"],"acts_visited":["Exordium","TheCity","TheBeyond"],"potions_floor_usage":[16],"damage_taken":[{"damage":3,"enemies":"Jaw Worm","floor":1,"turns":6},{"damage":6,"enemies":"Small Slimes","floor":2,"turns":6},{"damage":3,"enemies":"2 Louse","floor":3,"turns":3},{"damage":5,"enemies":"2 Fungi Beasts","floor":5,"turns":5},{"damage":12,"enemies":"Lagavulin","floor":6,"turns":8},{"damage":10,"enemies":"Exordium Thugs","floor":10,"turns":6},{"damage":5,"enemies":"Lots of Slimes","floor":12,"turns":4},{"damage":7,"enemies":"Large Slime","floor":13,"turns":2},{"damage":19,"enemies":"3 Sentries","floor":14,"turns":8},{"damage":16,"enemies":"Slime Boss","floor":16,"turns":10},{"damage":8,"enemies":"Chosen","floor":18,"turns":6},{"damage":0,"enemies":"Shell Parasite","floor":21,"turns":7},{"damage":19,"enemies":"Sentry and Sphere","floor":22,"turns":6},{"damage":7,"enemies":"Centurion and Healer","floor":24,"turns":8},{"damage":27,"enemies":"3 Cultists","floor":27,"turns":8},{"damage":0,"enemies":"Snecko","floor":28,"turns":8},{"damage":2,"enemies":"Snake Plant","floor":29,"turns":7},{"damage":0,"enemies":"Centurion and Healer","floor":31,"turns":6},{"damage":18,"enemies":"Automaton","floor":33,"turns":11},{"damage":14,"enemies":"3 Darklings","floor":35,"turns":3},{"damage":17,"enemies":"3 Shapes","floor":36,"turns":9},{"damage":16,"enemies":"Transient","floor":37,"turns":5},{"damage":27,"enemies":"Writhing Mass","floor":39,"turns":3}],"seed_played":"-9084175867415181464","potions_obtained":[{"floor":3,"key":"EssenceOfSteel"},{"floor":10,"key":"Swift Potion"},{"floor":12,"key":"Swift Potion"},{"floor":16,"key":"SneckoOil"},{"floor":18,"key":"LiquidMemories"},{"floor":24,"key":"LiquidMemories"},{"floor":29,"key":"DistilledChaos"}],"is_trial":false,"path_per_floor":["M","M","M","$","M","E","?","R","T","M","R","M","M","?","R","B",null,"M","?","$","M","M","R","M","R","T","M","M","M","$","M","R","B",null,"M","M","M","?","M"],"character_chosen":"THE_SERVANT","items_purchased":["SilverBlades","Moonlight","BottledTime","Thread and Needle","FanOfKnives","Potential"],"campfire_rested":2,"item_purchase_floors":[4,4,20,20,30,30],"current_hp_per_floor":[62,56,53,53,48,41,28,47,47,37,56,51,44,25,25,34,65,57,57,57,57,43,43,41,41,41,22,30,36,36,44,44,55,65,59,42,26,26,0,0],"gold":213,"neow_bonus":"THREE_CARDS","is_daily":false,"chose_seed":false,"campfire_upgraded":4,"win_rate":0.0,"timestamp":1610954997,"path_taken":["M","M","M","$","M","E","?","R","T","M","R","M","M","?","R","BOSS","M","?","$","M","M","R","M","R","T","M","M","M","$","M","R","BOSS","M","M","M","?","M"],"items_purchased_type":["Card","Card","Card","Relic","Card","Card"],"build_version":"2020-12-22","purchased_purges":0,"victory":false,"max_hp_per_floor":[65,65,65,65,65,65,65,65,65,65,65,65,65,65,65,65,65,65,65,65,65,65,65,65,65,65,65,65,65,65,65,65,65,65,65,65,65,65,65,65],"card_choices":[{"not_picked":["Replace","SpecialFormula"],"picked":"GearUp","floor":0},{"not_picked":["ShatteredReality","RealityMarble"],"picked":"Rearm","floor":1},{"not_picked":["Shuttle","Revamp"],"picked":"SpecialFormula","floor":2},{"not_picked":["BestPractice","Rewind"],"picked":"Unruled","floor":3},{"not_picked":["DualDimension","GearUp"],"picked":"Potential","floor":5},{"not_picked":["Revamp","Manipulate"],"picked":"ShatteredReality","floor":6},{"not_picked":["ShiftingGears","Advance"],"picked":"TimeWarp","floor":10},{"not_picked":["Replace","Contraction"],"picked":"TimeWarp","floor":12},{"not_picked":["WasteNot","Ricochet"],"picked":"SilverBlades","floor":13},{"not_picked":["Unruled","Initiator"],"picked":"Alleviate","floor":14},{"not_picked":["SoulSculpture","Solidify"],"picked":"FlawlessForm","floor":16},{"not_picked":["InstantArmor","Rearm+1"],"picked":"SilverBlades","floor":18},{"not_picked":["Snipe+1","Rearm"],"picked":"BottledTime+1","floor":21},{"not_picked":["Comet","Replace+1"],"picked":"FastForward+1","floor":22},{"not_picked":["Reset","Revamp"],"picked":"MoonPhase+1","floor":24},{"not_picked":["ShatteredReality","Replace"],"picked":"ShiftingGears+1","floor":27},{"not_picked":["ShatteredReality","ShiftingGears"],"picked":"Comet+1","floor":28},{"not_picked":["Defy","Revamp"],"picked":"Potential","floor":29},{"not_picked":["Revamp","Reset","Unruled"],"picked":"SKIP","floor":31},{"not_picked":["MurderousAura","Embodiment"],"picked":"KillingDoll","floor":33},{"not_picked":["TimeWarp","Foresight+1"],"picked":"Ricochet","floor":35},{"not_picked":["TimeWarp+1","DoubleEdge"],"picked":"Luminosity","floor":36},{"not_picked":["ShiftingGears+1","Potential+1"],"picked":"Ricochet+1","floor":37}],"player_experience":30616,"relics_obtained":[{"floor":6,"key":"Pantograph"},{"floor":9,"key":"Whetstone"},{"floor":14,"key":"Anchor"},{"floor":26,"key":"War Paint"}],"event_choices":[{"damage_healed":0,"gold_gain":0,"player_choice":"Entered Light","damage_taken":13,"max_hp_gain":0,"max_hp_loss":0,"event_name":"Shining Light","floor":7,"gold_loss":0,"cards_upgraded":["Strike_S","GearUp"]},{"damage_healed":0,"gold_gain":0,"player_choice":"Searched \u00271\u0027 times","damage_taken":0,"max_hp_gain":0,"max_hp_loss":0,"event_name":"Dead Adventurer","floor":14,"gold_loss":0},{"damage_healed":0,"gold_gain":0,"player_choice":"Ignored","damage_taken":0,"max_hp_gain":0,"max_hp_loss":0,"event_name":"Vampires","floor":19,"gold_loss":0},{"cards_removed":["Exchange"],"damage_healed":0,"gold_gain":0,"player_choice":"Removed Skill","damage_taken":0,"max_hp_gain":0,"max_hp_loss":0,"event_name":"Falling","floor":38,"gold_loss":0}],"is_beta":false,"boss_relics":[{"not_picked":["Snecko Eye","Calling Bell"],"picked":"SlaversCollar"},{"not_picked":["Tiny House","Coffee Dripper"],"picked":"Sozu"}],"items_purged_floors":[],"is_endless":false,"potions_floor_spawned":[3,10,12,16,18,24,28,29,33,37],"killed_by":"Writhing Mass","ascension_level":0}}