{"host":"rl5ku05escnl5kxo","time":1610945719,"event":{"mods":["Act Like it!","BaseMod","Minty Spire (QoL Compilation)","StSLib","The Bug Knight"],"gold_per_floor":[116,116,132,142,156,156,174,43,68,68,87,87,87,106,106,106,106],"floor_reached":16,"language":"ENG","playtime":859,"items_purged":[],"score":94,"play_id":"76013d30-5dd5-4538-bb2a-5f138eb3d439","local_time":"20210117205519","is_ascension_mode":false,"campfire_choices":[{"data":"HollowMod:HowlingWraiths","floor":6,"key":"SMITH"},{"data":"HollowMod:PerfectDash","floor":10,"key":"SMITH"},{"data":"Enlightenment","floor":12,"key":"SMITH"},{"data":"HollowMod:HowlingWraiths","floor":15,"key":"SMITH"}],"circlet_count":0,"master_deck":["HollowMod:NailStrikeStart","HollowMod:NailStrikeStart","HollowMod:NailStrikeStart","HollowMod:QuickDashStart","HollowMod:QuickDashStart","HollowMod:QuickDashStart","HollowMod:QuickDashStart","HollowMod:FocusHealStart","HollowMod:PogoStrike","HollowMod:HowlingWraiths+1","HollowMod:SoulStrike","HollowMod:HowlingWraiths+1","HollowMod:QuirrelsAssistance","HollowMod:LifebloodCocoon","HollowMod:SoulStrike","HollowMod:PerfectDash+1","Enlightenment+1","HollowMod:DungDefenderAura","HollowMod:HeavyBlow"],"relics":["HollowMod:VesselMask","Bronze Scales","White Beast Statue"],"acts_visited":["Exordium"],"potions_floor_usage":[],"damage_taken":[{"damage":3,"enemies":"Small Slimes","floor":1,"turns":4},{"damage":1,"enemies":"Cultist","floor":3,"turns":3},{"damage":1,"enemies":"Jaw Worm","floor":4,"turns":3},{"damage":19,"enemies":"Exordium Thugs","floor":5,"turns":3},{"damage":5,"enemies":"2 Fungi Beasts","floor":7,"turns":2},{"damage":5,"enemies":"Large Slime","floor":11,"turns":4},{"damage":9,"enemies":"Blue Slaver","floor":14,"turns":3},{"damage":38,"enemies":"Hexaghost","floor":16,"turns":10}],"seed_played":"3631469896695029050","potions_obtained":[{"floor":5,"key":"PowerPotion"},{"floor":11,"key":"Energy Potion"},{"floor":14,"key":"FearPotion"}],"is_trial":false,"path_per_floor":["M","?","M","M","M","R","M","$","T","R","M","R","T","M","R","B"],"character_chosen":"THE_BUGKNIGHT","items_purchased":["HollowMod:PerfectDash","Enlightenment"],"campfire_rested":0,"item_purchase_floors":[8,8],"current_hp_per_floor":[72,72,71,70,51,51,46,46,46,46,47,47,47,38,38,0,0],"gold":106,"neow_bonus":"TRANSFORM_CARD","is_daily":false,"chose_seed":false,"campfire_upgraded":4,"win_rate":0.0,"timestamp":1610945719,"path_taken":["M","?","M","M","M","R","?","?","T","R","M","R","?","?","R","BOSS"],"items_purchased_type":["Card","Card"],"build_version":"2020-12-22","purchased_purges":0,"victory":false,"max_hp_per_floor":[75,75,75,75,75,75,75,75,75,75,75,75,75,75,75,75,75],"card_choices":[{"not_picked":["HollowMod:CloakDash","HollowMod:InfectedAttack"],"picked":"HollowMod:HowlingWraiths","floor":1},{"not_picked":["HollowMod:CycloneSlash","HollowMod:CloakDash"],"picked":"HollowMod:HowlingWraiths","floor":3},{"not_picked":["HollowMod:MidwifesHunger","HollowMod:CornifersMapStart"],"picked":"HollowMod:QuirrelsAssistance","floor":4},{"not_picked":["HollowMod:RecoilStrike","HollowMod:WraithStrike"],"picked":"HollowMod:LifebloodCocoon","floor":5},{"not_picked":["HollowMod:InfectedAttack","HollowMod:MantisMark"],"picked":"HollowMod:SoulStrike","floor":7},{"not_picked":["HollowMod:GoodIntentions","HollowMod:DescendingDark"],"picked":"HollowMod:DungDefenderAura","floor":11},{"not_picked":["HollowMod:InfectedAttack","HollowMod:WraithStrike"],"picked":"HollowMod:HeavyBlow","floor":14}],"player_experience":455436,"relics_obtained":[{"floor":9,"key":"Bronze Scales"},{"floor":13,"key":"White Beast Statue"}],"event_choices":[{"damage_healed":0,"gold_gain":0,"cards_transformed":["HollowMod:VengefulVoid"],"player_choice":"Transformed","damage_taken":0,"max_hp_gain":0,"max_hp_loss":0,"event_name":"Transmorgrifier","floor":2,"gold_loss":0,"cards_obtained":["HollowMod:SoulStrike"]}],"is_beta":false,"boss_relics":[],"items_purged_floors":[],"is_endless":false,"potions_floor_spawned":[5,11,14],"killed_by":"Hexaghost","ascension_level":0}}