{"host":"yvb207ks1sg3cxef","time":1610975386,"event":{"mods":["2.2 Compatiblity","BaseMod","Bestiary","Colored Powertips","Minty Spire (QoL Compilation)","Permanent Neow","Quick Restart","Relic Stats","StSLib"],"gold_per_floor":[112,125,137,147,147,147,188,188,259,259,275,275,296,321,321,321,321],"floor_reached":16,"language":"ENG","playtime":469,"items_purged":[],"score":166,"play_id":"968c3fca-b8c7-4efd-ad6b-98a64da0ce57","local_time":"20210118183946","is_ascension_mode":true,"campfire_choices":[{"data":"Eruption","floor":6,"key":"SMITH"},{"floor":10,"key":"REST"},{"data":"Study","floor":12,"key":"SMITH"},{"data":"ClearTheMind","floor":15,"key":"SMITH"}],"circlet_count":0,"master_deck":["AscendersBane","Strike_P","Strike_P","Strike_P","Strike_P","Defend_P","Defend_P","Defend_P","Defend_P","Eruption+1","Vigilance","EmptyFist","ClearTheMind+1","Brilliance","Protect","FearNoEvil","Study+1"],"relics":["Philosopher\u0027s Stone","Golden Idol","Thread and Needle","Mummified Hand"],"acts_visited":["Exordium"],"potions_floor_usage":[7],"damage_taken":[{"damage":0,"enemies":"Cultist","floor":1,"turns":2},{"damage":0,"enemies":"2 Louse","floor":2,"turns":2},{"damage":7,"enemies":"Small Slimes","floor":3,"turns":3},{"damage":24,"enemies":"Exordium Thugs","floor":4,"turns":5},{"damage":27,"enemies":"Gremlin Nob","floor":7,"turns":4},{"damage":0,"enemies":"3 Louse","floor":11,"turns":3},{"damage":0,"enemies":"2 Fungi Beasts","floor":13,"turns":3},{"damage":10,"enemies":"Large Slime","floor":14,"turns":4},{"damage":17,"enemies":"Slime Boss","floor":16,"turns":4}],"seed_played":"6073435867624654612","potions_obtained":[{"floor":2,"key":"GamblersBrew"},{"floor":7,"key":"BottledMiracle"},{"floor":8,"key":"Ambrosia"},{"floor":14,"key":"Block Potion"}],"is_trial":false,"path_per_floor":["M","M","M","M","?","R","E","?","T","R","M","R","M","M","R","B"],"character_chosen":"WATCHER","items_purchased":[],"campfire_rested":1,"item_purchase_floors":[],"current_hp_per_floor":[65,65,58,34,34,34,7,7,7,27,27,27,27,17,17,0,0],"gold":321,"neow_bonus":"BOSS_RELIC","is_daily":false,"chose_seed":false,"campfire_upgraded":3,"win_rate":0.0,"timestamp":1610975386,"path_taken":["M","M","?","M","?","R","E","?","T","R","?","R","M","M","R","BOSS"],"items_purchased_type":[],"build_version":"2020-12-22","purchased_purges":0,"victory":false,"max_hp_per_floor":[72,72,72,72,67,67,67,67,67,67,67,67,67,67,67,67,67],"relic_stats":{"counters":[9,30],"Golden Idol":20,"Mummified Hand":[3],"obtain_stats":[{"Golden Idol":5,"Mummified Hand":9,"Philosopher\u0027s Stone":0,"Thread and Needle":7,"PureWater":0},{"Golden Idol":4,"Mummified Hand":5,"Philosopher\u0027s Stone":0,"Thread and Needle":5,"PureWater":0},{"Golden Idol":12,"Mummified Hand":16,"Philosopher\u0027s Stone":0,"Thread and Needle":16,"PureWater":0}]},"card_choices":[{"not_picked":["ClearTheMind","ThirdEye"],"picked":"EmptyFist","floor":1},{"not_picked":["Prostrate","PathToVictory"],"picked":"ClearTheMind","floor":2},{"not_picked":["CrushJoints","SignatureMove"],"picked":"Brilliance","floor":3},{"not_picked":["ClearTheMind","PathToVictory"],"picked":"Protect","floor":4},{"not_picked":["Wireheading","FlurryOfBlows"],"picked":"FearNoEvil","floor":7},{"not_picked":["CrushJoints","ReachHeaven"],"picked":"Study","floor":11},{"not_picked":["SashWhip","Collect","CarveReality"],"picked":"SKIP","floor":13},{"not_picked":["BowlingBash","SashWhip","ReachHeaven"],"picked":"SKIP","floor":14}],"player_experience":374849,"relics_obtained":[{"floor":7,"key":"Thread and Needle"},{"floor":9,"key":"Mummified Hand"}],"event_choices":[{"damage_healed":0,"gold_gain":0,"player_choice":"Lose Max HP","damage_taken":0,"relics_obtained":["Golden Idol"],"max_hp_gain":0,"max_hp_loss":5,"event_name":"Golden Idol","floor":5,"gold_loss":0},{"damage_healed":0,"gold_gain":0,"player_choice":"Got Potions","damage_taken":0,"max_hp_gain":0,"max_hp_loss":0,"event_name":"Lab","floor":8,"gold_loss":0}],"is_beta":false,"boss_relics":[],"items_purged_floors":[],"is_endless":false,"potions_floor_spawned":[2,7,14],"killed_by":"Slime Boss","ascension_level":12}}