{"host":"1c52r9kaxdyo25eq","time":1610980630,"event":{"mods":["AchievementEnabler","BaseMod","Minty Spire (QoL Compilation)","Rare Cards Sparkle","SuperFastMode","everything is the same but u backflip on backflip"],"gold_per_floor":[113,29,29,49,49,49,63,63,63,80,80,80,103,128,128,206,206,225,225,225,238,254,254,100,100,100,112,112,112,129,51,51,51,51],"floor_reached":33,"language":"KOR","playtime":897,"items_purged":["Defend_G"],"score":536,"play_id":"09340067-ef35-4a4d-a313-7cba8a94721a","local_time":"20210118233710","is_ascension_mode":true,"campfire_choices":[{"data":"Crippling Poison","floor":6.0,"key":"SMITH"},{"floor":11,"key":"REST"},{"data":"Acrobatics","floor":15,"key":"SMITH"},{"data":"Tactician","floor":23,"key":"SMITH"},{"data":"Well Laid Plans","floor":25,"key":"SMITH"},{"data":"Setup","floor":29,"key":"SMITH"},{"data":"Calculated Gamble","floor":32,"key":"SMITH"}],"circlet_count":0,"master_deck":["AscendersBane","Strike_G+1","Strike_G","Strike_G","Defend_G","Defend_G","Defend_G+1","Survivor","Neutralize","Adrenaline","Die Die Die","Acrobatics+1","Crippling Poison+1","Wraith Form v2","Eviscerate","Tools of the Trade","Setup+1","Tactician+1","Well Laid Plans+1","Calculated Gamble+1"],"relics":["Ring of the Snake","Tough Bandages","Odd Mushroom","Oddly Smooth Stone","HoveringKite","Dream Catcher"],"acts_visited":["Exordium","TheCity"],"potions_floor_usage":[14,16,28,33,33],"damage_taken":[{"damage":1.0,"enemies":"Cultist","floor":1.0,"turns":4.0},{"damage":0.0,"enemies":"2 Louse","floor":4.0,"turns":2.0},{"damage":1.0,"enemies":"Small Slimes","floor":7.0,"turns":2.0},{"damage":9,"enemies":"Exordium Wildlife","floor":10,"turns":4},{"damage":2,"enemies":"The Mushroom Lair","floor":13,"turns":3},{"damage":0,"enemies":"Gremlin Nob","floor":14,"turns":3},{"damage":9,"enemies":"The Guardian","floor":16,"turns":10},{"damage":1,"enemies":"Shell Parasite","floor":18,"turns":6},{"damage":0,"enemies":"Chosen","floor":21,"turns":5},{"damage":18,"enemies":"Centurion and Healer","floor":22,"turns":9},{"damage":14,"enemies":"Shelled Parasite and Fungi","floor":27,"turns":4},{"damage":3,"enemies":"Snake Plant","floor":30,"turns":4},{"damage":22,"enemies":"Collector","floor":33,"turns":9}],"seed_played":"4190239137272991694","potions_obtained":[{"floor":1.0,"key":"CultistPotion"},{"floor":13,"key":"Fire Potion"},{"floor":22,"key":"Fruit Juice"},{"floor":27,"key":"Block Potion"},{"floor":28,"key":"ColorlessPotion"}],"is_trial":false,"path_per_floor":["M","$","?","M","$","R","M","?","T","M","R","?","?","E","R","B",null,"M","?","?","M","M","R","$","R","T","M","?","R","M","$","R","B"],"character_chosen":"THE_SILENT","items_purchased":["Crippling Poison","Well Laid Plans","Calculated Gamble"],"campfire_rested":1,"item_purchase_floors":[2,24,31],"current_hp_per_floor":[43,43,23,23,23,23,22,22,22,13,32,32,30,30,30,21,55,54,54,54,54,36,36,36,36,36,22,27,27,24,24,24,2,2],"gold":51,"neow_bonus":"TRANSFORM_TWO_CARDS","is_daily":false,"chose_seed":false,"campfire_upgraded":6,"win_rate":0.0,"timestamp":1610980630,"path_taken":["M","$","?","M","$","R","M","?","T","M","R","?","?","E","R","BOSS","M","?","?","M","M","R","$","R","T","M","?","R","?","$","R","BOSS"],"items_purchased_type":["Card","Card","Card"],"build_version":"2020-12-22","purchased_purges":1,"victory":false,"max_hp_per_floor":[66,66,66,66,66,66,66,66,66,66,66,66,66,66,66,66,66,66,66,66,66,66,66,66,66,66,66,71,71,71,71,71,71,71],"card_choices":[{"not_picked":["Predator","Dagger Throw"],"picked":"Acrobatics","floor":1.0},{"not_picked":["Acrobatics","Flechettes","Quick Slash"],"picked":"SKIP","floor":4.0},{"not_picked":["Cloak And Dagger","Acrobatics"],"picked":"Wraith Form v2","floor":7.0},{"not_picked":["Heel Hook","Outmaneuver","Blade Dance"],"picked":"SKIP","floor":10},{"not_picked":["Flying Knee","Die Die Die","PiercingWail"],"picked":"SKIP","floor":14},{"not_picked":["Storm of Steel","Doppelganger"],"picked":"Tools of the Trade","floor":16},{"not_picked":["Bane","PiercingWail"],"picked":"Setup","floor":18},{"not_picked":["Deflect","Slice","Backstab"],"picked":"SKIP","floor":21},{"not_picked":["Bouncing Flask","Eviscerate","Underhanded Strike"],"picked":"SKIP","floor":22},{"not_picked":["Acrobatics","Deadly Poison","Dagger Throw"],"picked":"SKIP","floor":27},{"not_picked":["Bouncing Flask","Flying Knee","Dodge and Roll"],"picked":"SKIP","floor":30}],"player_experience":593467,"relics_obtained":[{"floor":9,"key":"Tough Bandages"},{"floor":13,"key":"Odd Mushroom"},{"floor":14,"key":"Oddly Smooth Stone"},{"floor":26,"key":"Dream Catcher"}],"event_choices":[{"damage_healed":0.0,"max_hp_gain":0.0,"max_hp_loss":0.0,"gold_gain":0.0,"event_name":"Shining Light","player_choice":"Entered Light","floor":3.0,"gold_loss":0.0,"damage_taken":20.0,"cards_upgraded":["Defend_G","Strike_G"]},{"damage_healed":0,"gold_gain":0,"player_choice":"Searched \u00270\u0027 times","damage_taken":0,"max_hp_gain":0,"max_hp_loss":0,"event_name":"Dead Adventurer","floor":8,"gold_loss":0},{"damage_healed":0,"gold_gain":0,"cards_transformed":["Strike_G"],"player_choice":"Change","damage_taken":0,"max_hp_gain":0,"max_hp_loss":0,"event_name":"Living Wall","floor":12,"gold_loss":0,"cards_obtained":["Eviscerate"]},{"damage_healed":0,"gold_gain":0,"player_choice":"Fought Mushrooms","damage_taken":0,"max_hp_gain":0,"max_hp_loss":0,"event_name":"Mushrooms","floor":13,"gold_loss":0},{"damage_healed":0,"gold_gain":0,"player_choice":"Ignored","damage_taken":0,"max_hp_gain":0,"max_hp_loss":0,"event_name":"The Mausoleum","floor":19,"gold_loss":0},{"damage_healed":0,"gold_gain":0,"player_choice":"Read","damage_taken":0,"max_hp_gain":0,"max_hp_loss":0,"event_name":"The Library","floor":20,"gold_loss":0,"cards_obtained":["Tactician"]},{"damage_healed":0,"gold_gain":0,"player_choice":"Got Potions","damage_taken":0,"max_hp_gain":0,"max_hp_loss":0,"event_name":"Lab","floor":28,"gold_loss":0}],"is_beta":false,"boss_relics":[{"not_picked":["Cursed Key","Sozu"],"picked":"HoveringKite"}],"items_purged_floors":[24],"is_endless":false,"potions_floor_spawned":[1,13,22,27,30],"killed_by":"Collector","ascension_level":20}}