{"host":"baiuyraednrljtmn","time":1610973370,"event":{"mods":["BaseMod","Colored Map","Colored Powertips","DeckTracker","Keyboard Shortcuts","Minty Spire (QoL Compilation)","Relic Stats","StSLib","SuperFastMode","everything is the same but u backflip on backflip"],"gold_per_floor":[17,30,47,65,77,77,109,109,109,133,152,152,166,199,199,272,272,284,284,313,328,84,114,114,14,14,14,31,42,72,72,72,146,146,164,39,59,75,75,75,109,122,122,133,148,148,148,177,177,177,177],"floor_reached":50,"language":"KOR","playtime":7993,"items_purged":["Strike_R","Strike_R","Strike_R"],"score":1183,"play_id":"3b37b197-a306-4021-8ff7-c6ede56dc1b8","local_time":"20210118213610","is_ascension_mode":true,"campfire_choices":[{"data":"Carnage","floor":6.0,"key":"SMITH"},{"data":"Inflame","floor":8.0,"key":"SMITH"},{"data":"Twin Strike","floor":12.0,"key":"SMITH"},{"data":"Double Tap","floor":15.0,"key":"SMITH"},{"data":"Barricade","floor":24.0,"key":"SMITH"},{"data":"Battle Trance","floor":27.0,"key":"SMITH"},{"data":"Evolve","floor":32.0,"key":"SMITH"},{"data":"Fire Breathing","floor":40.0,"key":"SMITH"},{"data":"Offering","floor":47.0,"key":"SMITH"},{"data":"Entrench","floor":49.0,"key":"SMITH"}],"circlet_count":0,"master_deck":["AscendersBane","Strike_R","Strike_R","Defend_R","Defend_R","Defend_R","Defend_R","Bash","Inflame+1","Carnage+1","Headbutt","Twin Strike+1","Body Slam+1","Sword Boomerang+1","Power Through","Double Tap+1","Immolate+1","Battle Trance+1","Barricade+1","Feed+1","Shrug It Off+1","Pommel Strike+1","Evolve+1","CurseOfTheBell","Feel No Pain","Fire Breathing+1","Offering+1","Entrench+1"],"relics":["Burning Blood","CaptainsWheel","Question Card","Molten Egg 2","Odd Mushroom","Oddly Smooth Stone","Coffee Dripper","Red Mask","Orrery","Mango","Blue Candle","Calling Bell","Regal Pillow","Meat on the Bone","Thread and Needle","Red Skull","Girya","Turnip"],"acts_visited":["Exordium","TheCity","TheBeyond"],"potions_floor_usage":[],"damage_taken":[{"damage":6.0,"enemies":"Cultist","floor":1.0,"turns":3.0},{"damage":3.0,"enemies":"Small Slimes","floor":2.0,"turns":4.0},{"damage":3.0,"enemies":"2 Louse","floor":3.0,"turns":3.0},{"damage":12.0,"enemies":"Exordium Wildlife","floor":4.0,"turns":4.0},{"damage":12.0,"enemies":"2 Fungi Beasts","floor":5.0,"turns":4.0},{"damage":10.0,"enemies":"3 Sentries","floor":7.0,"turns":6.0},{"damage":16.0,"enemies":"The Mushroom Lair","floor":10.0,"turns":3.0},{"damage":7.0,"enemies":"Looter","floor":11.0,"turns":3.0},{"damage":15.0,"enemies":"Gremlin Gang","floor":13.0,"turns":3.0},{"damage":25.0,"enemies":"Lagavulin","floor":14.0,"turns":6.0},{"damage":10.0,"enemies":"Slime Boss","floor":16.0,"turns":7.0},{"damage":12.0,"enemies":"3 Byrds","floor":18.0,"turns":4.0},{"damage":12.0,"enemies":"Masked Bandits","floor":20.0,"turns":3.0},{"damage":11.0,"enemies":"Spheric Guardian","floor":21.0,"turns":3.0},{"damage":7.0,"enemies":"Gremlin Leader","floor":23.0,"turns":5.0},{"damage":6.0,"enemies":"Centurion and Healer","floor":28.0,"turns":3.0},{"damage":0.0,"enemies":"Snecko","floor":29.0,"turns":3.0},{"damage":0.0,"enemies":"Book of Stabbing","floor":30.0,"turns":3.0},{"damage":20.0,"enemies":"Automaton","floor":33.0,"turns":9.0},{"damage":12.0,"enemies":"Orb Walker","floor":35.0,"turns":5.0},{"damage":0.0,"enemies":"3 Shapes","floor":37.0,"turns":5.0},{"damage":15.0,"enemies":"Maw","floor":38.0,"turns":8.0},{"damage":80.0,"enemies":"Reptomancer","floor":41.0,"turns":6.0},{"damage":12.0,"enemies":"3 Darklings","floor":42.0,"turns":6.0},{"damage":0.0,"enemies":"4 Shapes","floor":44.0,"turns":2.0},{"damage":11.0,"enemies":"Spire Growth","floor":45.0,"turns":4.0},{"damage":27.0,"enemies":"Nemesis","floor":48.0,"turns":7.0},{"damage":0,"enemies":"Time Eater","floor":50,"turns":1}],"seed_played":"4689994339201864805","potions_obtained":[{"floor":1.0,"key":"Fire Potion"},{"floor":3.0,"key":"Dexterity Potion"},{"floor":5.0,"key":"AttackPotion"},{"floor":13.0,"key":"SpeedPotion"},{"floor":23.0,"key":"Block Potion"},{"floor":33.0,"key":"Energy Potion"},{"floor":38.0,"key":"Energy Potion"},{"floor":41.0,"key":"ColorlessPotion"},{"floor":42.0,"key":"Swift Potion"},{"floor":44.0,"key":"SpeedPotion"},{"floor":45.0,"key":"SpeedPotion"}],"is_trial":false,"path_per_floor":["M","M","M","M","M","R","E","R","T","?","M","R","M","E","R","B",null,"M","?","?","M","$","E","R","$","T","R","M","M","E","?","R","B",null,"M","$","M","M","?","R","E","M","T","M","M","$","R","E","R","B"],"character_chosen":"IRONCLAD","items_purchased":["Orrery"],"campfire_rested":0,"item_purchase_floors":[22],"current_hp_per_floor":[68,71,74,68,62,62,58,58,58,48,47,47,38,19,19,15,60,54,54,48,43,43,56,56,56,56,56,60,66,72,72,72,62,88,82,82,92,83,83,83,21,27,27,45,52,52,52,43,43,43,43],"gold":177,"neow_bonus":"ONE_RARE_RELIC","is_daily":false,"chose_seed":false,"campfire_upgraded":10,"win_rate":0.0,"timestamp":1610973370,"path_taken":["M","?","M","M","M","R","E","R","T","?","M","R","M","E","R","BOSS","M","?","?","M","?","E","R","$","T","R","M","M","E","?","R","BOSS","M","$","M","M","?","R","E","M","T","M","M","$","R","E","R","BOSS"],"items_purchased_type":["Relic"],"build_version":"2020-12-22","purchased_purges":3,"victory":false,"max_hp_per_floor":[75,75,75,75,75,75,75,75,75,75,75,75,75,75,75,75,75,75,75,75,75,75,89,89,89,89,89,93,93,93,93,93,97,97,97,97,101,101,101,101,101,101,101,101,101,101,101,101,101,101,101],"relic_stats":{"Regal Pillow":0,"counters":[28,123],"Blue Candle":[4],"Turnip":[0],"Question Card":28,"obtain_stats":[{"Girya":43,"Regal Pillow":34,"Blue Candle":26,"Oddly Smooth Stone":14,"Mango":23,"Thread and Needle":34,"Odd Mushroom":10,"Question Card":7,"Burning Blood":0,"Calling Bell":34,"CaptainsWheel":0,"Orrery":22,"Molten Egg 2":9,"Turnip":48,"Coffee Dripper":17,"Red Mask":20,"Red Skull":41,"Meat on the Bone":34},{"Girya":24,"Regal Pillow":19,"Blue Candle":15,"Oddly Smooth Stone":10,"Mango":15,"Thread and Needle":19,"Odd Mushroom":7,"Question Card":6,"Burning Blood":0,"Calling Bell":19,"CaptainsWheel":0,"Orrery":14,"Molten Egg 2":6,"Turnip":27,"Coffee Dripper":11,"Red Mask":13,"Red Skull":23,"Meat on the Bone":19},{"Girya":109,"Regal Pillow":79,"Blue Candle":61,"Oddly Smooth Stone":39,"Mango":61,"Thread and Needle":79,"Odd Mushroom":27,"Question Card":24,"Burning Blood":0,"Calling Bell":79,"CaptainsWheel":0,"Orrery":56,"Molten Egg 2":24,"Turnip":122,"Coffee Dripper":46,"Red Mask":53,"Red Skull":103,"Meat on the Bone":79}],"Burning Blood":162,"Meat on the Bone":60},"card_choices":[{"not_picked":["Flame Barrier","Warcry","Disarm"],"picked":"SKIP","floor":1.0},{"not_picked":["Clash","Havoc"],"picked":"Inflame","floor":2.0},{"not_picked":["Combust","Shrug It Off"],"picked":"Carnage","floor":3.0},{"not_picked":["Burning Pact","Clash","Headbutt"],"picked":"SKIP","floor":4.0},{"not_picked":["Burning Pact","Clash"],"picked":"Headbutt","floor":4.0},{"not_picked":["Havoc","Blood for Blood","Headbutt"],"picked":"SKIP","floor":5.0},{"not_picked":["Sever Soul","Battle Trance"],"picked":"Twin Strike","floor":7.0},{"not_picked":["Cleave+1","Anger+1","Entrench"],"picked":"Body Slam+1","floor":10.0},{"not_picked":["Shrug It Off","Clash+1","Heavy Blade+1"],"picked":"Sword Boomerang+1","floor":11.0},{"not_picked":["Evolve","Thunderclap+1","Havoc"],"picked":"Power Through","floor":13.0},{"not_picked":["Uppercut+1","Disarm","Anger+1"],"picked":"Double Tap","floor":14.0},{"not_picked":["Limit Break","Corruption","Fiend Fire+1"],"picked":"Immolate+1","floor":16.0},{"not_picked":["Cleave+1","Warcry","Thunderclap+1","Havoc"],"picked":"SKIP","floor":18.0},{"not_picked":["Uppercut+1","Shrug It Off","Cleave+1"],"picked":"Battle Trance","floor":20.0},{"not_picked":["Clothesline+1","Dark Embrace","Second Wind+1"],"picked":"Barricade","floor":21.0},{"not_picked":["Cleave+1","Flex","Battle Trance"],"picked":"Feed+1","floor":22.0},{"not_picked":["Seeing Red","Battle Trance","Flex"],"picked":"Shrug It Off+1","floor":22.0},{"not_picked":["Heavy Blade+1","Shockwave","True Grit"],"picked":"Pommel Strike+1","floor":23.0},{"not_picked":["Havoc","Perfected Strike+1","Disarm","Anger+1"],"picked":"SKIP","floor":28.0},{"not_picked":["Havoc","Bloodletting+1","Battle Trance","Clash+1"],"picked":"SKIP","floor":29.0},{"not_picked":["Rupture","Heavy Blade+1","Armaments"],"picked":"Evolve","floor":30.0},{"not_picked":["Dual Wield","Armaments+1","Clash+1"],"picked":"Feel No Pain","floor":35.0},{"not_picked":["Shrug It Off+1","Anger+1","Havoc","Twin Strike+1"],"picked":"SKIP","floor":37.0},{"not_picked":["Heavy Blade+1","Bloodletting","Perfected Strike+1","Inflame"],"picked":"SKIP","floor":38.0},{"not_picked":["Blood for Blood+1","Armaments","Juggernaut"],"picked":"Offering","floor":41.0},{"not_picked":["Power Through","Flex","Sword Boomerang+1","Cleave+1"],"picked":"SKIP","floor":42.0},{"not_picked":["Inflame","Warcry","Rupture","Twin Strike+1"],"picked":"SKIP","floor":44.0},{"not_picked":["Metallicize","Iron Wave+1","Heavy Blade+1","Wild Strike+1"],"picked":"SKIP","floor":45.0},{"not_picked":["Flame Barrier","Disarm","Dark Embrace"],"picked":"Entrench","floor":48.0}],"player_experience":1419205,"relics_obtained":[{"floor":7.0,"key":"Question Card"},{"floor":9.0,"key":"Molten Egg 2"},{"floor":10.0,"key":"Odd Mushroom"},{"floor":14.0,"key":"Oddly Smooth Stone"},{"floor":20.0,"key":"Red Mask"},{"floor":23.0,"key":"Mango"},{"floor":26.0,"key":"Blue Candle"},{"floor":34.0,"key":"Regal Pillow"},{"floor":34.0,"key":"Meat on the Bone"},{"floor":34.0,"key":"Thread and Needle"},{"floor":41.0,"key":"Red Skull"},{"floor":43.0,"key":"Girya"},{"floor":48.0,"key":"Turnip"}],"event_choices":[{"damage_healed":0.0,"max_hp_gain":0.0,"max_hp_loss":0.0,"gold_gain":0.0,"event_name":"Mushrooms","player_choice":"Fought Mushrooms","floor":10.0,"gold_loss":0.0,"damage_taken":0.0},{"damage_healed":0.0,"max_hp_gain":0.0,"max_hp_loss":0.0,"gold_gain":0.0,"event_name":"The Mausoleum","player_choice":"Ignored","floor":19.0,"gold_loss":0.0,"damage_taken":0.0},{"damage_healed":0.0,"max_hp_gain":0.0,"max_hp_loss":0.0,"gold_gain":0.0,"event_name":"Masked Bandits","player_choice":"Fought Bandits","floor":20.0,"gold_loss":0.0,"damage_taken":0.0},{"damage_healed":0.0,"max_hp_gain":0.0,"max_hp_loss":0.0,"gold_gain":0.0,"event_name":"Vampires","player_choice":"Ignored","floor":31.0,"gold_loss":0.0,"damage_taken":0.0},{"damage_healed":0.0,"max_hp_gain":0.0,"max_hp_loss":0.0,"gold_gain":0.0,"event_name":"Match and Keep!","player_choice":"1 cards matched","floor":39.0,"gold_loss":0.0,"damage_taken":0.0,"cards_obtained":["Fire Breathing"]}],"is_beta":false,"boss_relics":[{"not_picked":["Velvet Choker","Busted Crown"],"picked":"Coffee Dripper"},{"not_picked":["Runic Cube","Fusion Hammer"],"picked":"Calling Bell"}],"items_purged_floors":[22,25,36],"is_endless":false,"potions_floor_spawned":[1,3,5,13,23,28,30,33,38,41,42,44,45],"killed_by":"Time Eater","ascension_level":20}}