{"host":"kzg3uglj8yekbxlz","time":1610962760,"event":{"mods":["Act Like it!","Alarm Clock","BaseMod","Better Synergies","Better Vampires","CapriCore","Curses Come First","Displayed Cursed Tome","Downfall","Evolution","FoggyMod","Gensokyo","Hallownest","Highlight Path","HumanHunterMod(怪物杀人mod)","KinomotoSakuraMod(木之本樱)","Koishi","Lobotomy","LobotomyExtend","Marisa（F雨　魔理沙）","Minty Spire (QoL Compilation)","Poem Panic","Poor People Problems","Prisma Mod","Shop Mod","StSLib","The Administrix","The Alterego","The Bug Knight","The Hierophant","The Immortal","TheWitcher","WarShipGirlsR/战舰少女R mod","Yuri Mod","残留之物"],"gold_per_floor":[99,99,84,44,62,47,47,0,0,0,0,10,28,0,17,17,17,2,2,2,2,2,212,212,223,23,23,23,8,20,123,123,123,123,123,448,448,448,448,461,461,461,495,546,546,573,589,489,504,99,99,99,99,99,11,22,22,0,0,0,23,37,132,132,132,132,132,132,150,150,150,150,150,150,167,176,176,176,195,195,195,57,72,12,30,30,30,30,30,12,12,43,43,57,57,68,68,68,79,79,156,156,156,156,473,501,501,501,519,519],"floor_reached":103,"language":"ZHS","playtime":7803,"items_purged":["champ:Taunt","champ:Defend","champ:Defend"],"score":1334,"play_id":"671e2531-b56d-453e-a7a0-b54ef1adb166","local_time":"20210118173920","is_ascension_mode":false,"campfire_choices":[{"floor":1.0,"key":"RECALL"},{"data":"champ:StrikeOfGenius","floor":9.0,"key":"SMITH"},{"data":"champ:BladeFlurry","floor":14.0,"key":"SMITH"},{"data":"champ:PerfectedStrike","floor":24.0,"key":"SMITH"},{"data":"champ:PerfectedStrike","floor":26.0,"key":"SMITH"},{"data":"champ:TripleStrike","floor":31.0,"key":"SMITH"},{"data":"champ:CrownThrow","floor":39.0,"key":"SMITH"},{"data":"champ:PerfectedStrike","floor":44.0,"key":"SMITH"},{"data":"champ:RisingSlash","floor":49.0,"key":"SMITH"},{"data":"champ:TripleStrike","floor":61.0,"key":"SMITH"},{"data":"Gensokyo:RainbowDanmaku","floor":73.0,"key":"SMITH"},{"data":"champ:RisingSlash","floor":74.0,"key":"SMITH"},{"data":"champ:IgnorePain","floor":81.0,"key":"SMITH"},{"data":"Gensokyo:CrescentMoonSlash","floor":85.0,"key":"SMITH"},{"data":"champ:RapidStrikes","floor":87.0,"key":"SMITH"},{"data":"champ:CheapShot","floor":96,"key":"SMITH"}],"circlet_count":0,"master_deck":["champ:Strike","champ:Strike","champ:Strike+1","champ:Strike","champ:Defend","champ:Execute","MeatLantern","champ:BladeFlurry+1","champ:PerfectedStrike+1","champ:EnGarde","champ:StrikeOfGenius+1","BigBird","Woodsman","Gensokyo:CrescentMoonSlash+1","champ:CrownThrow+1","OldLady","champ:CrownThrow+1","champ:PerfectedStrike+1","Bloodbath","CherryBlossoms","champ:TripleStrike+1","VoidDream","champ:MurderStrike+1","Dash","champ:PerfectedStrike+1","champ:BladeFlurry+1","Variant","champ:CrookedStrike","UniverseFragment","LongBird","MHz","champ:AdrenalArmor+1","champ:RisingSlash+1","champ:AdrenalArmor","champ:CrookedStrike+1","champ:RisingSlash+1","champ:TripleStrike+1","Gensokyo:RainbowDanmaku+1","Gensokyo:PrivateSquare","champ:IgnorePain+1","Gensokyo:CustomPotion","champ:CheapShot+1","champ:RapidStrikes+1","champ:EnGarde"],"relics":["champ:ChampionCrown","EVO:Axolotl","CogitoBucket","RabbitCall","Gensokyo:CelestialsFlawlessClothing","LetterFromLob","Gensokyo:PortableGap","SkinProphecy","Bronze Scales","downfall:HeartBlessingRed","downfall:HeartBlessingBlue","Gensokyo:Justice","ChangeAnything","SlaversCollar","yuri:PortableGlitches","Du-Vu Doll","MerchantsRug","Centennial Puzzle","Pen Nib","AtMidnight","downfall:HeartBlessingGreen","Thread and Needle","Orichalcum","Akabeko","Gensokyo:ConquerorOfFear","Gensokyo:DirgeOfMelancholy","Sozu","HollowMod:PaleOreRelic","Lantern","Sundial","Blue Candle","Art of War","Strawberry","SnafuTest:BearRelic","Pantograph","HornCleat","Anchor"],"acts_visited":["Exordium","Gensokyo:Gensokyo","Gensokyo:Gensokyoer"],"potions_floor_usage":[103],"damage_taken":[{"damage":30.0,"enemies":"downfall:FleeingMerchant","floor":3.0,"turns":4.0},{"damage":0.0,"enemies":"Gensokyo:Python","floor":5.0,"turns":2.0},{"damage":15.0,"enemies":"downfall:FleeingMerchant","floor":6.0,"turns":4.0},{"damage":10.0,"enemies":"Gensokyo:2_Kodama","floor":12.0,"turns":4.0},{"damage":0.0,"enemies":"Gensokyo:Gryphon","floor":13.0,"turns":3.0},{"damage":9.0,"enemies":"Gensokyo:LivingMonolith","floor":15.0,"turns":5.0},{"damage":10.0,"enemies":"downfall:FleeingMerchant","floor":16.0,"turns":4.0},{"damage":5.0,"enemies":"Gensokyo:5_Fairies","floor":21.0,"turns":5.0},{"damage":0.0,"enemies":"Gensokyo:2_Rabbits","floor":23.0,"turns":3.0},{"damage":20.0,"enemies":"downfall:FleeingMerchant","floor":27.0,"turns":4.0},{"damage":62.0,"enemies":"Gensokyo:3_Kodama","floor":28.0,"turns":7.0},{"damage":15.0,"enemies":"IC_STATUS_ARCHETYPE","floor":29.0,"turns":5.0},{"damage":5.0,"enemies":"Gensokyo:3_Dogs","floor":38.0,"turns":3.0},{"damage":29.0,"enemies":"Gensokyo:Koishi","floor":41.0,"turns":4.0},{"damage":22.0,"enemies":"downfall:FleeingMerchant","floor":42.0,"turns":3.0},{"damage":14.0,"enemies":"Gensokyo:Reisen","floor":44.0,"turns":4.0},{"damage":44.0,"enemies":"Gensokyo:Chomper","floor":45.0,"turns":4.0},{"damage":1.0,"enemies":"Gensokyo:Monolith_and_Dog","floor":45.0,"turns":4.0},{"damage":10.0,"enemies":"Gensokyo:Wraith","floor":52.0,"turns":2.0},{"damage":0.0,"enemies":"Gensokyo:Slime_Group","floor":58.0,"turns":3.0},{"damage":10.0,"enemies":"WA_ARCHETYPE_CALM","floor":59.0,"turns":4.0},{"damage":33.0,"enemies":"WA_ARCHETYPE_CALM","floor":62.0,"turns":6.0},{"damage":0.0,"enemies":"Gensokyo:AncientGuardian","floor":65.0,"turns":2.0},{"damage":10.0,"enemies":"Gensokyo:3_Boulders","floor":71.0,"turns":3.0},{"damage":0.0,"enemies":"Gensokyo:Sharpion","floor":75.0,"turns":4.0},{"damage":0.0,"enemies":"Gensokyo:SeedOfUnknown","floor":77.0,"turns":2.0},{"damage":0.0,"enemies":"Gensokyo:4_Bats","floor":79.0,"turns":2.0},{"damage":1.0,"enemies":"Gensokyo:Doremy","floor":86.0,"turns":3.0},{"damage":0.0,"enemies":"Gensokyo:3_Boulders","floor":88.0,"turns":3.0},{"damage":2.0,"enemies":"Gensokyo:Sharpion","floor":88.0,"turns":2.0},{"damage":10.0,"enemies":"Gensokyo:Rafflesia","floor":91.0,"turns":3.0},{"damage":39,"enemies":"Gensokyo:4_Bats","floor":97,"turns":7},{"damage":0,"enemies":"Gensokyo:Kasen","floor":98,"turns":4},{"damage":0,"enemies":"Gensokyo:Dusk_and_Dawn","floor":101,"turns":3},{"damage":0,"enemies":"SI_POISON_ARCHETYPE","floor":102,"turns":4},{"damage":7,"enemies":"Malkuth","floor":103,"turns":4},{"damage":68,"enemies":"Hod","floor":103,"turns":7},{"damage":58,"enemies":"Chesed","floor":103,"turns":7}],"seed_played":"-4450190915726166729","potions_obtained":[{"floor":12.0,"key":"LiquidBronze"},{"floor":13.0,"key":"Swift Potion"},{"floor":15.0,"key":"CultistPotion"},{"floor":23.0,"key":"EntropicBrew"},{"floor":27.0,"key":"BlessingOfTheForge"},{"floor":41.0,"key":"EssenceOfSteel"},{"floor":44.0,"key":"Energy Potion"},{"floor":45.0,"key":"Fire Potion"},{"floor":45.0,"key":"Explosive Potion"},{"floor":59.0,"key":"Block Potion"}],"is_trial":false,"path_per_floor":["R","?","$","?","M","$","T","?","R","?","T","M","M","COS","M","R","?","$","?","?","?","T","M","T","M","R","?","R","$","M","B",null,"R","?","?","M","?","M","T","M","R","?","E","$","?","E","M","R","M","$","?","T","R","T","$","M","COS","?","?","?","$","M","B",null,"R","?","?","$","M","?","T","?","?","?","M","$","R","?","M","R","T","$","M","?","M","T","R","T","T","COS","R","E","?","M","R","M","?","?","M","$","T","?","T","R","M","E","T","?","M","B",null],"character_chosen":"THE_CHAMP","items_purchased":["MerchantsRug","champ:CrookedStrike","Centennial Puzzle","champ:RisingSlash","Thread and Needle","champ:CrookedStrike","Lantern"],"campfire_rested":0,"item_purchase_floors":[42,42,42,46,46,57,76],"current_hp_per_floor":[90,68,58,58,58,53,53,76,76,76,76,76,76,76,67,67,56,52,49,49,34,34,25,25,34,44,44,44,21,73,55,109,109,109,109,109,94,89,89,98,98,98,81,71,79,91,74,74,82,82,82,82,82,82,82,84,84,84,84,84,84,92,95,117,117,117,102,102,104,104,104,104,104,104,119,119,119,119,120,120,130,130,132,132,134,134,134,134,134,134,134,143,143,142,142,142,121,121,123,123,123,123,123,123,105,119,119,104,113,144],"gold":519,"neow_bonus":"","is_daily":false,"chose_seed":false,"campfire_upgraded":15,"win_rate":0.0,"timestamp":1610962760,"path_taken":["R","?","$","?","?","?","T","?","R","?","?","?","?","COS","M","R","?","$","?","?","?","T","?","?","?","R","?","R","?","M","BOSS","R","?","?","?","?","?","T","?","R","?","E","?","?","E","M","R","?","?","?","?","R","T","?","?","COS","?","?","?","?","M","BOSS","R","?","?","$","?","?","T","?","?","?","?","?","R","?","M","R","?","?","?","?","?","T","R","?","?","COS","R","E","?","M","R","?","?","?","?","?","T","?","?","R","?","E","?","?","M","BOSS"],"items_purchased_type":["Relic","Card","Relic","Card","Relic","Card","Card"],"build_version":"2020-12-22","purchased_purges":3,"victory":true,"max_hp_per_floor":[90,90,90,90,90,90,90,90,90,81,81,81,81,81,78,78,78,80,87,87,87,87,89,89,91,101,101,101,103,107,109,109,109,109,109,109,109,109,109,111,111,111,113,115,115,117,118,118,120,120,111,111,111,111,111,113,113,113,113,113,113,115,117,117,117,117,117,117,119,119,119,119,119,119,121,121,121,121,120,120,130,130,132,132,134,134,134,134,134,134,134,143,143,142,142,144,144,144,146,146,146,146,146,146,148,150,150,150,152,154],"card_choices":[{"not_picked":["Wellcheers","PunishingBird","Porccubus"],"picked":"Singing Bowl","floor":3.0},{"not_picked":["Alriune","HappyTeddy"],"picked":"MeatLantern","floor":3.0},{"not_picked":["champ:Backstep","champ:StanceDance"],"picked":"champ:BladeFlurry","floor":3.0},{"not_picked":[],"picked":"champ:PerfectedStrike","floor":4.0},{"not_picked":[],"picked":"champ:EnGarde","floor":4.0},{"not_picked":["champ:BringItOn","champ:PreciseThrust"],"picked":"champ:StrikeOfGenius","floor":5.0},{"not_picked":["PunishingBird","OSAHOGD","ShyLook"],"picked":"Singing Bowl","floor":5.0},{"not_picked":["Murderer","MHz"],"picked":"BigBird","floor":5.0},{"not_picked":["SilentOrchestra","Alriune","HeroicMonk"],"picked":"Singing Bowl","floor":6.0},{"not_picked":["UniverseFragment","BeautyBeast"],"picked":"VoidDream","floor":6.0},{"not_picked":["champ:Circumvent","champ:FocusedDefense","champ:FocusedBerserking"],"picked":"SKIP","floor":6.0},{"not_picked":["PunishingBird","Murderer","BeautyBeast"],"picked":"Singing Bowl","floor":12.0},{"not_picked":["champ:ShieldWall","champ:Backstep","champ:Devastate"],"picked":"SKIP","floor":12.0},{"not_picked":["OSAHOGD","CherryBlossoms","SpiderBud"],"picked":"Singing Bowl","floor":13.0},{"not_picked":["champ:BerserkersShout","champ:PreciseThrust","champ:AdrenalArmor"],"picked":"SKIP","floor":13.0},{"not_picked":["HeroicMonk","Bloodbath"],"picked":"Woodsman","floor":15.0},{"not_picked":["champ:DefensiveShout","champ:Circumvent","champ:EndlessRage"],"picked":"SKIP","floor":15.0},{"not_picked":["champ:RapidStrikes","champ:Duel"],"picked":"champ:CrownThrow","floor":16.0},{"not_picked":["GalaxyChild","SingingMachine"],"picked":"OldLady","floor":16.0},{"not_picked":["champ:EnGarde","champ:Haymaker"],"picked":"champ:PerfectedStrike","floor":21.0},{"not_picked":["MHz","SpiderBud"],"picked":"Bloodbath","floor":21.0},{"not_picked":["Wellcheers","Scorched","BeautyBeast"],"picked":"Singing Bowl","floor":23.0},{"not_picked":["champ:ShieldSlam","champ:Haymaker","champ:Parry"],"picked":"SKIP","floor":23.0},{"not_picked":["LaLuna","Alriune","LittleHelper"],"picked":"Singing Bowl","floor":27.0},{"not_picked":["LittlePrince","GalaxyChild"],"picked":"CherryBlossoms","floor":27.0},{"not_picked":["champ:Lariat","champ:FanOfKnives"],"picked":"champ:TripleStrike","floor":27.0},{"not_picked":["RedShoes","LaLuna"],"picked":"VoidDream","floor":28.0},{"not_picked":["champ:Backstep","champ:ArenaPreparation","champ:Haymaker"],"picked":"SKIP","floor":28.0},{"not_picked":["champ:DancingMaster","champ:Improvising"],"picked":"champ:MurderStrike","floor":29.0},{"not_picked":["SpiderBud","SnowQueen","BigBadWolf"],"picked":"Singing Bowl","floor":29.0},{"not_picked":["BodiesMountain","SilentOrchestra","LittlePrince"],"picked":"Singing Bowl","floor":38.0},{"not_picked":["champ:FlashCut+1","champ:GutPunch","champ:BringItOn"],"picked":"SKIP","floor":38.0},{"not_picked":["champ:EndlessRage","champ:BringItOn"],"picked":"champ:BladeFlurry","floor":41.0},{"not_picked":["Alriune","Murderer"],"picked":"Variant","floor":41.0},{"not_picked":["MeltingLove","HappyTeddy","BigBadWolf"],"picked":"Singing Bowl","floor":42.0},{"not_picked":["champ:Haymaker","champ:Parry+1","champ:Backstep+1"],"picked":"SKIP","floor":42.0},{"not_picked":["SpiderBud","Alriune"],"picked":"UniverseFragment","floor":44.0},{"not_picked":["champ:GutPunch","champ:Shatter","champ:PreciseThrust"],"picked":"SKIP","floor":44.0},{"not_picked":["WhiteNight","GreedKing"],"picked":"LongBird","floor":45.0},{"not_picked":["champ:Lariat","champ:PreciseThrust","champ:CalledShot"],"picked":"SKIP","floor":45.0},{"not_picked":["WhiteNight","Funeral","GreedKing"],"picked":"Singing Bowl","floor":45.0},{"not_picked":["SingingMachine","LaLuna"],"picked":"MHz","floor":45.0},{"not_picked":["champ:Shatter","champ:StanceDance"],"picked":"champ:AdrenalArmor+1","floor":45.0},{"not_picked":["champ:CrownThrow","champ:DefensiveShout"],"picked":"champ:AdrenalArmor","floor":52.0},{"not_picked":["Mercenary","SilentOrchestra","DreamingCurrent"],"picked":"Singing Bowl","floor":52.0},{"not_picked":["Porccubus","LaLuna","BlackArmy"],"picked":"Singing Bowl","floor":58.0},{"not_picked":["champ:Parry+1","champ:FalseCounter+1"],"picked":"champ:RisingSlash","floor":58.0},{"not_picked":["champ:SteelEdge","champ:MurderStrike"],"picked":"champ:TripleStrike","floor":59.0},{"not_picked":["SnowQueen","MeltingLove","BodiesMountain"],"picked":"Singing Bowl","floor":59.0},{"not_picked":["Gensokyo:LifeSpringInfinity","Gensokyo:DreamlikeParadise"],"picked":"Gensokyo:RainbowDanmaku","floor":62.0},{"not_picked":["BlueStar","WhiteNight","Alriune"],"picked":"Singing Bowl","floor":65.0},{"not_picked":["champ:RecklessLeap","champ:DefensiveShout+1","champ:EnragedBash+1"],"picked":"SKIP","floor":65.0},{"not_picked":["BlackArmy","Porccubus","LittlePrince"],"picked":"Singing Bowl","floor":71.0},{"not_picked":["champ:UltimateStance","champ:FocusedDefense+1","champ:BerserkersShout+1"],"picked":"SKIP","floor":71.0},{"not_picked":["NothingThere","WhiteNight","MeltingLove"],"picked":"Singing Bowl","floor":75.0},{"not_picked":["champ:Haymaker+1","champ:DefensiveShout+1","champ:IronFortress+1"],"picked":"SKIP","floor":75.0},{"not_picked":["SnowQueen","WhiteNight","BodiesMountain"],"picked":"Singing Bowl","floor":77.0},{"not_picked":["champ:EndlessRage","champ:AdrenalArmor+1"],"picked":"champ:IgnorePain","floor":77.0},{"not_picked":["CENSORED","BlackArmy","Porccubus"],"picked":"Singing Bowl","floor":79.0},{"not_picked":["champ:FlashCut","champ:PreciseThrust+1","champ:CrownThrow"],"picked":"SKIP","floor":79.0},{"not_picked":["CENSORED","HappyTeddy","BlueStar"],"picked":"Singing Bowl","floor":86.0},{"not_picked":["champ:IronFortress+1","champ:Shatter+1"],"picked":"champ:CheapShot","floor":86.0},{"not_picked":["NothingThere","BlueStar","BodiesMountain"],"picked":"Singing Bowl","floor":88.0},{"not_picked":["champ:Shatter","champ:TornadoPunch"],"picked":"champ:RapidStrikes","floor":88.0},{"not_picked":["champ:SetATrap+1","champ:FlashCut"],"picked":"champ:EnGarde","floor":88.0},{"not_picked":["Porccubus","BlueStar","MeltingLove"],"picked":"Singing Bowl","floor":88.0},{"not_picked":["BodiesMountain","WhiteNight","BlueStar"],"picked":"Singing Bowl","floor":91.0},{"not_picked":["champ:Shatter","champ:ShieldWall+1","champ:AdrenalArmor"],"picked":"SKIP","floor":91.0},{"not_picked":["BlackArmy","NothingThere","CENSORED"],"picked":"Singing Bowl","floor":97},{"not_picked":["champ:BerserkersShout","champ:Haymaker+1","champ:FancyFootwork+1"],"picked":"SKIP","floor":97},{"not_picked":["BlackArmy","WhiteNight","NothingThere"],"picked":"Singing Bowl","floor":98},{"not_picked":["champ:FalseCounter","champ:FlashCut+1","champ:CrownThrow"],"picked":"SKIP","floor":98},{"not_picked":["CENSORED","BodiesMountain","BlackArmy"],"picked":"Singing Bowl","floor":101},{"not_picked":["champ:Circumvent","champ:BringItOn","champ:FocusedBerserking"],"picked":"SKIP","floor":101}],"player_experience":620056,"relics_obtained":[{"floor":5.0,"key":"LetterFromLob"},{"floor":7.0,"key":"Kunai"},{"floor":20.0,"key":"Bronze Scales"},{"floor":22.0,"key":"White Beast Statue"},{"floor":37.0,"key":"yuri:PortableGlitches"},{"floor":41.0,"key":"Du-Vu Doll"},{"floor":44.0,"key":"Pen Nib"},{"floor":45.0,"key":"AtMidnight"},{"floor":48.0,"key":"Orichalcum"},{"floor":50.0,"key":"Akabeko"},{"floor":58.0,"key":"Gensokyo:ConquerorOfFear"},{"floor":67.0,"key":"Whetstone"},{"floor":75.0,"key":"Pear"},{"floor":80.0,"key":"Sundial"},{"floor":82.0,"key":"Blue Candle"},{"floor":83.0,"key":"Art of War"},{"floor":86.0,"key":"Strawberry"},{"floor":93.0,"key":"SnafuTest:BearRelic"},{"floor":95,"key":"Pantograph"},{"floor":98,"key":"HornCleat"},{"floor":99,"key":"Anchor"}],"event_choices":[],"is_beta":false,"boss_relics":[{"not_picked":["Tiny House","Astrolabe"],"picked":"SlaversCollar"},{"not_picked":["Black Star","Snecko Eye"],"picked":"Sozu"}],"items_purged_floors":[42,46,51],"is_endless":false,"potions_floor_spawned":[12,13,15,23,27,28,29,41,44,45,45,59,71,75,79,86,88,98],"ascension_level":0}}