{"host":"gjfulft9y42c2y2c","time":1610969486,"event":{"mods":["BaseMod","Colored Map","DeckTracker","Keyboard Shortcuts","Minty Spire (QoL Compilation)","Permanent Neow","StSLib","SuperFastMode","everything is the same but u backflip on backflip"],"gold_per_floor":[118,135,22,34,44,44,71,71,120,147,160,160,187,220,220,318,318,318,318,318,318,233,233,233,233,233,233,10,10,10,10,10,10,10,10,10,10,10,10,10,10,10,10,10,10,10,10,10,10,10],"floor_reached":51,"language":"KOR","playtime":3008,"items_purged":["Strike_G"],"score":1030,"play_id":"77d4f517-c1e7-4a8c-9e62-248f9584ca6e","local_time":"20210118203126","is_ascension_mode":true,"campfire_choices":[{"data":"Footwork","floor":6.0,"key":"SMITH"},{"floor":12.0,"key":"REST"},{"floor":15.0,"key":"REST"},{"data":"Night Terror","floor":23.0,"key":"SMITH"},{"data":"Well Laid Plans","floor":25.0,"key":"SMITH"},{"data":"Infinite Blades","floor":30.0,"key":"SMITH"},{"floor":32.0,"key":"REST"},{"floor":40,"key":"REST"},{"floor":44,"key":"REST"},{"data":"After Image","floor":49,"key":"SMITH"}],"circlet_count":0,"master_deck":["Strike_G","Strike_G+1","Strike_G","Defend_G","Defend_G","Defend_G","Defend_G","Defend_G","Survivor","Neutralize","Backflip","Masterful Stab","Footwork+1","Backflip","Poisoned Stab+1","Well Laid Plans+1","Deadly Poison","Dodge and Roll","Night Terror+1","After Image+1","Dagger Spray","Acrobatics","Writhe","Blur+1","Noxious Fumes","Infinite Blades+1","Corpse Explosion","Calculated Gamble","Prepared+1","Acrobatics+1","Footwork+1","Blade Dance","Parasite"],"relics":["Ring of the Snake","Question Card","Strawberry","Oddly Smooth Stone","Whetstone","Bag of Preparation","Ectoplasm","Ornamental Fan","CeramicFish","Centennial Puzzle","The Courier","Shuriken","SlaversCollar","MealTicket","Pear","Toy Ornithopter"],"acts_visited":["TheCity","TheBeyond"],"potions_floor_usage":[39,39,42,50,50,50],"damage_taken":[{"damage":0.0,"enemies":"Cultist","floor":1.0,"turns":4.0},{"damage":6.0,"enemies":"2 Louse","floor":2.0,"turns":3.0},{"damage":2.0,"enemies":"Jaw Worm","floor":4.0,"turns":4.0},{"damage":0.0,"enemies":"Exordium Wildlife","floor":5.0,"turns":5.0},{"damage":2.0,"enemies":"Lagavulin","floor":7.0,"turns":7.0},{"damage":53.0,"enemies":"Gremlin Nob","floor":10.0,"turns":6.0},{"damage":2.0,"enemies":"Looter","floor":11.0,"turns":3.0},{"damage":11.0,"enemies":"Lagavulin","floor":14.0,"turns":7.0},{"damage":36.0,"enemies":"The Guardian","floor":16.0,"turns":11.0},{"damage":1.0,"enemies":"Shell Parasite","floor":18.0,"turns":8.0},{"damage":10.0,"enemies":"Chosen","floor":19.0,"turns":8.0},{"damage":8.0,"enemies":"Snake Plant","floor":21.0,"turns":6.0},{"damage":0.0,"enemies":"Centurion and Healer","floor":27.0,"turns":10.0},{"damage":0.0,"enemies":"Shelled Parasite and Fungi","floor":29.0,"turns":7.0},{"damage":6.0,"enemies":"Automaton","floor":33.0,"turns":13.0},{"damage":34.0,"enemies":"3 Darklings","floor":35.0,"turns":5.0},{"damage":10.0,"enemies":"Orb Walker","floor":36.0,"turns":5.0},{"damage":18,"enemies":"Sphere and 2 Shapes","floor":39,"turns":9},{"damage":7,"enemies":"Giant Head","floor":41,"turns":10},{"damage":15,"enemies":"Spire Growth","floor":42,"turns":8},{"damage":14,"enemies":"Writhing Mass","floor":46,"turns":9},{"damage":10,"enemies":"Reptomancer","floor":47,"turns":8},{"damage":15,"enemies":"Donu and Deca","floor":50,"turns":7}],"seed_played":"6163203976166407374","potions_obtained":[{"floor":5.0,"key":"Block Potion"},{"floor":7.0,"key":"DuplicationPotion"},{"floor":10.0,"key":"CunningPotion"},{"floor":11.0,"key":"EntropicBrew"},{"floor":18.0,"key":"ColorlessPotion"},{"floor":39,"key":"Block Potion"},{"floor":46,"key":"LiquidBronze"},{"floor":47,"key":"Strength Potion"}],"is_trial":false,"path_per_floor":["M","M","$","M","M","R","E","?","T","E","M","R","T","E","R","B",null,"M","M","?","M","?","R","T","R","T","M","$","M","R","?","R","B",null,"M","M","?","?","M","R","E","M","T","R","$","M","E","$","R","B",null],"character_chosen":"THE_SILENT","items_purchased":["Footwork","Shuriken","Noxious Fumes"],"campfire_rested":5,"item_purchase_floors":[3,28,28],"current_hp_per_floor":[63,57,57,55,55,55,53,58,65,12,10,34,34,23,47,11,64,63,53,53,45,45,45,45,45,45,45,45,45,45,29,55,49,78,44,34,34,34,16,40,33,18,28,55,70,56,46,61,61,61],"gold":10,"neow_bonus":"REMOVE_CARD","is_daily":false,"chose_seed":false,"campfire_upgraded":5,"win_rate":0.0,"timestamp":1610969486,"path_taken":["M","M","?","M","M","R","E","?","T","E","M","R","?","E","R","BOSS","M","M","?","M","?","R","?","R","T","?","$","M","R","?","R","BOSS","M","M","?","?","M","R","E","M","T","R","?","?","E","$","R","BOSS"],"items_purchased_type":["Card","Relic","Card"],"build_version":"2020-12-22","purchased_purges":1,"victory":true,"max_hp_per_floor":[70,70,70,70,70,70,70,75,82,82,82,82,82,82,82,82,82,82,82,82,82,82,82,82,82,82,82,82,82,82,87,87,87,87,87,87,87,83,83,83,83,83,93,93,93,93,93,93,93,93],"card_choices":[{"not_picked":["Cloak And Dagger","Dodge and Roll"],"picked":"Backflip","floor":1.0},{"not_picked":["Endless Agony","Outmaneuver"],"picked":"Masterful Stab","floor":2.0},{"not_picked":["Distraction","Bane"],"picked":"Backflip","floor":4.0},{"not_picked":["Distraction","Prepared"],"picked":"Poisoned Stab","floor":5.0},{"not_picked":["Infinite Blades","Wraith Form v2"],"picked":"Well Laid Plans","floor":7.0},{"not_picked":["Acrobatics","Deflect","Dagger Spray"],"picked":"Deadly Poison","floor":10.0},{"not_picked":["Underhanded Strike","Sucker Punch","Acrobatics"],"picked":"Dodge and Roll","floor":11.0},{"not_picked":["Riddle With Holes","Flechettes","Endless Agony"],"picked":"Night Terror","floor":14.0},{"not_picked":["Burst","A Thousand Cuts","Phantasmal Killer"],"picked":"After Image","floor":16.0},{"not_picked":["Dagger Throw","Expertise","Deflect"],"picked":"Dagger Spray","floor":18.0},{"not_picked":["Flying Knee","PiercingWail+1","Heel Hook"],"picked":"Acrobatics","floor":19.0},{"not_picked":["Deflect","Deadly Poison+1","Underhanded Strike"],"picked":"Blur+1","floor":21.0},{"not_picked":["Blade Dance","Dodge and Roll+1","Choke+1","Setup"],"picked":"SKIP","floor":27.0},{"not_picked":["Outmaneuver+1","Dagger Throw","Distraction"],"picked":"Infinite Blades","floor":29.0},{"not_picked":["Malaise","Bullet Time","Envenom"],"picked":"Corpse Explosion","floor":33.0},{"not_picked":["Quick Slash","Deadly Poison","Slice+1"],"picked":"Calculated Gamble","floor":35.0},{"not_picked":["PiercingWail","Dodge and Roll+1","Setup"],"picked":"Prepared+1","floor":36.0},{"not_picked":["All Out Attack+1","Dagger Throw","Sucker Punch+1"],"picked":"Acrobatics+1","floor":39},{"not_picked":["Footwork+1","Blade Dance+1","Cloak And Dagger","Storm of Steel"],"picked":"SKIP","floor":41},{"not_picked":["Blade Dance+1","Cloak And Dagger","Storm of Steel"],"picked":"Footwork+1","floor":41},{"not_picked":["Deadly Poison+1","Distraction","Bane"],"picked":"Blade Dance","floor":42},{"not_picked":["Riddle With Holes+1","Blade Dance+1","Quick Slash","Acrobatics"],"picked":"SKIP","floor":46},{"not_picked":["Heel Hook","Dagger Spray","Masterful Stab+1","Slice+1"],"picked":"SKIP","floor":47}],"player_experience":256988,"relics_obtained":[{"floor":7.0,"key":"Question Card"},{"floor":9.0,"key":"Strawberry"},{"floor":10.0,"key":"Oddly Smooth Stone"},{"floor":13.0,"key":"Whetstone"},{"floor":14.0,"key":"Bag of Preparation"},{"floor":24.0,"key":"Centennial Puzzle"},{"floor":26.0,"key":"The Courier"},{"floor":41,"key":"MealTicket"},{"floor":43,"key":"Pear"},{"floor":47,"key":"Toy Ornithopter"}],"event_choices":[{"damage_healed":0.0,"max_hp_gain":5.0,"max_hp_loss":0.0,"gold_gain":0.0,"event_name":"Big Fish","player_choice":"Donut","floor":8.0,"gold_loss":0.0,"damage_taken":0.0},{"damage_healed":0.0,"max_hp_gain":0.0,"max_hp_loss":0.0,"gold_gain":0.0,"event_name":"The Mausoleum","player_choice":"Opened","floor":20.0,"gold_loss":0.0,"damage_taken":0.0,"relics_obtained":["Ornamental Fan"],"cards_obtained":["Writhe"]},{"damage_healed":0.0,"max_hp_gain":0.0,"max_hp_loss":0.0,"gold_gain":0.0,"event_name":"Addict","player_choice":"Obtained Relic","floor":22.0,"gold_loss":85.0,"damage_taken":0.0,"relics_obtained":["CeramicFish"]},{"damage_healed":0.0,"max_hp_gain":5.0,"max_hp_loss":0.0,"gold_gain":0.0,"event_name":"Forgotten Altar","player_choice":"Shed Blood","floor":31.0,"gold_loss":0.0,"damage_taken":21.0},{"damage_healed":0,"gold_gain":0,"player_choice":"Ignored","damage_taken":0,"max_hp_gain":0,"max_hp_loss":0,"event_name":"Mysterious Sphere","floor":37,"gold_loss":0},{"damage_healed":0,"gold_gain":0,"player_choice":"Max HP","damage_taken":0,"max_hp_gain":0,"max_hp_loss":4,"event_name":"Winding Halls","floor":38,"gold_loss":0}],"is_beta":false,"boss_relics":[{"not_picked":["Coffee Dripper","Calling Bell"],"picked":"Ectoplasm"},{"not_picked":["Ring of the Serpent","Busted Crown"],"picked":"SlaversCollar"}],"items_purged_floors":[3],"is_endless":false,"potions_floor_spawned":[5,7,10,11,18,29,33,36,39,46,47],"ascension_level":8}}