{"host":"9jj9tzo2iym4bpat","time":1610955591,"event":{"mods":["Act Like it!","BaseMod","CapriCore","Colored Map","Dark Map","Luminous","Minty Spire (QoL Compilation)","Permanent Neow","StSLib","Td1madao Mod","The Animator","The Immortal","The Marked","The Servant 0.9.4","Yakumo Yukari mod"],"gold_per_floor":[362,362,60,25,40,75,75,7,7,21,21,51,2,17,17,117,117,98,98,98,110,63,82,82,82],"floor_reached":24,"language":"ENG","playtime":754,"items_purged":[],"score":245,"play_id":"80f17c7c-3e8d-4ad5-b36c-735ea6554aa3","local_time":"20210118013951","is_ascension_mode":true,"campfire_choices":[{"floor":7,"key":"REST"},{"floor":11,"key":"REST"},{"floor":15,"key":"REST"}],"circlet_count":0,"master_deck":["Strike_G","Strike_G","Strike_G","Strike_G","Strike_G","Defend_G","Defend_G","Defend_G","Defend_G","Defend_G","Survivor","Neutralize","Deflect","Blade Dance","Leg Sweep","Envenom","Slice","Adrenaline","Bullet Time","Cloak And Dagger","Blade Dance"],"relics":["Ring of the Snake","StrikeDummy","Ninja Scroll","Dream Catcher","Sundial","Blue Candle","Sozu"],"acts_visited":["Exordium","TheCity"],"potions_floor_usage":[6,12,16],"damage_taken":[{"damage":10,"enemies":"Jaw Worm","floor":1,"turns":8},{"damage":0,"enemies":"2 Louse","floor":5,"turns":2},{"damage":14,"enemies":"Lagavulin","floor":6,"turns":6},{"damage":0,"enemies":"Small Slimes","floor":10,"turns":1},{"damage":4,"enemies":"Gremlin Nob","floor":12,"turns":4},{"damage":21,"enemies":"Gremlin Gang","floor":14,"turns":7},{"damage":7,"enemies":"Hexaghost","floor":16,"turns":9},{"damage":11,"enemies":"2 Thieves","floor":18,"turns":4},{"damage":0,"enemies":"Chosen","floor":21,"turns":5},{"damage":11,"enemies":"Centurion and Healer","floor":23,"turns":8},{"damage":55,"enemies":"Book of Stabbing","floor":24,"turns":6}],"seed_played":"-265423428597484307","potions_obtained":[{"floor":5,"key":"ColorlessPotion"},{"floor":10,"key":"Energy Potion"},{"floor":14,"key":"AttackPotion"}],"is_trial":false,"path_per_floor":["M","?","$","?","M","E","R","$","T","M","R","E","$","M","R","B",null,"M","?","$","M","$","M","E"],"character_chosen":"THE_SILENT","items_purchased":["Ninja Scroll","Deflect","Envenom","Slice","Blade Dance"],"campfire_rested":3,"item_purchase_floors":[3,3,8,13,22],"current_hp_per_floor":[39,36,36,53,53,39,60,60,60,60,70,66,66,45,66,59,70,59,59,59,59,59,48,0,0],"gold":82,"neow_bonus":"TWO_FIFTY_GOLD","is_daily":false,"chose_seed":false,"campfire_upgraded":0,"win_rate":0.0,"timestamp":1610955591,"path_taken":["M","?","$","?","M","E","R","$","T","M","R","E","$","M","R","BOSS","M","?","$","?","$","M","E"],"items_purchased_type":["Relic","Card","Card","Card","Card"],"build_version":"2020-12-22","purchased_purges":0,"victory":false,"max_hp_per_floor":[70,70,70,70,70,70,70,70,70,70,70,70,70,70,70,70,70,70,70,70,70,70,70,70,70],"card_choices":[{"not_picked":["Poisoned Stab","Terror","Flying Knee"],"picked":"SKIP","floor":1},{"not_picked":["Dodge and Roll","Sucker Punch","Dagger Throw"],"picked":"SKIP","floor":5},{"not_picked":["Riddle With Holes","Dagger Spray"],"picked":"Blade Dance","floor":6},{"not_picked":["Dash","Predator"],"picked":"Leg Sweep","floor":7},{"not_picked":["Distraction","Expertise","PiercingWail"],"picked":"SKIP","floor":10},{"not_picked":["Backflip","Bouncing Flask","Dagger Spray"],"picked":"SKIP","floor":12},{"not_picked":["Distraction","Deadly Poison"],"picked":"Adrenaline","floor":14},{"not_picked":["A Thousand Cuts","Phantasmal Killer"],"picked":"Bullet Time","floor":16},{"not_picked":["Deflect","Expertise","Quick Slash"],"picked":"SKIP","floor":18},{"not_picked":["Prepared","Well Laid Plans+1"],"picked":"Cloak And Dagger","floor":21},{"not_picked":["Poisoned Stab","Prepared","Acrobatics"],"picked":"SKIP","floor":23}],"player_experience":278556,"relics_obtained":[{"floor":6,"key":"Dream Catcher"},{"floor":9,"key":"Sundial"},{"floor":12,"key":"Blue Candle"}],"event_choices":[{"damage_healed":0,"gold_gain":0,"player_choice":"Success","damage_taken":3,"relics_obtained":["StrikeDummy"],"max_hp_gain":0,"max_hp_loss":0,"event_name":"Scrap Ooze","floor":2,"gold_loss":0},{"damage_healed":17,"gold_gain":0,"player_choice":"Healed","damage_taken":0,"max_hp_gain":0,"max_hp_loss":0,"event_name":"The Cleric","floor":4,"gold_loss":35},{"damage_healed":0,"gold_gain":0,"player_choice":"Got Potions","damage_taken":0,"max_hp_gain":0,"max_hp_loss":0,"event_name":"Lab","floor":19,"gold_loss":0}],"is_beta":false,"boss_relics":[{"not_picked":["Busted Crown","SlaversCollar"],"picked":"Sozu"}],"items_purged_floors":[],"is_endless":false,"potions_floor_spawned":[5,10,14,18],"killed_by":"Book of Stabbing","ascension_level":4}}