{"host":"dcj2yvrgcvh5dl2s","time":1610983236,"event":{"mods":["BaseMod","Better Note","Block Reminder","Colored Powertips","DeckTracker","Minty Spire (QoL Compilation)","Quick Restart","Rare Cards Sparkle","Relic Stats","StSLib"],"gold_per_floor":[118,6,22,97,115,142,142,172,250,270,220,232,249,13,13,115,115,115,19,19,19,19,19,19,19,19],"floor_reached":25,"language":"ENG","playtime":1419,"items_purged":["Strike_G","Strike_G"],"score":428,"play_id":"78927974-b035-4593-92c0-b89f34ec14d7","local_time":"20210119012036","is_ascension_mode":true,"campfire_choices":[{"floor":15,"key":"REST"}],"circlet_count":0,"master_deck":["Strike_G+1","Strike_G+1","Defend_G+1","Defend_G+1","Defend_G+1","Defend_G+1","Defend_G+1","Survivor","Neutralize","Slice","Footwork","Calculated Gamble","Cloak And Dagger","Terror","Noxious Fumes","Riddle With Holes","Escape Plan","Slice","Noxious Fumes","Deflect","Backflip","Dark Shackles","Glass Knife","Infinite Blades","Cloak And Dagger","Noxious Fumes","Dodge and Roll","Bouncing Flask"],"relics":["Ring of the Snake","Calipers","Prayer Wheel","Akabeko","Omamori","Pear","Ectoplasm","Red Mask","CaptainsWheel"],"acts_visited":["Exordium","TheCity"],"potions_floor_usage":[6,8,8,16,20,20,20,20,20,23,25,25,25],"damage_taken":[{"damage":5,"enemies":"Jaw Worm","floor":1,"turns":4},{"damage":0,"enemies":"Cultist","floor":3,"turns":4},{"damage":0,"enemies":"2 Louse","floor":5,"turns":3},{"damage":52,"enemies":"Gremlin Nob","floor":6,"turns":6},{"damage":5,"enemies":"3 Sentries","floor":8,"turns":11},{"damage":4,"enemies":"Lots of Slimes","floor":10,"turns":4},{"damage":0,"enemies":"Looter","floor":12,"turns":2},{"damage":0,"enemies":"Blue Slaver","floor":13,"turns":1},{"damage":8,"enemies":"Hexaghost","floor":16,"turns":8},{"damage":7,"enemies":"3 Byrds","floor":18,"turns":5},{"damage":43,"enemies":"Masked Bandits","floor":20,"turns":6},{"damage":40,"enemies":"Slavers","floor":23,"turns":6},{"damage":14,"enemies":"Book of Stabbing","floor":25,"turns":5}],"seed_played":"-4664179255950764280","potions_obtained":[{"floor":1,"key":"Regen Potion"},{"floor":5,"key":"Explosive Potion"},{"floor":6,"key":"Swift Potion"},{"floor":12,"key":"FearPotion"},{"floor":16,"key":"EntropicBrew"},{"floor":20,"key":"LiquidBronze"},{"floor":23,"key":"Poison Potion"}],"is_trial":false,"path_per_floor":["M","$","M","?","M","E","?","E","T","M","?","M","M","$","R","B",null,"M","$","?","?","?","E","?","E"],"character_chosen":"THE_SILENT","items_purchased":["Footwork","Backflip","Dark Shackles","Noxious Fumes","Dodge and Roll"],"campfire_rested":1,"item_purchase_floors":[2,14,14,19,19],"current_hp_per_floor":[58,58,58,52,52,12,12,7,17,13,13,13,13,13,34,26,61,54,54,25,49,49,9,9,0,0],"gold":19,"neow_bonus":"ONE_RARE_RELIC","is_daily":false,"chose_seed":false,"campfire_upgraded":0,"win_rate":0.0,"timestamp":1610983236,"path_taken":["M","$","M","?","?","E","?","E","T","?","?","M","M","$","R","BOSS","M","$","?","?","?","E","?","E"],"items_purchased_type":["Card","Card","Card","Card","Card"],"build_version":"2020-12-22","purchased_purges":2,"victory":false,"max_hp_per_floor":[63,63,63,63,63,63,63,63,73,73,73,73,73,73,73,73,73,73,73,73,73,73,73,73,73,73],"relic_stats":{"counters":[13,65],"Prayer Wheel":4,"Ectoplasm":78,"obtain_stats":[{"CaptainsWheel":23,"Calipers":0,"Pear":9,"Prayer Wheel":6,"Ectoplasm":17,"Omamori":8,"Red Mask":20,"Akabeko":7,"Ring of the Snake":0},{"CaptainsWheel":12,"Calipers":0,"Pear":5,"Prayer Wheel":4,"Ectoplasm":9,"Omamori":5,"Red Mask":11,"Akabeko":4,"Ring of the Snake":0},{"CaptainsWheel":60,"Calipers":0,"Pear":28,"Prayer Wheel":17,"Ectoplasm":43,"Omamori":28,"Red Mask":54,"Akabeko":17,"Ring of the Snake":0}],"Ring of the Snake":[26]},"card_choices":[{"not_picked":["Accuracy","Cloak And Dagger"],"picked":"Slice","floor":1},{"not_picked":["Skewer","Dagger Throw"],"picked":"Calculated Gamble","floor":3},{"not_picked":["Dash","Slice"],"picked":"Cloak And Dagger","floor":5},{"not_picked":["Leg Sweep","Masterful Stab"],"picked":"Terror","floor":6},{"not_picked":["Dagger Throw","Underhanded Strike"],"picked":"Noxious Fumes","floor":8},{"not_picked":["Dodge and Roll","Infinite Blades"],"picked":"Riddle With Holes","floor":10},{"not_picked":["Deadly Poison","Reflex","Underhanded Strike"],"picked":"SKIP","floor":10},{"not_picked":["Outmaneuver","Eviscerate"],"picked":"Escape Plan","floor":12},{"not_picked":["Deadly Poison","Tactician"],"picked":"Slice","floor":12},{"not_picked":["Skewer","Bane"],"picked":"Noxious Fumes","floor":13},{"not_picked":["Acrobatics","Bane"],"picked":"Deflect","floor":13},{"not_picked":["Die Die Die","Venomology"],"picked":"Glass Knife","floor":16},{"not_picked":["Dagger Throw","PiercingWail"],"picked":"Infinite Blades","floor":18},{"not_picked":["Flying Knee","Quick Slash"],"picked":"Cloak And Dagger","floor":18},{"not_picked":["Accuracy","Heel Hook+1"],"picked":"Bouncing Flask","floor":23}],"player_experience":2246412,"relics_obtained":[{"floor":6,"key":"Prayer Wheel"},{"floor":7,"key":"Akabeko"},{"floor":8,"key":"Omamori"},{"floor":9,"key":"Pear"},{"floor":20,"key":"Red Mask"},{"floor":23,"key":"CaptainsWheel"}],"event_choices":[{"damage_healed":0,"gold_gain":75,"player_choice":"Touch","damage_taken":6,"max_hp_gain":0,"max_hp_loss":0,"event_name":"FaceTrader","floor":4,"gold_loss":0},{"damage_healed":0,"gold_gain":0,"player_choice":"Relic","damage_taken":0,"max_hp_gain":0,"max_hp_loss":0,"event_name":"Wheel of Change","floor":7,"gold_loss":0},{"cards_removed":["Strike_G"],"damage_healed":0,"gold_gain":0,"player_choice":"Card Removal","damage_taken":0,"max_hp_gain":0,"max_hp_loss":0,"event_name":"The Cleric","floor":11,"gold_loss":50},{"damage_healed":0,"gold_gain":0,"player_choice":"Fought Bandits","damage_taken":0,"max_hp_gain":0,"max_hp_loss":0,"event_name":"Masked Bandits","floor":20,"gold_loss":0},{"damage_healed":24,"gold_gain":0,"player_choice":"Heal","damage_taken":0,"max_hp_gain":0,"max_hp_loss":0,"event_name":"The Library","floor":21,"gold_loss":0},{"damage_healed":0,"gold_gain":0,"player_choice":"Ignored","damage_taken":0,"max_hp_gain":0,"max_hp_loss":0,"event_name":"Ghosts","floor":22,"gold_loss":0},{"damage_healed":0,"gold_gain":0,"player_choice":"Simplicity","damage_taken":0,"max_hp_gain":0,"max_hp_loss":0,"event_name":"Back to Basics","floor":24,"gold_loss":0,"cards_upgraded":["Strike_G","Strike_G","Defend_G","Defend_G","Defend_G","Defend_G","Defend_G"]}],"is_beta":false,"boss_relics":[{"not_picked":["WristBlade","Sozu"],"picked":"Ectoplasm"}],"items_purged_floors":[2,14],"is_endless":false,"potions_floor_spawned":[1,5,6,12,16,20,23],"killed_by":"Book of Stabbing","ascension_level":6}}