{"host":"ydg0vn0pu4pubmdt","time":1610975266,"event":{"mods":["AchievementEnabler","BaseMod","Colored Map","Gold Saver","Minty Spire (QoL Compilation)","Quick Restart","SuperFastMode"],"gold_per_floor":[114,39,49,64,80,107,124,124,151,151,51,63,77,87,87,189,189,208,208,58,58,71,71,90,107,107,126,126,126,140,65,65,65,65],"floor_reached":33,"language":"KOR","playtime":1178,"items_purged":["Strike_G","Strike_G"],"score":392,"play_id":"ba9fe928-4f49-4cad-a374-a8a43c77630e","local_time":"20210118220746","is_ascension_mode":true,"campfire_choices":[{"data":"Glass Knife","floor":8.0,"key":"SMITH"},{"floor":15.0,"key":"REST"},{"data":"Crippling Poison","floor":23.0,"key":"SMITH"},{"floor":28,"key":"REST"},{"floor":32,"key":"REST"}],"circlet_count":0,"master_deck":["AscendersBane","Defend_G","Defend_G","Survivor","Neutralize","Outmaneuver","Blur","Poisoned Stab","Masterful Stab","PiercingWail","Glass Knife+1","Cloak And Dagger","Well Laid Plans","Noxious Fumes","Corpse Explosion","Acrobatics","Crippling Poison+1","Noxious Fumes","Footwork","Escape Plan+1","Tactician","Poisoned Stab+1","Bouncing Flask"],"relics":["Ring of the Snake","PreservedInsect","Centennial Puzzle","Art of War","HoveringKite","Membership Card","Blue Candle"],"acts_visited":["Exordium","TheCity"],"potions_floor_usage":[33],"damage_taken":[{"damage":0.0,"enemies":"Cultist","floor":1.0,"turns":5.0},{"damage":3.0,"enemies":"Jaw Worm","floor":3.0,"turns":9.0},{"damage":8.0,"enemies":"2 Louse","floor":4.0,"turns":4.0},{"damage":7.0,"enemies":"Large Slime","floor":5.0,"turns":9.0},{"damage":27.0,"enemies":"3 Sentries","floor":6.0,"turns":16.0},{"damage":0.0,"enemies":"Red Slaver","floor":7.0,"turns":3.0},{"damage":0.0,"enemies":"Exordium Wildlife","floor":12.0,"turns":3.0},{"damage":2.0,"enemies":"Large Slime","floor":13.0,"turns":6.0},{"damage":0.0,"enemies":"3 Louse","floor":14.0,"turns":3.0},{"damage":2.0,"enemies":"Hexaghost","floor":16.0,"turns":9.0},{"damage":7.0,"enemies":"3 Byrds","floor":18.0,"turns":2.0},{"damage":11.0,"enemies":"2 Thieves","floor":22.0,"turns":2.0},{"damage":12.0,"enemies":"Centurion and Healer","floor":24.0,"turns":4.0},{"damage":16.0,"enemies":"Cultist and Chosen","floor":25.0,"turns":5.0},{"damage":3,"enemies":"Snake Plant","floor":27,"turns":6},{"damage":22,"enemies":"3 Cultists","floor":30,"turns":5},{"damage":22,"enemies":"Automaton","floor":33,"turns":8}],"seed_played":"-2752671749092925130","potions_obtained":[{"floor":3.0,"key":"Swift Potion"},{"floor":7.0,"key":"Ancient Potion"},{"floor":12.0,"key":"PowerPotion"},{"floor":25.0,"key":"SteroidPotion"}],"is_trial":false,"path_per_floor":["M","$","M","M","M","E","M","R","T","?","$","M","M","M","R","B",null,"M","?","$","?","M","R","M","M","T","M","R","?","M","?","R","B"],"character_chosen":"THE_SILENT","items_purchased":["Membership Card"],"campfire_rested":3,"item_purchase_floors":[20],"current_hp_per_floor":[63,63,60,52,45,18,18,18,18,18,18,18,16,16,34,32,55,48,48,48,48,37,37,25,9,9,6,24,24,2,2,20,0,0],"gold":65,"neow_bonus":"TRANSFORM_TWO_CARDS","is_daily":false,"chose_seed":false,"campfire_upgraded":2,"win_rate":0.0,"timestamp":1610975266,"path_taken":["M","$","M","?","M","E","M","R","T","?","$","M","?","M","R","BOSS","M","?","$","?","M","R","M","M","T","?","R","?","M","?","R","BOSS"],"items_purchased_type":["Relic"],"build_version":"2020-12-22","purchased_purges":2,"victory":false,"max_hp_per_floor":[63,63,63,63,63,63,63,63,63,63,63,63,63,63,63,63,63,63,63,63,63,63,63,63,63,63,63,63,63,63,63,63,63,63],"card_choices":[{"not_picked":["Acrobatics","Bane","Blur"],"picked":"SKIP","floor":1.0},{"not_picked":["Flying Knee","Outmaneuver"],"picked":"Poisoned Stab","floor":3.0},{"not_picked":["Deflect","Noxious Fumes"],"picked":"Masterful Stab","floor":4.0},{"not_picked":["Noxious Fumes","Prepared"],"picked":"PiercingWail","floor":5.0},{"not_picked":["Prepared","Tactician"],"picked":"Glass Knife","floor":6.0},{"not_picked":["Dagger Throw","Sucker Punch"],"picked":"Cloak And Dagger","floor":7.0},{"not_picked":["Dash","Flying Knee"],"picked":"Well Laid Plans","floor":12.0},{"not_picked":["Deflect","Expertise","Dagger Throw"],"picked":"SKIP","floor":13.0},{"not_picked":["Prepared","Concentrate"],"picked":"Noxious Fumes","floor":14.0},{"not_picked":["Phantasmal Killer","A Thousand Cuts"],"picked":"Corpse Explosion","floor":16.0},{"not_picked":["Predator","Sucker Punch"],"picked":"Acrobatics","floor":18.0},{"not_picked":["Sucker Punch","Backflip"],"picked":"Escape Plan+1","floor":22.0},{"not_picked":["Deadly Poison","Poisoned Stab"],"picked":"Tactician","floor":24.0},{"not_picked":["Dodge and Roll+1","Infinite Blades"],"picked":"Poisoned Stab+1","floor":25.0},{"not_picked":["PiercingWail","Storm of Steel","Noxious Fumes"],"picked":"SKIP","floor":27},{"not_picked":["Masterful Stab+1","Endless Agony"],"picked":"Bouncing Flask","floor":30}],"player_experience":479117,"relics_obtained":[{"floor":6.0,"key":"PreservedInsect"},{"floor":9.0,"key":"Centennial Puzzle"},{"floor":10.0,"key":"Art of War"},{"floor":26.0,"key":"Blue Candle"}],"event_choices":[{"damage_healed":0.0,"max_hp_gain":0.0,"max_hp_loss":0.0,"gold_gain":0.0,"event_name":"Wheel of Change","player_choice":"Relic","floor":10.0,"gold_loss":0.0,"damage_taken":0.0},{"damage_healed":0.0,"max_hp_gain":0.0,"max_hp_loss":0.0,"gold_gain":0.0,"cards_transformed":["Strike_G","Defend_G"],"event_name":"Drug Dealer","player_choice":"Became Test Subject","floor":19.0,"gold_loss":0.0,"damage_taken":0.0,"cards_obtained":["Crippling Poison","Noxious Fumes"]},{"damage_healed":0.0,"max_hp_gain":0.0,"max_hp_loss":0.0,"gold_gain":0.0,"cards_transformed":["Defend_G"],"event_name":"Transmorgrifier","player_choice":"Transformed","floor":21.0,"gold_loss":0.0,"damage_taken":0.0,"cards_obtained":["Footwork"]},{"damage_healed":0,"gold_gain":0,"player_choice":"Ignored","damage_taken":0,"max_hp_gain":0,"max_hp_loss":0,"event_name":"Ghosts","floor":29,"gold_loss":0},{"cards_removed":["Strike_G"],"damage_healed":0,"gold_gain":0,"player_choice":"Gave Gold","damage_taken":0,"max_hp_gain":0,"max_hp_loss":0,"event_name":"Beggar","floor":31,"gold_loss":75}],"is_beta":false,"boss_relics":[{"not_picked":["Velvet Choker","Busted Crown"],"picked":"HoveringKite"}],"items_purged_floors":[2,11],"is_endless":false,"potions_floor_spawned":[3,7,12,13,25],"killed_by":"Automaton","ascension_level":11}}