{"host":"5unvcuco0qq3uuek","time":1610997996,"event":{"mods":["BaseMod","Downfall","Minty Spire (QoL Compilation)","StSLib"],"gold_per_floor":[99,117,127,146,159,184,184,184,213,232,232,232,244,254,271,271,271],"floor_reached":16,"language":"ENG","playtime":996,"items_purged":[],"score":131,"play_id":"4d669e4f-b76e-4557-91ea-5e7c1e2b3e5d","local_time":"20210118142636","is_ascension_mode":false,"campfire_choices":[{"data":"bronze:Replicate","floor":1,"key":"SMITH"},{"floor":11,"key":"REST"}],"circlet_count":0,"master_deck":["bronze:Strike","bronze:Strike","bronze:Strike","bronze:Strike","bronze:Defend","bronze:Defend","bronze:Defend","bronze:Defend","bronze:Replicate+1","bronze:Goto+1","bronze:Turbo","bronze:WhirlingStrike","bronze:Shield","bronze:WildBeam","bronze:BugBarrage","bronze:Deprecate","bronze:Shield","bronze:BronzeOrb","bronze:Mutator"],"relics":["bronze:BronzeCore","Pen Nib","Pear","Mango","Odd Mushroom"],"acts_visited":["Exordium"],"potions_floor_usage":[5,6,9,16],"damage_taken":[{"damage":3,"enemies":"Jaw Worm","floor":2,"turns":4},{"damage":0,"enemies":"Small Slimes","floor":3,"turns":3},{"damage":9,"enemies":"2 Louse","floor":4,"turns":2},{"damage":9,"enemies":"Large Slime","floor":5,"turns":5},{"damage":22,"enemies":"Lagavulin","floor":6,"turns":7},{"damage":11,"enemies":"The Mushroom Lair","floor":9,"turns":4},{"damage":5,"enemies":"Lots of Slimes","floor":10,"turns":3},{"damage":2,"enemies":"Exordium Thugs","floor":13,"turns":4},{"damage":5,"enemies":"Lots of Slimes","floor":14,"turns":4},{"damage":4,"enemies":"Exordium Thugs","floor":15,"turns":4},{"damage":65,"enemies":"SI_SHIV_ARCHETYPE","floor":16,"turns":10}],"seed_played":"-4020536118287256576","potions_obtained":[{"floor":3,"key":"Weak Potion"},{"floor":4,"key":"bronze:BuildAFunctionPotion"},{"floor":5,"key":"BlessingOfTheForge"},{"floor":6,"key":"hexamod:SoulburnPotion"},{"floor":14,"key":"EssenceOfSteel"}],"is_trial":false,"path_per_floor":["R","M","M","M","M","E","T","?","?","M","R","?","M","M","M","B"],"character_chosen":"THE_AUTOMATON","items_purchased":[],"campfire_rested":1,"item_purchase_floors":[],"current_hp_per_floor":[70,67,67,58,49,27,37,33,22,17,45,76,74,69,65,0,0],"gold":271,"neow_bonus":"UPGRADE_CARD","is_daily":false,"chose_seed":false,"campfire_upgraded":1,"win_rate":0.0,"timestamp":1610997996,"path_taken":["R","M","M","M","M","E","T","?","?","M","R","?","M","M","M","BOSS"],"items_purchased_type":[],"build_version":"2020-12-22","purchased_purges":0,"victory":false,"max_hp_per_floor":[70,70,70,70,70,70,80,94,94,94,94,94,94,94,94,94,94],"card_choices":[{"not_picked":["bronze:DelayedSlice","bronze:ForceShield"],"picked":"bronze:Turbo","floor":2},{"not_picked":["bronze:Deprecate","bronze:Return"],"picked":"bronze:WhirlingStrike","floor":3},{"not_picked":["bronze:ForceShield","bronze:Fortify"],"picked":"bronze:Shield","floor":4},{"not_picked":["bronze:FineTuning","bronze:Shell"],"picked":"bronze:WildBeam","floor":5},{"not_picked":["bronze:Assembly","bronze:DelayedSlice"],"picked":"bronze:BugBarrage","floor":6},{"not_picked":["bronze:Iterate","bronze:BronzeArmor"],"picked":"bronze:Deprecate","floor":9},{"not_picked":["bronze:Invalidate","bronze:BitShift"],"picked":"bronze:Shield","floor":10},{"not_picked":["bronze:Invalidate","bronze:Iterate","bronze:Shell"],"picked":"SKIP","floor":13},{"not_picked":["bronze:Turbo","bronze:Shield"],"picked":"bronze:BronzeOrb","floor":14},{"not_picked":["bronze:BuggyMess","bronze:MaxOutput"],"picked":"bronze:Mutator","floor":15}],"player_experience":492909,"relics_obtained":[{"floor":6,"key":"Pen Nib"},{"floor":7,"key":"Pear"},{"floor":9,"key":"Odd Mushroom"}],"event_choices":[{"damage_healed":0,"gold_gain":0,"player_choice":"Success","damage_taken":18,"relics_obtained":["Mango"],"max_hp_gain":0,"max_hp_loss":0,"event_name":"Scrap Ooze","floor":8,"gold_loss":0},{"damage_healed":0,"gold_gain":0,"player_choice":"Fought Mushrooms","damage_taken":0,"max_hp_gain":0,"max_hp_loss":0,"event_name":"Mushrooms","floor":9,"gold_loss":0},{"damage_healed":31,"gold_gain":0,"player_choice":"Banana","damage_taken":0,"max_hp_gain":0,"max_hp_loss":0,"event_name":"Big Fish","floor":12,"gold_loss":0}],"is_beta":false,"boss_relics":[],"items_purged_floors":[],"is_endless":false,"potions_floor_spawned":[3,4,5,6,14],"killed_by":"SI_SHIV_ARCHETYPE","ascension_level":0}}