{"host":"dm4yvegl9um2tlqd","time":1610969781,"event":{"mods":["2.2 Compatiblity","AchievementEnabler","BaseMod","Colored Map","DeckTracker","Highlight Path","KOR Keyword Fix","Keyboard Shortcuts","Minty Spire (QoL Compilation)","Permanent Neow","Quick Restart","Random Character Button","StSLib","SuperFastMode","everything is the same but u backflip on backflip"],"gold_per_floor":[118,118,18,33,108,108,124,152,177,77,77,111,126,157,157,157,157],"floor_reached":16,"language":"KOR","playtime":632,"items_purged":["Defend_R","Defend_R"],"score":159,"play_id":"dfcd5897-648c-490f-8397-1c03e52c14ea","local_time":"20210118203621","is_ascension_mode":true,"campfire_choices":[{"data":"Thunderclap","floor":6,"key":"SMITH"},{"floor":11,"key":"REST"},{"data":"Heavy Blade","floor":15,"key":"SMITH"}],"circlet_count":0,"master_deck":["Strike_R","Strike_R","Defend_R","Defend_R","Bash","Reaper","Thunderclap+1","Flame Barrier","Heavy Blade+1","Hemokinesis"],"relics":["Burning Blood","Red Skull","Dream Catcher","Toy Ornithopter","Toxic Egg 2"],"acts_visited":["Exordium"],"potions_floor_usage":[8,8],"damage_taken":[{"damage":13,"enemies":"Jaw Worm","floor":1,"turns":5},{"damage":0,"enemies":"2 Louse","floor":4,"turns":3},{"damage":5,"enemies":"Small Slimes","floor":7,"turns":3},{"damage":68,"enemies":"Lagavulin","floor":8,"turns":13},{"damage":16,"enemies":"Gremlin Nob","floor":12,"turns":3},{"damage":0,"enemies":"Looter","floor":13,"turns":2},{"damage":20,"enemies":"3 Sentries","floor":14,"turns":7},{"damage":46,"enemies":"The Guardian","floor":16,"turns":9}],"seed_played":"3066119222669688061","potions_obtained":[{"floor":1,"key":"Explosive Potion"},{"floor":4,"key":"Dexterity Potion"}],"is_trial":false,"path_per_floor":["M","?","$","M","?","R","M","E","T","$","R","E","M","E","R","B"],"character_chosen":"IRONCLAD","items_purchased":["Heavy Blade"],"campfire_rested":1,"item_purchase_floors":[3],"current_hp_per_floor":[71,64,64,72,61,61,70,12,12,12,33,33,39,37,37,0,0],"gold":157,"neow_bonus":"TRANSFORM_TWO_CARDS","is_daily":false,"chose_seed":false,"campfire_upgraded":2,"win_rate":0.0,"timestamp":1610969781,"path_taken":["M","?","$","M","?","R","M","E","T","?","R","E","M","E","R","BOSS"],"items_purchased_type":["Card"],"build_version":"2020-12-22","purchased_purges":2,"victory":false,"max_hp_per_floor":[72,72,72,72,72,72,72,72,72,72,72,72,72,72,72,72,72],"card_choices":[{"not_picked":["Burning Pact","Combust"],"picked":"Flame Barrier","floor":1},{"not_picked":["Perfected Strike","Carnage","Heavy Blade"],"picked":"SKIP","floor":4},{"not_picked":["Clothesline","Flex","Rage"],"picked":"SKIP","floor":7},{"not_picked":["Heavy Blade","Disarm","Warcry"],"picked":"SKIP","floor":8},{"not_picked":["Twin Strike","Hemokinesis","Headbutt"],"picked":"SKIP","floor":12},{"not_picked":["Havoc","Cleave","Blood for Blood"],"picked":"SKIP","floor":13},{"not_picked":["Havoc","Cleave","Blood for Blood"],"picked":"SKIP","floor":13},{"not_picked":["Intimidate+1","Shockwave+1"],"picked":"Hemokinesis","floor":14}],"player_experience":67869,"relics_obtained":[{"floor":8,"key":"Red Skull"},{"floor":9,"key":"Dream Catcher"},{"floor":12,"key":"Toy Ornithopter"},{"floor":14,"key":"Toxic Egg 2"}],"event_choices":[{"cards_removed":["Strike_R"],"damage_healed":0,"gold_gain":0,"player_choice":"Card Removal","damage_taken":7,"max_hp_gain":0,"max_hp_loss":0,"event_name":"Golden Wing","floor":2,"gold_loss":0},{"damage_healed":0,"gold_gain":75,"player_choice":"Gather Gold","damage_taken":11,"max_hp_gain":0,"max_hp_loss":0,"event_name":"World of Goop","floor":5,"gold_loss":0}],"is_beta":false,"boss_relics":[],"items_purged_floors":[3,10],"is_endless":false,"potions_floor_spawned":[1,4],"killed_by":"The Guardian","ascension_level":7}}