{"host":"56d873i5r3uhle0q","time":1610953580,"event":{"mods":["100% Spire Juice","Act Like it!","Aspiration","BaseMod","Block Reminder","Conspire","Gensokyo","Hallownest","Hermit","Hubris","Infinite Spire","Jedi Mod","Marisa????????","Marked Mod","Minty Spire (QoL Compilation)","Replay The Spire","StSLib","The Animator","The Bug Knight","The Cursed","The Jungle","The Marked","The Servant 0.9.4","everything is the same but u backflip on backflip","vexMod","??????REMEMod"],"gold_per_floor":[113,131,131,131,131,131,131,131,131,131,147,162,162,179,179,179,179],"floor_reached":16,"language":"ENG","playtime":704,"items_purged":[],"score":90,"play_id":"c327b693-d60d-43d0-b025-5eb6b03daf46","local_time":"20210118000620","is_ascension_mode":false,"campfire_choices":[{"data":"HollowMod:BlackTendrils","floor":6,"key":"SMITH"},{"data":"HollowMod:BlackTendrils","floor":10,"key":"SMITH"},{"floor":13,"key":"RECALL"},{"data":"HollowMod:FocusHealStart","floor":15,"key":"SMITH"}],"circlet_count":0,"master_deck":["HollowMod:NailStrikeStart","HollowMod:NailStrikeStart","HollowMod:NailStrikeStart","HollowMod:NailStrikeStart","HollowMod:QuickDashStart","HollowMod:QuickDashStart","HollowMod:QuickDashStart","HollowMod:QuickDashStart","HollowMod:FocusHealStart+1","HollowMod:PogoStrike","Panache","HollowMod:BlackTendrils+1","HollowMod:BlackTendrils+1"],"relics":["HollowMod:VesselMask","REME_ComplimentaryCards","Replay:Rubber Ducky","Hallownest:SalubrasBlessingRelic","StrikeDummy"],"acts_visited":["Hallownest:Greenpath"],"potions_floor_usage":[],"damage_taken":[{"damage":0,"enemies":"2_ Uuma","floor":1,"turns":6},{"damage":1,"enemies":"Hallownest:2_MossCreeps","floor":2,"turns":5},{"damage":0,"enemies":"Hallownest:monsterHuskGuard","floor":11,"turns":3},{"damage":0,"enemies":"Hallownest:monsterFoolEater","floor":12,"turns":4},{"damage":12,"enemies":"Hallownest:2_Tiktiks_1_Baldur_1_Crawlid","floor":14,"turns":6},{"damage":88,"enemies":"Hallownest:BossFalseKnight","floor":16,"turns":6}],"seed_played":"-1443684014057103039","potions_obtained":[{"floor":2,"key":"Flashbang"}],"is_trial":false,"path_per_floor":["M","M","?","$","$","R","$","?","T","R","M","M","R","M","R","B"],"character_chosen":"THE_BUGKNIGHT","items_purchased":[],"campfire_rested":0,"item_purchase_floors":[],"current_hp_per_floor":[75,75,75,75,75,75,75,75,75,75,75,75,75,69,69,0,0],"gold":179,"neow_bonus":"RANDOM_COMMON_RELIC","is_daily":false,"chose_seed":false,"campfire_upgraded":3,"win_rate":0.0,"timestamp":1610953580,"path_taken":["M","M","?","?","$","R","$","?","T","R","M","M","R","M","R","BOSS"],"items_purchased_type":[],"build_version":"2020-12-22","purchased_purges":0,"victory":false,"max_hp_per_floor":[75,75,75,75,75,75,75,75,75,75,75,75,75,75,75,75,75],"card_choices":[{"not_picked":["HollowMod:SiblingsSouls","HollowMod:DashSlash"],"picked":"HollowMod:BlackTendrils","floor":1},{"not_picked":["HollowMod:SiblingsShadow","HollowMod:MantisMark"],"picked":"HollowMod:BlackTendrils","floor":2},{"not_picked":["HollowMod:HowlingWraiths","HollowMod:CycloneSlash","HollowMod:VengefulVoid"],"picked":"SKIP","floor":11},{"not_picked":["HollowMod:NewJinnsSoul","HollowMod:SoulStrike","HollowMod:SiblingsSouls"],"picked":"SKIP","floor":12},{"not_picked":["HollowMod:GoodIntentions","HollowMod:HowlingWraiths","HollowMod:SoulSplash"],"picked":"SKIP","floor":14}],"player_experience":550170,"relics_obtained":[{"floor":9,"key":"StrikeDummy"}],"event_choices":[],"is_beta":false,"boss_relics":[],"items_purged_floors":[],"is_endless":false,"potions_floor_spawned":[2],"killed_by":"Hallownest:BossFalseKnight","ascension_level":0}}