{"host":"qvl114e0jmbc6yhm","time":1610938945,"event":{"mods":["Act Like it!","BaseMod","Hermit","Highlight Path","Hubris","Jedi Mod","Marisa????????","Marked Mod","Minty Spire (QoL Compilation)","Permanent Neow","Random Character Button","Relic Sorter","Relic Stats","Replay The Spire","Shop Mod","Spicy Shops","StSLib","The Jungle","The Runesmith"],"gold_per_floor":[110,128,141,141,157,157,187,25,25,44,44,67,67,42,42,42,42],"floor_reached":16,"language":"ENG","playtime":589,"items_purged":[],"score":177,"play_id":"5243bb81-b6ba-4248-9585-37c39b949700","local_time":"20210117220225","is_ascension_mode":true,"campfire_choices":[{"floor":6,"key":"REST"},{"floor":15,"key":"REST"}],"circlet_count":0,"master_deck":["AscendersBane","Strike_G","Strike_G","Strike_G","Strike_G","Strike_G","Defend_G","Defend_G","Defend_G","Defend_G","Defend_G","Survivor","Neutralize","Quick Slash","Blade Dance","CasketOfStar+1","Hidden Blade","Sadistic Nature","Deflect","Dagger Spray","Deflect"],"relics":["Ring of the Snake","MealTicket","CeramicFish","hubris:Icosahedron"],"acts_visited":["Exordium"],"potions_floor_usage":[12,14],"damage_taken":[{"damage":6,"enemies":"2 Louse","floor":1,"turns":4},{"damage":3,"enemies":"Cultist","floor":2,"turns":4},{"damage":4,"enemies":"Small Slimes","floor":3,"turns":4},{"damage":9,"enemies":"2 Fungi Beasts","floor":5,"turns":3},{"damage":23,"enemies":"Lagavulin","floor":7,"turns":10},{"damage":19,"enemies":"Large Slime","floor":10,"turns":8},{"damage":3,"enemies":"Lots of Slimes","floor":12,"turns":6},{"damage":0,"enemies":"Gremlin Gang","floor":14,"turns":3},{"damage":32,"enemies":"Slime Boss","floor":16,"turns":3}],"seed_played":"-2063672598474301588","potions_obtained":[{"floor":1,"key":"LiquidBronze"},{"floor":7,"key":"Energy Potion"},{"floor":10,"key":"jedi:StrikingPotion"}],"is_trial":false,"path_per_floor":["M","M","M","?","M","R","E","$","T","M","?","M","?","M","R","B"],"character_chosen":"THE_SILENT","items_purchased":["Sadistic Nature"],"campfire_rested":2,"item_purchase_floors":[8],"current_hp_per_floor":[38,35,31,31,22,41,18,33,33,14,14,11,11,11,30,0,0],"gold":42,"neow_bonus":"RANDOM_COLORLESS_2","is_daily":false,"chose_seed":false,"campfire_upgraded":0,"win_rate":0.0,"timestamp":1610938945,"path_taken":["M","M","M","?","M","R","E","$","T","?","?","M","?","M","R","BOSS"],"items_purchased_type":["Card"],"build_version":"2020-12-22","purchased_purges":0,"victory":false,"max_hp_per_floor":[66,66,66,66,66,66,66,66,66,66,66,66,66,66,66,66,66],"relic_stats":{"counters":[9,45],"CeramicFish":27,"MealTicket":15,"obtain_stats":[{"hubris:Icosahedron":13,"CeramicFish":9,"MealTicket":7,"Ring of the Snake":0},{"hubris:Icosahedron":7,"CeramicFish":5,"MealTicket":5,"Ring of the Snake":0},{"hubris:Icosahedron":39,"CeramicFish":25,"MealTicket":25,"Ring of the Snake":0}],"Ring of the Snake":[18]},"card_choices":[{"not_picked":["ReplayTheSpireMod:Necrogeddon","Violence"],"picked":"ReplayUltimateDefense","floor":0},{"not_picked":["Hidden Blade","Reflex"],"picked":"Quick Slash","floor":1},{"not_picked":["hubris:SlightOfHand","Hidden Blade","ReplayTheSpireMod:Exploit Weakness"],"picked":"SKIP","floor":2},{"not_picked":["Deadly Poison","Riddle With Holes"],"picked":"Blade Dance","floor":3},{"not_picked":["Bane","Outmaneuver","Slice"],"picked":"SKIP","floor":5},{"not_picked":["ReplayTheSpireMod:Necrosis","ReplayTheSpireMod:Exploit Weakness"],"picked":"Hidden Blade","floor":7},{"not_picked":["Hidden Blade","Accuracy"],"picked":"Deflect","floor":10},{"not_picked":["Blade Dance","Dagger Throw"],"picked":"Dagger Spray","floor":12},{"not_picked":["Flechettes","Dodge and Roll"],"picked":"Deflect","floor":14}],"player_experience":2461468,"relics_obtained":[{"floor":7,"key":"MealTicket"},{"floor":9,"key":"CeramicFish"}],"event_choices":[{"cards_removed":["ReplayUltimateDefense"],"damage_healed":0,"gold_gain":0,"player_choice":"Took Card","damage_taken":0,"max_hp_gain":0,"max_hp_loss":0,"event_name":"NoteForYourself","floor":4,"gold_loss":0,"cards_obtained":["CasketOfStar"]},{"damage_healed":0,"gold_gain":0,"player_choice":"Grow","damage_taken":0,"max_hp_gain":0,"max_hp_loss":0,"event_name":"Living Wall","floor":11,"gold_loss":0,"cards_upgraded":["CasketOfStar"]}],"is_beta":false,"boss_relics":[],"items_purged_floors":[],"is_endless":false,"potions_floor_spawned":[1,7,10],"killed_by":"Slime Boss","ascension_level":14}}