{"host":"pec1bvkeldr5yzx1","time":1610983947,"event":{"mods":["ATMod(°¢èªMod)","AchievementEnabler","Act Like it!","Ascension Reborn","Aspiration","BaseMod","Better Altar","Better Match","Better Sensory Stone","Better Skull","Better Vampires","BetterRewards","Conspire","Dota2Spire","Energized Spire","Friendly Minions","GifTheSpireLib","Hubris","Minty Spire (QoL Compilation)","Replay The Spire","Spicy Shops","StSLib","Stuff the Spire","SuperFastMode","vexMod","óô»ðÖ¸ÄÏ"],"gold_per_floor":[112,112,124,124,135,135,164,164,164,194,208,208,56,87,87,189,189,208,208,558,558,575,575,575,575,624,649,663,663,677,710,710,814,814,826,826,826,13,24,52,87,116,192,192,204,229,229,229,229,229,229,39,39,69,69],"floor_reached":56,"language":"ZHS","playtime":2850,"items_purged":["Regret","Normality"],"score":1483,"play_id":"8a4c5521-72b3-4bc4-bc19-8057d83490a8","local_time":"20210118233227","is_ascension_mode":true,"campfire_choices":[{"floor":6,"key":"RECALL"},{"data":"Zap","floor":8,"key":"SMITH"},{"floor":15,"key":"REST"},{"data":"BasicCrystalCard","floor":23,"key":"SMITH"},{"data":"Hello World","floor":29,"key":"SMITH"},{"data":"Machine Learning","floor":32,"key":"SMITH"},{"data":"StuffTheSpire:ForEach","floor":47,"key":"SMITH"},{"floor":49,"key":"DIG"}],"circlet_count":0,"master_deck":["Strike_B","Strike_B","Strike_B","Strike_B","Defend_B","Defend_B+1","Defend_B+1","Defend_B","Zap+1","Melter+1","Coolheaded","FTL","Conserve Battery+1","Conserve Battery","StuffTheSpire:Plugnplay","Mirror Shield","Hello World+1","Ball Lightning","Amplify","Machine Learning+1","StuffTheSpire:Plugnplay","Hallucinations","Looming Evil","ReplayTheSpireMod:Splinters","BasicCrystalCard+1","Lockon","Leap","Rebound+1","StuffTheSpire:NuclearReactor+1","StuffTheSpire:GnomedCurse","ReplayRNGCard","CommonCold","hubris:Wrath","CommonCold","ReplayTheSpireMod:Repulse+1","Crow Ritual","Crow Ritual","AT_ThreeBodyProblem","Skim","Steam","Turbo","Redo+1","ReplayTheSpireMod:Omega Cannon","AT_HeatAcrobatics+1","Ball Lightning+1","Electrodynamics","ReplayTheSpireMod:Dual Polarity","hubris:Disease","Static Discharge+1","Electrodynamics","StuffTheSpire:ForEach+1","Mayhem","Seek","Cold Snap"],"relics":["Cracked Core","AT_ATBox","Dota2Spire:OctarineCore","Gremlin Food","aspiration:Nostalgia","Sizzling Blood","StuffTheSpire:ForceGauntlet","StuffTheSpire:RedRose","Du-Vu Doll","aspiration:FetidBarrel","Dota2Spire:PhaseBoots","Orichalcum","aspiration:BursterCore","Bloody Idol","Blood Vial","Ring of Greed","Old Coin","Blue Doll","Ring of Misfortune","MutagenicStrength","The Courier","Happy Flower","Dota2Spire:UrnOfShadows","Simple Rune","Replay:Ancient Bell","Replay:Wax Seal","Shuriken","vexMod:HeadHunter","hubris:Towel","Membership Card","Juzu Bracelet","AT_EbonyIvory","vexMod:Dragonfruit","ReplayTheSpireMod:Lightbulb","StoneCalendar","ReplayFunnel","Dota2Spire:Vanguard","Pet Ghost","Dota2Spire:CrimsonGuard","hubris:BallOfYels","conspire:DeflatedDodgeball","StuffTheSpire:GreaterSneckoEye","Replay:Rubber Ducky","AT_ForceNature","vexMod:TimeEaterHat","Lantern","hubris:Metronome"],"acts_visited":["Exordium","TheCity","TheBeyond","TheEnding"],"potions_floor_usage":[],"damage_taken":[{"damage":3,"enemies":"2 Louse","floor":1,"turns":2},{"damage":0,"enemies":"conspire:RoseBush","floor":3,"turns":2},{"damage":1,"enemies":"Jaw Worm","floor":5,"turns":2},{"damage":16,"enemies":"3 Sentries","floor":7,"turns":5},{"damage":10,"enemies":"Replay:BlueRogue","floor":10,"turns":5},{"damage":4,"enemies":"Large Slime","floor":11,"turns":5},{"damage":0,"enemies":"3 Sentries","floor":14,"turns":4},{"damage":14,"enemies":"Fading Forest","floor":16,"turns":11},{"damage":0,"enemies":"Spheric Guardian","floor":18,"turns":1},{"damage":1,"enemies":"2 Thieves","floor":22,"turns":2},{"damage":0,"enemies":"conspire:SneckoGhost","floor":27,"turns":3},{"damage":0,"enemies":"3 Cultists","floor":28,"turns":3},{"damage":9,"enemies":"Centurion and Healer","floor":30,"turns":3},{"damage":0,"enemies":"Replay:Snechameleon","floor":31,"turns":3},{"damage":16,"enemies":"Collector","floor":33,"turns":6},{"damage":15,"enemies":"3 Darklings","floor":35,"turns":4},{"damage":0,"enemies":"Orb Walker","floor":39,"turns":2},{"damage":18,"enemies":"Nemesis","floor":40,"turns":5},{"damage":0,"enemies":"conspire:MimicChest","floor":41,"turns":4},{"damage":0,"enemies":"R_Hoarder","floor":42,"turns":4},{"damage":0,"enemies":"Transient","floor":45,"turns":5},{"damage":0,"enemies":"Nemesis","floor":46,"turns":3},{"damage":0,"enemies":"Replay:Hell Engine","floor":50,"turns":4},{"damage":11,"enemies":"Shield and Spear","floor":54,"turns":3},{"damage":41,"enemies":"The Heart","floor":55,"turns":7}],"seed_played":"2290320913991649020","potions_obtained":[{"floor":3,"key":"Cursed Concoction"},{"floor":5,"key":"SkillPotion"},{"floor":11,"key":"DuplicationPotion"},{"floor":35,"key":"Adrenaline Potion"}],"is_trial":false,"path_per_floor":["M","?","M","?","M","R","E","R","T","E","M","?","$","E","R","B",null,"M","?","?","?","M","R","T","?","T","E","M","R","M","E","R","B",null,"M","?","?","$","M","E","?","E","T","?","M","E","R","?","R","B",null,"R","$","E","B",null],"character_chosen":"DEFECT","items_purchased":["Dota2Spire:OctarineCore","Gremlin Food","aspiration:Nostalgia","StuffTheSpire:ForceGauntlet","Melter","Coolheaded","FTL","Dota2Spire:PhaseBoots","Membership Card","Juzu Bracelet","AT_EbonyIvory","vexMod:Dragonfruit","Crow Ritual","AT_ThreeBodyProblem","Skim","ReplayTheSpireMod:Lightbulb","StoneCalendar","ReplayFunnel","Dota2Spire:Vanguard","Steam","Turbo","vexMod:TimeEaterHat","Lantern","Mayhem"],"campfire_rested":1,"item_purchase_floors":[0,0,0,0,0,0,0,13,38,38,38,38,38,38,38,38,38,38,38,38,38,52,52,52],"current_hp_per_floor":[45,45,49,49,52,52,40,40,40,34,34,34,34,38,61,61,79,79,18,28,28,43,43,43,79,79,79,79,79,79,79,79,72,79,73,73,73,78,84,75,84,84,84,64,75,84,84,84,84,84,84,84,84,82,47],"gold":69,"neow_bonus":"","is_daily":false,"chose_seed":false,"campfire_upgraded":5,"win_rate":0.0,"timestamp":1610983947,"path_taken":["M","?","M","?","M","R","E","R","T","E","M","?","$","E","R","BOSS","M","?","?","?","?","R","?","?","T","E","?","R","M","E","R","BOSS","M","?","?","?","M","E","?","E","T","?","M","E","R","?","R","BOSS","R","$","E","BOSS"],"items_purchased_type":["Relic","Relic","Relic","Relic","Card","Card","Card","Relic","Relic","Relic","Relic","Relic","Card","Card","Card","Relic","Relic","Relic","Relic","Card","Card","Relic","Relic","Card"],"build_version":"2020-12-22","purchased_purges":2,"victory":true,"max_hp_per_floor":[79,79,79,79,79,79,79,79,79,79,79,79,79,79,79,79,79,79,79,79,79,79,79,79,79,79,79,79,79,79,79,79,79,79,79,79,79,84,84,84,84,84,84,84,84,84,84,84,84,84,84,84,84,84,84],"card_choices":[{"not_picked":["Redo","ReplaySort"],"picked":"Conserve Battery","floor":1},{"not_picked":["Steam","ReplayTheSpireMod:Repulse"],"picked":"Conserve Battery","floor":3},{"not_picked":["AT_WarpDrive","AT_DarkMatter"],"picked":"StuffTheSpire:Plugnplay","floor":5},{"not_picked":["Hologram","Steam"],"picked":"Mirror Shield","floor":7},{"not_picked":["Rebound","Redo"],"picked":"Hello World","floor":10},{"not_picked":["Panic Button","ReplayTheSpireMod:Dual Polarity"],"picked":"Ball Lightning","floor":11},{"not_picked":["Doom and Gloom","Coolheaded"],"picked":"Amplify","floor":14},{"not_picked":["Thunder Strike","Core Surge"],"picked":"Machine Learning","floor":16},{"not_picked":["Hologram","Melter"],"picked":"StuffTheSpire:Plugnplay","floor":18},{"not_picked":["Compile Driver+1","Stack"],"picked":"BasicCrystalCard","floor":22},{"not_picked":["StuffTheSpire:LoadUp","hubris:Ukulele"],"picked":"Lockon","floor":27},{"not_picked":["Stack","Streamline"],"picked":"Leap","floor":28},{"not_picked":["Gash","Echo Form"],"picked":"Rebound+1","floor":30},{"not_picked":["ReplaySolidLightProjector","StuffTheSpire:Plugnplay"],"picked":"StuffTheSpire:NuclearReactor+1","floor":31},{"not_picked":["hubris:DoWhile","StuffTheSpire:EventHorizon"],"picked":"ReplayRNGCard","floor":33},{"not_picked":["hubris:Disease","Amnesia"],"picked":"CommonCold","floor":34},{"not_picked":["Overencumbered","Spreading Infection"],"picked":"hubris:Wrath","floor":34},{"not_picked":["Writhe","hubris:Despair"],"picked":"CommonCold","floor":34},{"not_picked":["StuffTheSpire:EventHorizon","Tempest+1"],"picked":"ReplayTheSpireMod:Repulse+1","floor":35},{"not_picked":["Sunder","StuffTheSpire:Plugnplay+1"],"picked":"Redo+1","floor":39},{"not_picked":["Fission","Machine Learning"],"picked":"ReplayTheSpireMod:Omega Cannon","floor":40},{"not_picked":["Conserve Battery+1","Turbo"],"picked":"AT_HeatAcrobatics+1","floor":40},{"not_picked":["Steam+1","StuffTheSpire:Coldhearted"],"picked":"Ball Lightning+1","floor":41},{"not_picked":["StuffTheSpire:Purify","Machine Learning"],"picked":"Electrodynamics","floor":42},{"not_picked":["Streamline","AT_DarkMatter"],"picked":"ReplayTheSpireMod:Dual Polarity","floor":42},{"not_picked":["Tempest","Panic Button+1"],"picked":"Static Discharge+1","floor":45},{"not_picked":["Buffer","hubris:DoWhile"],"picked":"Electrodynamics","floor":46},{"not_picked":["FTL+1","StuffTheSpire:ShieldGenerator"],"picked":"StuffTheSpire:ForEach","floor":46},{"not_picked":["Fission","hubris:DoWhile"],"picked":"Seek","floor":54},{"not_picked":["Go for the Eyes","StuffTheSpire:LoadUp"],"picked":"Cold Snap","floor":54}],"player_experience":87131,"relics_obtained":[{"floor":7,"key":"Du-Vu Doll"},{"floor":10,"key":"aspiration:FetidBarrel"},{"floor":14,"key":"Orichalcum"},{"floor":20,"key":"Ring of Greed"},{"floor":20,"key":"Old Coin"},{"floor":20,"key":"Blue Doll"},{"floor":20,"key":"Ring of Misfortune"},{"floor":24,"key":"The Courier"},{"floor":26,"key":"Happy Flower"},{"floor":27,"key":"Dota2Spire:UrnOfShadows"},{"floor":31,"key":"Simple Rune"},{"floor":40,"key":"Pet Ghost"},{"floor":41,"key":"Dota2Spire:CrimsonGuard"},{"floor":42,"key":"hubris:BallOfYels"},{"floor":43,"key":"conspire:DeflatedDodgeball"},{"floor":44,"key":"StuffTheSpire:GreaterSneckoEye"},{"floor":46,"key":"Replay:Rubber Ducky"},{"floor":49,"key":"AT_ForceNature"},{"floor":54,"key":"hubris:Metronome"}],"event_choices":[{"damage_healed":0,"gold_gain":0,"player_choice":"Disagree","damage_taken":0,"max_hp_gain":0,"max_hp_loss":0,"event_name":"conspire:LoneGhost","floor":2,"gold_loss":0},{"damage_healed":0,"gold_gain":0,"player_choice":" Idol Vial ","damage_taken":61,"relics_obtained":["Bloody Idol","Blood Vial"],"max_hp_gain":79,"max_hp_loss":18,"event_name":"betterAltar:BetterAltar","floor":19,"potions_obtained":[],"relics_lost":[],"gold_loss":0},{"damage_healed":0,"gold_gain":0,"player_choice":"Inject Mutagens","damage_taken":0,"relics_obtained":["MutagenicStrength"],"max_hp_gain":0,"max_hp_loss":0,"event_name":"Drug Dealer","floor":21,"gold_loss":0},{"damage_healed":36,"gold_gain":0,"player_choice":"Full Heal","damage_taken":0,"max_hp_gain":0,"max_hp_loss":0,"event_name":"Wheel of Change","floor":25,"gold_loss":0},{"cards_removed":["Dualcast"],"damage_healed":0,"gold_gain":0,"player_choice":"Removed Skill","damage_taken":0,"max_hp_gain":0,"max_hp_loss":0,"event_name":"Falling","floor":37,"gold_loss":0},{"damage_healed":0,"gold_gain":0,"player_choice":"Leave","damage_taken":0,"max_hp_gain":0,"max_hp_loss":0,"event_name":"conspire:Investor","floor":48,"gold_loss":0}],"is_beta":false,"boss_relics":[{"not_picked":["vexMod:FluxCapacitor","hubris:ScarierMask"],"picked":"aspiration:BursterCore"},{"not_picked":["hubris:GrandSneckoEye","StuffTheSpire:Kangaroo"],"picked":"Replay:Ancient Bell"},{"not_picked":["MawBank","Art of War"],"picked":"Replay:Wax Seal"},{"not_picked":["StuffTheSpire:RubySignet","Dota2Spire:BlackKingBar"],"picked":"Shuriken"},{"not_picked":["hubris:Zylophone","Lizard Tail"],"picked":"vexMod:HeadHunter"}],"items_purged_floors":[13,38],"is_endless":false,"potions_floor_spawned":[3,5,11,18,27,33,35,41,45,46,54],"ascension_level":1}}