{"host":"0zwwzr7xjr1wfyy3","time":1610999026,"event":{"mods":["BaseMod","Downfall","Hermit","Marisa????????","Minty Spire (QoL Compilation)","StSLib","The Cursed","The Servant 0.9.4","Waifu the Spire"],"gold_per_floor":[113,123,134,147,159,159,192,157,181,181,199,199,224,253,265,381,393,424,456,481,493,53,53,67,44,44,55,55,68,68,28,28,127,127,141,155,29,45,65,65,77,50,50,66,66,32,32,32],"floor_reached":47,"language":"ENG","playtime":3792,"items_purged":["Strike_S"],"score":490,"play_id":"a23ba48d-007e-4eed-9fe6-b557680f0d41","local_time":"20210118114346","is_ascension_mode":true,"campfire_choices":[{"floor":6.0,"key":"REST"},{"floor":10.0,"key":"REST"},{"floor":12.0,"key":"REST"},{"floor":15.0,"key":"REST"},{"floor":23.0,"key":"REST"},{"data":"FlawlessForm","floor":28.0,"key":"SMITH"},{"floor":32.0,"key":"REST"},{"floor":40,"key":"REST"}],"circlet_count":0,"master_deck":["Strike_S","Strike_S","Defend_S","Defend_S","Defend_S","KidneyShot","Exchange","Initiator","SurpressingFire","Alleviate","Defy","KillingDoll","TimeTheft","TimeTheft","Comet","Rewind","ShatteredReality","LightFlow","FastForward","Potential","Moonlight","Gouge","FlawlessForm+1","GearUp","Spin","Rearm","Ricochet","Barrier+1","DualDimension","Advance","Dilation","Rearm+1","Ricochet+1","ShatteredReality","Parasite","FastForward+1","Luminosity+1","Starlight","Alleviate","SpecialFormula","SurpressingFire"],"relics":["Uniform","Bottled Lightning","Centennial Puzzle","MawBank","Sozu","Meat on the Bone","Bottled Flame","SlaversCollar","Bottled Tornado"],"acts_visited":["Exordium","TheCity","TheBeyond"],"potions_floor_usage":[],"damage_taken":[{"damage":0.0,"enemies":"Cultist","floor":1.0,"turns":2.0},{"damage":0.0,"enemies":"2 Louse","floor":2.0,"turns":3.0},{"damage":6.0,"enemies":"Small Slimes","floor":3.0,"turns":4.0},{"damage":4.0,"enemies":"Looter","floor":4.0,"turns":3.0},{"damage":30.0,"enemies":"Exordium Thugs","floor":5.0,"turns":6.0},{"damage":32.0,"enemies":"Gremlin Nob","floor":7.0,"turns":6.0},{"damage":12.0,"enemies":"Lots of Slimes","floor":11.0,"turns":6.0},{"damage":13.0,"enemies":"Lagavulin","floor":13.0,"turns":6.0},{"damage":8.0,"enemies":"Red Slaver","floor":14.0,"turns":4.0},{"damage":33.0,"enemies":"The Guardian","floor":16.0,"turns":15.0},{"damage":18.0,"enemies":"2 Thieves","floor":18.0,"turns":5.0},{"damage":20.0,"enemies":"Spheric Guardian","floor":19.0,"turns":4.0},{"damage":10.0,"enemies":"Cultist and Chosen","floor":20.0,"turns":8.0},{"damage":2.0,"enemies":"Snake Plant","floor":24.0,"turns":3.0},{"damage":0.0,"enemies":"Centurion and Healer","floor":27.0,"turns":6.0},{"damage":0.0,"enemies":"3 Cultists","floor":29.0,"turns":6.0},{"damage":31.0,"enemies":"Collector","floor":33.0,"turns":9.0},{"damage":0,"enemies":"Orb Walker","floor":35,"turns":4},{"damage":21,"enemies":"3 Shapes","floor":36,"turns":5},{"damage":0,"enemies":"Writhing Mass","floor":38,"turns":10},{"damage":4,"enemies":"Maw","floor":39,"turns":8},{"damage":24,"enemies":"Transient","floor":41,"turns":5},{"damage":38,"enemies":"Spire Growth","floor":44,"turns":8},{"damage":20,"enemies":"3 Darklings","floor":47,"turns":2}],"seed_played":"3021280717267901022","potions_obtained":[{"floor":1.0,"key":"EssenceOfSteel"},{"floor":3.0,"key":"AttackPotion"},{"floor":13.0,"key":"hexamod:SoulburnPotion"},{"floor":14.0,"key":"Ancient Potion"}],"is_trial":false,"path_per_floor":["M","M","M","M","M","R","E","?","T","R","M","R","E","M","R","B",null,"M","M","M","?","$","R","M","$","T","M","R","M","?","$","R","B",null,"M","M","$","M","M","R","M","$","T","M","?","$","M"],"character_chosen":"THE_SERVANT","items_purchased":["FlawlessForm","GearUp","Spin","Meat on the Bone","Ricochet","Advance","ShatteredReality","Alleviate","SurpressingFire"],"campfire_rested":7,"item_purchase_floors":[22,22,22,22,25,31,37,42,46],"current_hp_per_floor":[59,59,53,49,19,36,4,18,18,35,23,40,27,19,36,3,59,41,21,11,11,11,28,38,38,38,38,38,38,38,38,55,36,59,59,38,38,38,34,51,39,39,39,13,13,13,0,0],"gold":32,"neow_bonus":"THREE_RARE_CARDS","is_daily":false,"chose_seed":false,"campfire_upgraded":1,"win_rate":0.0,"timestamp":1610999026,"path_taken":["M","M","M","M","M","R","E","?","T","R","M","R","E","M","R","BOSS","M","M","M","?","$","R","M","$","T","?","R","M","?","?","R","BOSS","M","?","$","M","?","R","M","$","T","M","?","?","?"],"items_purchased_type":["Card","Card","Card","Relic","Card","Card","Card","Card","Card"],"build_version":"2020-12-22","purchased_purges":1,"victory":false,"max_hp_per_floor":[59,59,59,59,59,59,59,59,59,59,59,59,59,59,59,59,59,59,59,59,59,59,59,59,59,59,59,59,59,59,59,59,59,59,59,59,59,59,59,59,59,59,59,59,59,59,59,59],"card_choices":[{"not_picked":["Dilation","Embodiment"],"picked":"Initiator","floor":0.0},{"not_picked":["Desolation","Starlight"],"picked":"SurpressingFire","floor":1.0},{"not_picked":["DoubleEdge","TimeWarp"],"picked":"Alleviate","floor":2.0},{"not_picked":["Ricochet","Rewind"],"picked":"Defy","floor":3.0},{"not_picked":["ShatteredReality","Revamp"],"picked":"KillingDoll","floor":4.0},{"not_picked":["Replace","Starlight"],"picked":"TimeTheft","floor":5.0},{"not_picked":["TimeWarp","SpecialFormula"],"picked":"TimeTheft","floor":7.0},{"not_picked":["BottledTime","Desolation"],"picked":"Comet","floor":11.0},{"not_picked":["Defy","Spin"],"picked":"Rewind","floor":13.0},{"not_picked":["Ricochet","Replace"],"picked":"ShatteredReality","floor":14.0},{"not_picked":["TrueSight","Embodiment"],"picked":"LightFlow","floor":16.0},{"not_picked":["DoubleEdge","SurpressingFire"],"picked":"FastForward","floor":18.0},{"not_picked":["Revamp+1","BottledTime"],"picked":"Potential","floor":19.0},{"not_picked":["ShatteredReality","Potential"],"picked":"Moonlight","floor":20.0},{"not_picked":["LightFlow","Revamp"],"picked":"Rearm","floor":24.0},{"not_picked":["MoonPhase","Rewind"],"picked":"Barrier+1","floor":27.0},{"not_picked":["Rewind+1","Deadline"],"picked":"DualDimension","floor":29.0},{"not_picked":["Duplication","Initiator"],"picked":"Dilation","floor":33.0},{"not_picked":["Moondial+1","TimeWarp+1"],"picked":"Rearm+1","floor":35},{"not_picked":["Alleviate","Snipe+1"],"picked":"Ricochet+1","floor":36},{"not_picked":["Manipulate+1","DualDimension"],"picked":"FastForward+1","floor":38},{"not_picked":["Starlight+1","Deadline+1"],"picked":"Luminosity+1","floor":39},{"not_picked":["DoubleEdge","TimeWarp"],"picked":"Starlight","floor":41},{"not_picked":["Unruled","TimeWarp"],"picked":"SpecialFormula","floor":44}],"player_experience":48718,"relics_obtained":[{"floor":7.0,"key":"Bottled Lightning"},{"floor":9.0,"key":"Centennial Puzzle"},{"floor":13.0,"key":"MawBank"},{"floor":26.0,"key":"Bottled Flame"},{"floor":43,"key":"Bottled Tornado"}],"event_choices":[{"damage_healed":14.0,"max_hp_gain":0.0,"max_hp_loss":0.0,"gold_gain":0.0,"event_name":"The Cleric","player_choice":"Healed","floor":8.0,"gold_loss":35.0,"damage_taken":0.0},{"damage_healed":0.0,"max_hp_gain":0.0,"max_hp_loss":0.0,"gold_gain":0.0,"cards_transformed":["Strike_S"],"event_name":"Transmorgrifier","player_choice":"Transformed","floor":21.0,"gold_loss":0.0,"damage_taken":0.0,"cards_obtained":["Gouge"]},{"cards_removed":["Defend_S"],"damage_healed":0.0,"max_hp_gain":0.0,"max_hp_loss":0.0,"gold_gain":0.0,"event_name":"Bonfire Elementals","player_choice":"Offered Basic","floor":30.0,"gold_loss":0.0,"damage_taken":0.0},{"damage_healed":0,"gold_gain":0,"player_choice":"Got Potions","damage_taken":0,"max_hp_gain":0,"max_hp_loss":0,"event_name":"Lab","floor":45,"gold_loss":0}],"is_beta":false,"boss_relics":[{"not_picked":["Black Star","Empty Cage"],"picked":"Sozu"},{"not_picked":["bronze:MakeshiftBattery","Coffee Dripper"],"picked":"SlaversCollar"}],"items_purged_floors":[37],"is_endless":false,"potions_floor_spawned":[1,3,13,14,20,24,27,33,36,38],"killed_by":"3 Darklings","ascension_level":1}}