{"host":"pmq2bjxo3k17mhrw","time":1610947996,"event":{"mods":["BaseMod","Marisa£®ÏF”Í°°ƒß¿Ì…≥£©","Minty Spire (QoL Compilation)","Replay The Spire","StSLib"],"gold_per_floor":[117,117,131,56,6,39,49,65,140,171,171,186,361,381,381,480,580,594,264,363,374,374,399,399,287,337,337,337],"floor_reached":27,"language":"ZHS","playtime":1277,"items_purged":["Defend_MRS","Doubt"],"score":364,"play_id":"c02b5c7a-c031-4784-9581-6ac7c9e9a26f","local_time":"20210118133316","is_ascension_mode":true,"campfire_choices":[{"data":"ManaRampage","floor":15,"key":"SMITH"},{"data":"EscapeVelocity","floor":24,"key":"SMITH"}],"circlet_count":0,"master_deck":["Strike_MRS+1","Strike_MRS","Defend_MRS","Defend_MRS+1","MasterSpark","UpSweep","MilkyWay+1","PulseMagic","ChargeUpSpray","ManaRampage+1","GrandCross","GalacticHalo+1","ShootTheMoon","EscapeVelocity+1","AsteroidBelt","MeteoricShower+1"],"relics":["MiniHakkero","NeowsBlessing","FossilizedHelix","Pantograph","ReplayTheSpireMod:Lightbulb","War Paint","Replay:Wanted Poster","Membership Card","Golden Egg","Thread and Needle","Simple Rune"],"acts_visited":["Exordium","TheCity"],"potions_floor_usage":[16,27,27,27],"damage_taken":[{"damage":0,"enemies":"Jaw Worm","floor":1,"turns":1},{"damage":0,"enemies":"2 Louse","floor":3,"turns":1},{"damage":0,"enemies":"3 Sentries","floor":6,"turns":1},{"damage":0,"enemies":"Small Slimes","floor":7,"turns":3},{"damage":8,"enemies":"3 Louse","floor":8,"turns":3},{"damage":0,"enemies":"Gremlin Nob","floor":10,"turns":3},{"damage":0,"enemies":"Blue Slaver","floor":12,"turns":3},{"damage":0,"enemies":"Looter","floor":14,"turns":2},{"damage":16,"enemies":"Fading Forest","floor":16,"turns":11},{"damage":30,"enemies":"2 Thieves","floor":18,"turns":4},{"damage":0,"enemies":"Chosen","floor":21,"turns":3},{"damage":14,"enemies":"Replay:Snechameleon","floor":23,"turns":5},{"damage":17,"enemies":"Colosseum Slavers","floor":27,"turns":5},{"damage":20,"enemies":"Colosseum Nobs","floor":27,"turns":2}],"seed_played":"1013299193289943084","potions_obtained":[{"floor":6,"key":"BottledSpark"},{"floor":10,"key":"Block Potion"},{"floor":12,"key":"Milkshake"},{"floor":14,"key":"Swift Potion"},{"floor":23,"key":"EntropicBrew"}],"is_trial":false,"path_per_floor":["M","?","M","$","?","E","M","M","T","E","?","M","?","M","R","B",null,"M","$","?","M","?","E","R","$","T","?"],"character_chosen":"MARISA","items_purchased":["Membership Card","Golden Egg","MeteoricShower","Simple Rune"],"campfire_rested":0,"item_purchase_floors":[19,19,25,25],"current_hp_per_floor":[75,75,75,75,75,75,75,67,67,67,64,64,64,64,64,72,74,44,44,44,44,44,30,30,30,30,0,0],"gold":337,"neow_bonus":"THREE_ENEMY_KILL","is_daily":false,"chose_seed":false,"campfire_upgraded":2,"win_rate":0.0,"timestamp":1610947996,"path_taken":["M","?","M","$","?","E","M","?","T","E","?","M","?","M","R","BOSS","M","$","?","M","?","E","R","$","T","?"],"items_purchased_type":["Relic","Relic","Card","Relic"],"build_version":"2020-12-22","purchased_purges":2,"victory":false,"max_hp_per_floor":[75,75,75,75,75,75,75,75,75,75,75,75,75,75,75,75,75,75,75,75,75,75,75,75,75,75,75,75],"card_choices":[{"not_picked":["WitchOfGreed","DC"],"picked":"MilkyWay","floor":1},{"not_picked":["DragonMeteor","DC"],"picked":"ChargeUpSpray","floor":3},{"not_picked":["PowerUp","WitchOfGreed"],"picked":"ManaRampage","floor":6},{"not_picked":["PowerUp","WitchLeyline","WitchOfGreed"],"picked":"SKIP","floor":7},{"not_picked":["NonDirectionalLaser","BlazeAway"],"picked":"GrandCross","floor":8},{"not_picked":["FairyDestructionRay","SuperNova"],"picked":"GalacticHalo","floor":10},{"not_picked":["GravityBeat","DragonMeteor","UnstableBomb"],"picked":"SKIP","floor":12},{"not_picked":["SuperPerseids","NonDirectionalLaser"],"picked":"ShootTheMoon","floor":14},{"not_picked":["BigCrunch","FinalSpark"],"picked":"EscapeVelocity","floor":16},{"not_picked":["MilkyWay","DragonMeteor","SprinkleStarSeal"],"picked":"SKIP","floor":18},{"not_picked":["GravityBeat+1","OortCloud"],"picked":"AsteroidBelt","floor":21},{"not_picked":["IllusionStar","Robbery","MysteriousBeam"],"picked":"SKIP","floor":23}],"player_experience":252205,"relics_obtained":[{"floor":6,"key":"FossilizedHelix"},{"floor":9,"key":"Pantograph"},{"floor":10,"key":"ReplayTheSpireMod:Lightbulb"},{"floor":23,"key":"Thread and Needle"}],"event_choices":[{"damage_healed":0,"gold_gain":0,"cards_transformed":["Strike_MRS"],"player_choice":"Change","damage_taken":0,"max_hp_gain":0,"max_hp_loss":0,"event_name":"Living Wall","floor":2,"gold_loss":0,"cards_obtained":["PulseMagic"]},{"cards_removed":["Strike_MRS"],"damage_healed":0,"gold_gain":0,"player_choice":"Card Removal","damage_taken":0,"max_hp_gain":0,"max_hp_loss":0,"event_name":"The Cleric","floor":5,"gold_loss":50},{"damage_healed":0,"gold_gain":0,"player_choice":"Success","damage_taken":3,"relics_obtained":["War Paint"],"max_hp_gain":0,"max_hp_loss":0,"event_name":"Scrap Ooze","floor":11,"gold_loss":0},{"damage_healed":0,"gold_gain":175,"player_choice":"AGREE","damage_taken":0,"max_hp_gain":0,"max_hp_loss":0,"event_name":"Liars Game","floor":13,"gold_loss":0,"cards_obtained":["Doubt"]},{"damage_healed":0,"gold_gain":99,"player_choice":"Stole From Cult","damage_taken":0,"max_hp_gain":0,"max_hp_loss":0,"event_name":"Nest","floor":20,"gold_loss":0},{"cards_removed":["Defend_MRS"],"damage_healed":0,"gold_gain":0,"player_choice":"Elegance","damage_taken":0,"max_hp_gain":0,"max_hp_loss":0,"event_name":"Back to Basics","floor":22,"gold_loss":0},{"damage_healed":0,"gold_gain":0,"player_choice":"Fight","damage_taken":0,"max_hp_gain":0,"max_hp_loss":0,"event_name":"Colosseum","floor":27,"gold_loss":0},{"damage_healed":0,"gold_gain":0,"player_choice":"Fought Nobs","damage_taken":0,"max_hp_gain":0,"max_hp_loss":0,"event_name":"Colosseum","floor":27,"gold_loss":0}],"is_beta":false,"boss_relics":[{"not_picked":["SacredBark","Sozu"],"picked":"Replay:Wanted Poster"}],"items_purged_floors":[4,19],"is_endless":false,"potions_floor_spawned":[6,10,12,14,23,27],"killed_by":"Colosseum Nobs","ascension_level":5}}