{"host":"wyloba13dxa5qu9d","time":1610981012,"event":{"mods":["100% Spire Juice","AchievementEnabler","BaseMod","Colored Map","Colored Powertips","Downfall","Lobotomy","Marked Mod","Minty Spire (QoL Compilation)","Quick Restart","StSLib","SuperFastMode"],"gold_per_floor":[99,114,214,234,251,29,29,46,7,26,26,36,36,54,72,72,72],"floor_reached":16,"language":"ZHS","playtime":886,"items_purged":[],"score":98,"play_id":"46079fb2-ae29-4fcb-a6a8-887a88e85f17","local_time":"20210118224332","is_ascension_mode":false,"campfire_choices":[{"floor":1.0,"key":"RECALL"},{"data":"Moonworks:JonathanRush","floor":11.0,"key":"SMITH"},{"floor":13.0,"key":"REST"}],"circlet_count":0,"master_deck":["Moonworks:Strike","Moonworks:Strike","Moonworks:Strike","Moonworks:Strike","Moonworks:Defend","Moonworks:Defend","Moonworks:Defend","Moonworks:Defend","Moonworks:Ambush","Moonworks:LongDistanceShot","Moonworks:EvilSpyWorkPreparation","Moonworks:FullSpeedAlicianrone","Moonworks:JonathanRush+1","Moonworks:LulusLuckyEgg","Moonworks:TacticalRetreat","Moonworks:JonathanRush","Moonworks:LulusLuckyEgg","Moonworks:JonathanRush","Moonworks:NicePresent","Moonworks:CloudOfSeagulls"],"relics":["Moonworks:BrokenBomb","Moonworks:Homemark"],"acts_visited":["Exordium"],"potions_floor_usage":[16,16,16],"damage_taken":[{"damage":6.0,"enemies":"Jaw Worm","floor":2.0,"turns":3.0},{"damage":5.0,"enemies":"Cultist","floor":4.0,"turns":4.0},{"damage":10.0,"enemies":"Small Slimes","floor":5.0,"turns":3.0},{"damage":9.0,"enemies":"2 Fungi Beasts","floor":6.0,"turns":2.0},{"damage":4.0,"enemies":"Large Slime","floor":8.0,"turns":5.0},{"damage":0.0,"enemies":"downfall:FleeingMerchant","floor":9.0,"turns":4.0},{"damage":0.0,"enemies":"Gremlin Gang","floor":10.0,"turns":3.0},{"damage":11.0,"enemies":"3 Louse","floor":12.0,"turns":4.0},{"damage":0.0,"enemies":"2 Fungi Beasts","floor":14.0,"turns":2.0},{"damage":20.0,"enemies":"3 Louse","floor":15.0,"turns":2.0},{"damage":20,"enemies":"WA_ARCHETYPE_RETAIN","floor":16,"turns":6}],"seed_played":"6181675394448509225","potions_obtained":[{"floor":5.0,"key":"Fire Potion"},{"floor":8.0,"key":"GamblersBrew"},{"floor":10.0,"key":"BlessingOfTheForge"},{"floor":15.0,"key":"Strength Potion"}],"is_trial":false,"path_per_floor":["R","M","?","M","M","M","T","M","$","M","R","M","R","M","M","B"],"character_chosen":"THE_STARBREAKER","items_purchased":["Moonworks:JonathanRush"],"campfire_rested":1,"item_purchase_floors":[9],"current_hp_per_floor":[66,60,60,55,45,36,36,32,32,32,32,21,40,40,20,0,0],"gold":72,"neow_bonus":"TEN_PERCENT_HP_BONUS","is_daily":false,"chose_seed":false,"campfire_upgraded":1,"win_rate":0.0,"timestamp":1610981012,"path_taken":["R","M","?","M","M","?","T","M","$","M","R","M","R","M","M","BOSS"],"items_purchased_type":["Card"],"build_version":"2020-12-22","purchased_purges":0,"victory":false,"max_hp_per_floor":[66,66,66,66,66,66,66,66,66,66,66,66,66,66,66,66,66],"card_choices":[{"not_picked":["Moonworks:SakisCookie","Moonworks:MiracleWalker"],"picked":"Moonworks:EvilSpyWorkPreparation","floor":2.0},{"not_picked":["Moonworks:BigMagnum","Moonworks:SelfDestruct"],"picked":"Moonworks:FullSpeedAlicianrone","floor":4.0},{"not_picked":["Moonworks:LulusLuckyEgg","Moonworks:ForcedRevival"],"picked":"Moonworks:JonathanRush","floor":5.0},{"not_picked":["Moonworks:SakisCookie","Moonworks:IndiscriminateFireSupport","Moonworks:TreasureThief"],"picked":"SKIP","floor":6.0},{"not_picked":["Moonworks:Assault","Moonworks:ImOnFire"],"picked":"Moonworks:LulusLuckyEgg","floor":8.0},{"not_picked":["Moonworks:Assault","Moonworks:FinalSurgery"],"picked":"Moonworks:TacticalRetreat","floor":9.0},{"not_picked":["Moonworks:EvilSpyWorkPreparation","Moonworks:IndiscriminateFireSupport"],"picked":"Moonworks:LulusLuckyEgg","floor":10.0},{"not_picked":["Moonworks:SweetBattle","Moonworks:ScrambledEve"],"picked":"Moonworks:JonathanRush","floor":12.0},{"not_picked":["Moonworks:OutOfAmmo","Moonworks:Bloodlust"],"picked":"Moonworks:NicePresent","floor":14.0},{"not_picked":["Moonworks:EvilSpyWorkPreparation","Moonworks:CookingTime"],"picked":"Moonworks:CloudOfSeagulls","floor":15.0}],"player_experience":134846,"relics_obtained":[],"event_choices":[],"is_beta":false,"boss_relics":[],"items_purged_floors":[],"is_endless":false,"potions_floor_spawned":[5,8,10,12,14,15],"killed_by":"WA_ARCHETYPE_RETAIN","ascension_level":0}}