{"host":"2j5d0uw0vihq8b8w","time":1610980370,"event":{"mods":["2.2 Compatiblity","AchievementEnabler","BaseMod","BetterRewards","Colored Map","Colored Powertips","Custom Start","DeckTracker","Minty Spire (QoL Compilation)","Permanent Neow","Quick Restart","Rare Cards Sparkle","StSLib","SuperFastMode","The Dragon Tamer"],"gold_per_floor":[111,122,142,217,229,229,262,262,333,333,303,303,317,317,317],"floor_reached":14,"language":"KOR","playtime":503,"items_purged":[],"score":200,"play_id":"ce9c7694-3123-4848-9185-d37c7898f1e5","local_time":"20210118233250","is_ascension_mode":true,"campfire_choices":[{"data":"Glass Knife","floor":6.0,"key":"SMITH"},{"floor":12,"key":"REST"}],"circlet_count":0,"master_deck":["AscendersBane","Strike_G","Strike_G","Strike_G","Strike_G","Strike_G","Defend_G","Defend_G","Defend_G","Defend_G","Defend_G","Survivor","Neutralize","Glass Knife+1","Escape Plan","Caltrops","Bouncing Flask","Bane","Acrobatics","Footwork"],"relics":["Ring of the Snake","Calipers"],"acts_visited":["Exordium"],"potions_floor_usage":[10,14,14],"damage_taken":[{"damage":0.0,"enemies":"2 Louse","floor":1.0,"turns":2.0},{"damage":1.0,"enemies":"Jaw Worm","floor":2.0,"turns":3.0},{"damage":1.0,"enemies":"Small Slimes","floor":3.0,"turns":3.0},{"damage":9.0,"enemies":"Gremlin Gang","floor":5.0,"turns":6.0},{"damage":21,"enemies":"Lagavulin","floor":7,"turns":7},{"damage":0,"enemies":"Gremlin Nob","floor":10,"turns":2},{"damage":18,"enemies":"Exordium Wildlife","floor":13,"turns":6},{"damage":0,"enemies":"3 Sentries","floor":14,"turns":2}],"seed_played":"-1435472966065814111","potions_obtained":[{"floor":1.0,"key":"SmokeBomb"},{"floor":2.0,"key":"Fire Potion"},{"floor":11,"key":"SneckoOil"},{"floor":11,"key":"Energy Potion"}],"is_trial":false,"path_per_floor":["M","M","M","?","M","R","E","?","T","E","?","R","M","E"],"character_chosen":"THE_SILENT","items_purchased":[],"campfire_rested":1,"item_purchase_floors":[],"current_hp_per_floor":[44,43,42,31,22,22,1,1,1,1,1,20,2,2,2],"gold":317,"neow_bonus":"THREE_RARE_CARDS","is_daily":false,"chose_seed":false,"campfire_upgraded":1,"win_rate":0.0,"timestamp":1610980370,"path_taken":["M","M","M","?","M","R","E","?","T","E","?","R","M","E"],"items_purchased_type":[],"build_version":"2020-12-22","purchased_purges":0,"victory":false,"max_hp_per_floor":[66,66,66,66,66,66,66,66,66,66,66,66,66,66,66],"card_choices":[{"not_picked":["Bullet Time","Storm of Steel"],"picked":"Glass Knife","floor":0.0},{"not_picked":["Sucker Punch","Dagger Throw"],"picked":"Escape Plan","floor":1.0},{"not_picked":["Poisoned Stab","Tactician"],"picked":"Caltrops","floor":2.0},{"not_picked":["Deflect","Outmaneuver"],"picked":"Bouncing Flask","floor":3.0},{"not_picked":["Sucker Punch","Underhanded Strike"],"picked":"Bane","floor":5.0},{"not_picked":["Flying Knee","Dagger Spray"],"picked":"Acrobatics","floor":7},{"not_picked":["Outmaneuver","Bane"],"picked":"Footwork","floor":13}],"player_experience":713647,"relics_obtained":[{"floor":7,"key":"Calipers"}],"event_choices":[{"damage_healed":0.0,"max_hp_gain":0.0,"max_hp_loss":0.0,"gold_gain":75.0,"event_name":"World of Goop","player_choice":"Gather Gold","floor":4.0,"gold_loss":0.0,"damage_taken":11.0},{"damage_healed":0,"gold_gain":0,"player_choice":"Ignored","damage_taken":0,"max_hp_gain":0,"max_hp_loss":0,"event_name":"Shining Light","floor":8,"gold_loss":0},{"damage_healed":0,"gold_gain":0,"player_choice":"Bought 2 Potions","damage_taken":0,"max_hp_gain":0,"max_hp_loss":0,"event_name":"The Woman in Blue","floor":11,"gold_loss":0}],"is_beta":false,"boss_relics":[],"items_purged_floors":[],"is_endless":false,"potions_floor_spawned":[1,2,10],"killed_by":"3 Sentries","ascension_level":20}}