{"host":"x7xd4wkamhrqrrvw","time":1610935095,"event":{"mods":["BaseMod","Minty Spire (QoL Compilation)","StSLib"],"gold_per_floor":[112,14,30,46,62,62,94,94,146,175,175,186,214,214,214,310,310,330,4,4,33,15,15,29,29,52,84,97,125,125,154,154,249,249,262,49,271,286,286,286,315,315,315,315,328,348,368,125,125,125,125,125,12,42,42],"floor_reached":56,"language":"ENG","playtime":3596,"items_purged":["Strike_R","Strike_R","Strike_R+1","Strike_R+1","Strike_R+1"],"score":1715,"play_id":"88c358a0-3be9-4916-8d5f-19f295087322","local_time":"20210117235815","is_ascension_mode":true,"campfire_choices":[{"data":"Rampage","floor":6,"key":"SMITH"},{"data":"True Grit","floor":8,"key":"SMITH"},{"data":"Pommel Strike","floor":11,"key":"SMITH"},{"data":"Bash","floor":15,"key":"SMITH"},{"floor":23,"key":"REST"},{"floor":25,"key":"RECALL"},{"floor":32,"key":"REST"},{"floor":40,"key":"REST"},{"floor":42,"key":"REST"},{"floor":49,"key":"REST"},{"floor":52,"key":"REST"}],"circlet_count":0,"master_deck":["Defend_R+1","Defend_R+1","Defend_R+1","Defend_R+1","Bash+1","Rampage+1","Pommel Strike+1","Hemokinesis","Headbutt","Brutality","True Grit+1","Berserk+1","Uppercut+1","Disarm","Feel No Pain+1","Rupture+1","Impervious","Shrug It Off+1","Dark Embrace+1","Combust+1","True Grit+1","Intimidate+1"],"relics":["Burning Blood","Paper Frog","Bag of Marbles","Art of War","Frozen Egg 2","Pear","Fusion Hammer","Membership Card","Mummified Hand","Red Mask","Dream Catcher","Prayer Wheel","Boot","Enchiridion","Potion Belt","Runic Pyramid","Blood Vial","Frozen Eye","Gremlin Horn","Ornamental Fan","Happy Flower"],"acts_visited":["Exordium","TheCity","TheBeyond","TheEnding"],"potions_floor_usage":[7,13,13,27,29,35,50,54,55,55,55],"damage_taken":[{"damage":1,"enemies":"Cultist","floor":1,"turns":3},{"damage":10,"enemies":"Small Slimes","floor":3,"turns":3},{"damage":2,"enemies":"2 Louse","floor":4,"turns":3},{"damage":7,"enemies":"2 Fungi Beasts","floor":5,"turns":3},{"damage":23,"enemies":"3 Sentries","floor":7,"turns":5},{"damage":14,"enemies":"Gremlin Nob","floor":10,"turns":3},{"damage":3,"enemies":"Red Slaver","floor":12,"turns":2},{"damage":19,"enemies":"3 Sentries","floor":13,"turns":5},{"damage":26,"enemies":"Slime Boss","floor":16,"turns":7},{"damage":41,"enemies":"Shell Parasite","floor":18,"turns":8},{"damage":3,"enemies":"Masked Bandits","floor":21,"turns":3},{"damage":6,"enemies":"Chosen","floor":24,"turns":2},{"damage":8,"enemies":"Gremlin Leader","floor":27,"turns":4},{"damage":5,"enemies":"Centurion and Healer","floor":28,"turns":5},{"damage":16,"enemies":"Slavers","floor":29,"turns":7},{"damage":14,"enemies":"Gremlin Leader","floor":31,"turns":5},{"damage":47,"enemies":"Champ","floor":33,"turns":7},{"damage":1,"enemies":"3 Shapes","floor":35,"turns":5},{"damage":4,"enemies":"3 Darklings","floor":38,"turns":5},{"damage":12,"enemies":"Giant Head","floor":41,"turns":6},{"damage":13,"enemies":"Jaw Worm Horde","floor":45,"turns":4},{"damage":8,"enemies":"Maw","floor":46,"turns":5},{"damage":7,"enemies":"Writhing Mass","floor":47,"turns":4},{"damage":20,"enemies":"Donu and Deca","floor":50,"turns":6},{"damage":13,"enemies":"Shield and Spear","floor":54,"turns":6},{"damage":14,"enemies":"The Heart","floor":55,"turns":5}],"seed_played":"-2212258301924501788","potions_obtained":[{"floor":1,"key":"Explosive Potion"},{"floor":5,"key":"Fire Potion"},{"floor":10,"key":"ColorlessPotion"},{"floor":12,"key":"PowerPotion"},{"floor":21,"key":"GamblersBrew"},{"floor":27,"key":"Swift Potion"},{"floor":29,"key":"Fire Potion"},{"floor":33,"key":"SneckoOil"},{"floor":38,"key":"SpeedPotion"},{"floor":41,"key":"LiquidMemories"},{"floor":45,"key":"Block Potion"}],"is_trial":false,"path_per_floor":["M","$","M","M","M","R","E","R","T","E","R","M","E","T","R","B",null,"M","$","?","?","$","R","M","R","T","E","M","E","?","E","R","B",null,"M","$","?","M","?","R","E","R","T","?","M","M","M","$","R","B",null,"R","$","E","B",null],"character_chosen":"IRONCLAD","items_purchased":["Pommel Strike","Membership Card","Mummified Hand","Feel No Pain+1","Blood Vial","Frozen Eye","Ornamental Fan","DistilledChaos","Energy Potion"],"campfire_rested":6,"item_purchase_floors":[2,19,19,22,36,36,48,48,53],"current_hp_per_floor":[85,85,81,85,84,84,67,67,67,59,59,62,49,59,59,39,83,48,48,48,51,51,80,80,80,80,78,79,69,53,45,74,33,82,87,87,87,91,91,98,92,98,98,98,91,91,92,92,98,84,95,98,98,91,85],"gold":42,"neow_bonus":"TEN_PERCENT_HP_BONUS","is_daily":false,"chose_seed":false,"campfire_upgraded":4,"win_rate":0.0,"timestamp":1610935095,"path_taken":["M","?","M","M","M","R","E","R","T","E","R","?","E","?","R","BOSS","M","$","?","?","$","R","M","R","T","E","M","E","?","E","R","BOSS","M","$","?","M","?","R","E","R","T","?","M","?","M","$","R","BOSS","R","$","E","BOSS"],"items_purchased_type":["Card","Relic","Relic","Card","Relic","Relic","Relic","Potion","Potion"],"build_version":"2020-12-22","purchased_purges":5,"victory":true,"max_hp_per_floor":[88,88,88,88,88,88,88,88,88,88,88,88,88,98,98,98,98,98,98,98,98,98,98,98,98,98,98,98,98,98,98,98,98,98,98,98,98,98,98,98,98,98,98,98,98,98,98,98,98,98,98,98,98,98,98],"card_choices":[{"not_picked":["Dark Embrace","Headbutt"],"picked":"Rampage","floor":1},{"not_picked":["Sword Boomerang","Cleave"],"picked":"Hemokinesis","floor":3},{"not_picked":["Havoc","Warcry"],"picked":"Headbutt","floor":4},{"not_picked":["Second Wind","Anger"],"picked":"Brutality","floor":5},{"not_picked":["Bludgeon","Bloodletting"],"picked":"True Grit","floor":7},{"not_picked":["Flex","Barricade","Clothesline"],"picked":"SKIP","floor":10},{"not_picked":["Metallicize","Body Slam","Heavy Blade"],"picked":"SKIP","floor":12},{"not_picked":["True Grit","Heavy Blade","Barricade+1"],"picked":"SKIP","floor":13},{"not_picked":["Reaper","Feed"],"picked":"Berserk+1","floor":16},{"not_picked":["Second Wind","Cleave"],"picked":"Uppercut+1","floor":18},{"not_picked":["Perfected Strike","Ghostly Armor"],"picked":"Disarm","floor":21},{"not_picked":["Sentinel","Havoc","Shockwave"],"picked":"SKIP","floor":24},{"not_picked":["Perfected Strike","True Grit","Sword Boomerang"],"picked":"SKIP","floor":27},{"not_picked":["Perfected Strike+1","Fire Breathing+1","Entrench"],"picked":"SKIP","floor":28},{"not_picked":["Blood for Blood","Shockwave+1","Clothesline+1"],"picked":"SKIP","floor":28},{"not_picked":["Double Tap","Clothesline"],"picked":"Rupture+1","floor":29},{"not_picked":["Searing Blow+1","Dual Wield+1"],"picked":"Impervious","floor":31},{"not_picked":["Cleave","Dropkick","Shockwave"],"picked":"SKIP","floor":35},{"not_picked":["Iron Wave+1","Clothesline+1","Uppercut+1"],"picked":"SKIP","floor":35},{"not_picked":["Heavy Blade+1","Double Tap"],"picked":"Shrug It Off+1","floor":38},{"not_picked":["Heavy Blade","Twin Strike","Hemokinesis+1"],"picked":"SKIP","floor":38},{"not_picked":["Second Wind","Clothesline"],"picked":"Dark Embrace+1","floor":40},{"not_picked":["Heavy Blade+1","Sword Boomerang+1","Wild Strike+1"],"picked":"SKIP","floor":41},{"not_picked":["Clash+1","Twin Strike+1"],"picked":"Combust+1","floor":42},{"not_picked":["Heavy Blade+1","True Grit"],"picked":"Intimidate+1","floor":45},{"not_picked":["Cleave","Twin Strike","Dual Wield+1"],"picked":"SKIP","floor":45},{"not_picked":["Thunderclap+1","Cleave+1","Twin Strike+1"],"picked":"SKIP","floor":46},{"not_picked":["Rupture+1","Disarm","Second Wind"],"picked":"SKIP","floor":46},{"not_picked":["Blood for Blood","Feed","Intimidate+1"],"picked":"SKIP","floor":47},{"not_picked":["Havoc+1","Uppercut","Warcry+1"],"picked":"SKIP","floor":47},{"not_picked":["Burning Pact+1","Clothesline+1","Clash"],"picked":"SKIP","floor":54}],"player_experience":323627,"relics_obtained":[{"floor":7,"key":"Paper Frog"},{"floor":9,"key":"Bag of Marbles"},{"floor":10,"key":"Art of War"},{"floor":13,"key":"Frozen Egg 2"},{"floor":14,"key":"Pear"},{"floor":21,"key":"Red Mask"},{"floor":26,"key":"Dream Catcher"},{"floor":27,"key":"Prayer Wheel"},{"floor":29,"key":"Boot"},{"floor":30,"key":"Enchiridion"},{"floor":31,"key":"Potion Belt"},{"floor":41,"key":"Gremlin Horn"},{"floor":54,"key":"Happy Flower"}],"event_choices":[{"damage_healed":0,"gold_gain":0,"player_choice":"Simplicity","damage_taken":0,"max_hp_gain":0,"max_hp_loss":0,"event_name":"Back to Basics","floor":20,"gold_loss":0,"cards_upgraded":["Strike_R","Strike_R","Strike_R","Defend_R","Defend_R","Defend_R","Defend_R"]},{"damage_healed":0,"gold_gain":0,"player_choice":"Fought Bandits","damage_taken":0,"max_hp_gain":0,"max_hp_loss":0,"event_name":"Masked Bandits","floor":21,"gold_loss":0},{"damage_healed":0,"gold_gain":0,"player_choice":"Obtained Book","damage_taken":16,"max_hp_gain":0,"max_hp_loss":0,"event_name":"Cursed Tome","floor":30,"gold_loss":0},{"damage_healed":0,"gold_gain":222,"player_choice":"Wore Mask","damage_taken":0,"max_hp_gain":0,"max_hp_loss":0,"event_name":"Tomb of Lord Red Mask","floor":37,"gold_loss":0},{"damage_healed":0,"gold_gain":0,"player_choice":"Ignored","damage_taken":0,"max_hp_gain":0,"max_hp_loss":0,"event_name":"Mysterious Sphere","floor":39,"gold_loss":0},{"damage_healed":0,"gold_gain":0,"player_choice":"Copied","damage_taken":0,"max_hp_gain":0,"max_hp_loss":0,"event_name":"Duplicator","floor":44,"gold_loss":0,"cards_obtained":["True Grit"]}],"is_beta":false,"boss_relics":[{"not_picked":["Sozu","SlaversCollar"],"picked":"Fusion Hammer"},{"not_picked":["Coffee Dripper","Calling Bell"],"picked":"Runic Pyramid"}],"items_purged_floors":[2,19,36,48,53],"is_endless":false,"potions_floor_spawned":[1,5,10,12,21,27,29,33,38,41,45],"ascension_level":9}}