{"host":"aqym1xxr3lb31d9m","time":1610942112,"event":{"mods":["BaseMod","Block Reminder","Colored Map","Colored Powertips","DeckTracker","Highlight Path","Minty Spire (QoL Compilation)","Quick Restart","Random Character Button","StSLib","SuperFastMode","UnlockEverythingMod"],"gold_per_floor":[115,128,203,215,235,235,235,260,260,260,260,260,288,306,306,306,306],"floor_reached":16,"language":"JPN","playtime":2139,"items_purged":[],"score":220,"play_id":"23c00404-e5d2-4798-a8f9-f16fddbd5746","local_time":"20210118125512","is_ascension_mode":true,"campfire_choices":[{"data":"Storm of Steel","floor":6,"key":"SMITH"},{"data":"Eviscerate","floor":11,"key":"SMITH"},{"data":"Dagger Spray","floor":15,"key":"SMITH"}],"circlet_count":0,"master_deck":["AscendersBane","Strike_G","Strike_G","Strike_G","Strike_G","Strike_G","Defend_G","Defend_G","Defend_G","Defend_G","Defend_G","Survivor","Neutralize","Writhe","Storm of Steel+1","Dagger Spray+1","Poisoned Stab","Dagger Throw","Deadly Poison","Eviscerate+1","Deflect","Masterful Stab"],"relics":["Ring of the Snake","Shuriken","Pantograph","Bottled Flame"],"acts_visited":["Exordium"],"potions_floor_usage":[8,16],"damage_taken":[{"damage":4,"enemies":"Jaw Worm","floor":1,"turns":5},{"damage":0,"enemies":"2 Louse","floor":2,"turns":3},{"damage":2,"enemies":"Small Slimes","floor":4,"turns":4},{"damage":2,"enemies":"3 Louse","floor":5,"turns":4},{"damage":25,"enemies":"3 Sentries","floor":8,"turns":7},{"damage":6,"enemies":"Gremlin Nob","floor":13,"turns":3},{"damage":9,"enemies":"Looter","floor":14,"turns":3},{"damage":40,"enemies":"Slime Boss","floor":16,"turns":6}],"seed_played":"2007881142407704645","potions_obtained":[{"floor":4,"key":"Fruit Juice"},{"floor":14,"key":"ColorlessPotion"}],"is_trial":false,"path_per_floor":["M","M","?","M","M","R","?","E","T","?","R","?","E","M","R","B"],"character_chosen":"THE_SILENT","items_purchased":[],"campfire_rested":0,"item_purchase_floors":[],"current_hp_per_floor":[55,55,44,42,40,40,45,25,25,25,25,25,19,10,10,0,0],"gold":306,"neow_bonus":"THREE_RARE_CARDS","is_daily":false,"chose_seed":false,"campfire_upgraded":3,"win_rate":0.0,"timestamp":1610942112,"path_taken":["M","M","?","M","M","R","?","E","T","?","R","?","E","M","R","BOSS"],"items_purchased_type":[],"build_version":"2020-12-22","purchased_purges":0,"victory":false,"max_hp_per_floor":[66,66,66,66,66,66,71,76,76,76,76,76,76,76,76,76,76],"card_choices":[{"not_picked":["Unload","Corpse Explosion"],"picked":"Storm of Steel","floor":0},{"not_picked":["Backflip","Underhanded Strike"],"picked":"Dagger Spray","floor":1},{"not_picked":["Dodge and Roll","Dagger Spray"],"picked":"Poisoned Stab","floor":2},{"not_picked":["Flechettes","Heel Hook"],"picked":"Dagger Throw","floor":4},{"not_picked":["Blur","Leg Sweep"],"picked":"Deadly Poison","floor":5},{"not_picked":["Doppelganger","Outmaneuver"],"picked":"Eviscerate","floor":8},{"not_picked":["Flying Knee","Distraction"],"picked":"Deflect","floor":13},{"not_picked":["Deadly Poison","Flechettes"],"picked":"Masterful Stab","floor":14}],"player_experience":3916837,"relics_obtained":[{"floor":8,"key":"Shuriken"},{"floor":9,"key":"Pantograph"},{"floor":13,"key":"Bottled Flame"}],"event_choices":[{"damage_healed":0,"gold_gain":75,"player_choice":"Gather Gold","damage_taken":11,"max_hp_gain":0,"max_hp_loss":0,"event_name":"World of Goop","floor":3,"gold_loss":0},{"damage_healed":0,"gold_gain":0,"player_choice":"Donut","damage_taken":0,"max_hp_gain":5,"max_hp_loss":0,"event_name":"Big Fish","floor":7,"gold_loss":0},{"damage_healed":0,"gold_gain":0,"player_choice":"Ignored","damage_taken":0,"max_hp_gain":0,"max_hp_loss":0,"event_name":"Shining Light","floor":10,"gold_loss":0},{"damage_healed":0,"gold_gain":0,"player_choice":"Ignored","damage_taken":0,"max_hp_gain":0,"max_hp_loss":0,"event_name":"Golden Wing","floor":12,"gold_loss":0}],"is_beta":false,"boss_relics":[],"items_purged_floors":[],"is_endless":false,"potions_floor_spawned":[4,14],"killed_by":"Slime Boss","ascension_level":20}}