{"host":"ccw6t0i2dpm5wyxf","time":1610990518,"event":{"mods":["AchievementEnabler","BaseMod","Colored Map","Minty Spire (QoL Compilation)","Permanent Neow","SuperFastMode"],"gold_per_floor":[112,112,127,127,127,171,195,195,218,559,734,734,765,778,778,778,778],"floor_reached":16,"language":"ENG","playtime":599,"items_purged":[],"score":124,"play_id":"c08bb950-15de-4ddd-8739-b60842646b12","local_time":"20210118112158","is_ascension_mode":true,"campfire_choices":[{"data":"Defragment","floor":8,"key":"SMITH"},{"floor":15,"key":"REST"}],"circlet_count":0,"master_deck":["Strike_B","Strike_B","Strike_B","Strike_B","Defend_B","Defend_B","Defend_B","Defend_B","Zap+1","Dualcast","Force Field","Injury","Coolheaded","Defragment+1","Barrage","Leap","Doubt","Redo","Compile Driver"],"relics":["Cracked Core","Golden Idol","Vajra","InkBottle","Tiny Chest","Old Coin","Smiling Mask","Mummified Hand"],"acts_visited":["Exordium"],"potions_floor_usage":[6,13],"damage_taken":[{"damage":5,"enemies":"Small Slimes","floor":1,"turns":3},{"damage":0,"enemies":"2 Louse","floor":3,"turns":2},{"damage":15,"enemies":"Lagavulin","floor":6,"turns":9},{"damage":0,"enemies":"Cultist","floor":7,"turns":4},{"damage":34,"enemies":"3 Sentries","floor":10,"turns":7},{"damage":18,"enemies":"Gremlin Nob","floor":13,"turns":5},{"damage":0,"enemies":"Large Slime","floor":14,"turns":7},{"damage":44,"enemies":"Hexaghost","floor":16,"turns":11}],"seed_played":"5258630074337474347","potions_obtained":[{"floor":3,"key":"FocusPotion"},{"floor":7,"key":"SteroidPotion"},{"floor":10,"key":"Regen Potion"}],"is_trial":false,"path_per_floor":["M","?","M","?","?","E","M","R","T","E","?","?","E","M","R","B"],"character_chosen":"DEFECT","items_purchased":[],"campfire_rested":1,"item_purchase_floors":[],"current_hp_per_floor":[70,70,70,70,70,55,55,55,55,21,21,21,17,17,39,0,0],"gold":778,"neow_bonus":"UPGRADE_CARD","is_daily":false,"chose_seed":false,"campfire_upgraded":1,"win_rate":0.0,"timestamp":1610990518,"path_taken":["M","?","M","?","?","E","?","R","T","E","?","?","E","?","R","BOSS"],"items_purchased_type":[],"build_version":"2020-12-22","purchased_purges":0,"victory":false,"max_hp_per_floor":[75,75,75,75,75,75,75,75,75,75,75,75,75,75,75,75,75],"card_choices":[{"not_picked":["Streamline","Fusion"],"picked":"Force Field","floor":1},{"not_picked":["Rip and Tear","Ball Lightning"],"picked":"Coolheaded","floor":3},{"not_picked":["Sweeping Beam","Leap"],"picked":"Defragment","floor":6},{"not_picked":["Gash","Hologram"],"picked":"Barrage","floor":7},{"not_picked":["Barrage","Multi-Cast"],"picked":"Leap","floor":10},{"not_picked":["Steam","Go for the Eyes"],"picked":"Redo","floor":13},{"not_picked":["Sweeping Beam","Ball Lightning"],"picked":"Compile Driver","floor":14}],"player_experience":297021,"relics_obtained":[{"floor":6,"key":"InkBottle"},{"floor":9,"key":"Tiny Chest"},{"floor":10,"key":"Old Coin"},{"floor":13,"key":"Mummified Hand"}],"event_choices":[{"damage_healed":0,"gold_gain":0,"player_choice":"Take Wound","damage_taken":0,"relics_obtained":["Golden Idol"],"max_hp_gain":0,"max_hp_loss":0,"event_name":"Golden Idol","floor":2,"gold_loss":0,"cards_obtained":["Injury"]},{"damage_healed":0,"gold_gain":0,"player_choice":"Box","damage_taken":0,"relics_obtained":["Vajra"],"max_hp_gain":0,"max_hp_loss":0,"event_name":"Big Fish","floor":4,"gold_loss":0,"cards_obtained":["Regret"]},{"cards_removed":["Regret"],"damage_healed":0,"gold_gain":0,"player_choice":"Card Removal","damage_taken":0,"max_hp_gain":0,"max_hp_loss":0,"event_name":"Wheel of Change","floor":5,"gold_loss":0},{"damage_healed":0,"gold_gain":175,"player_choice":"AGREE","damage_taken":0,"max_hp_gain":0,"max_hp_loss":0,"event_name":"Liars Game","floor":11,"gold_loss":0,"cards_obtained":["Doubt"]},{"damage_healed":0,"gold_gain":0,"player_choice":"Gave Potion","damage_taken":0,"relics_obtained":["Smiling Mask"],"max_hp_gain":0,"max_hp_loss":0,"event_name":"WeMeetAgain","floor":12,"gold_loss":0}],"is_beta":false,"boss_relics":[],"items_purged_floors":[],"is_endless":false,"potions_floor_spawned":[3,7,10],"killed_by":"Hexaghost","ascension_level":1}}