{"host":"0qlrtuw7bw78ucw4","time":1610979103,"event":{"mods":["BaseMod","Downfall","Minty Spire (QoL Compilation)","StSLib"],"gold_per_floor":[99,99,114,126,126,154,180,198,298,131,131,144,144,29,40,138,138,138,153,153,166,182,182,236,336,336,436,448,459,470,482,496,595,595,595,614,327,327,340,340,367,411,438,138,152,172,172,191,203,203,203,236,61,61,61,61],"floor_reached":57,"language":"ENG","playtime":5656,"items_purged":["bronze:Strike","bronze:Defend","Doubt","Doubt","Good Instincts"],"score":1163,"play_id":"ba466562-7019-4ce6-8c01-c169039c84ca","local_time":"20210119011143","is_ascension_mode":false,"campfire_choices":[{"data":"bronze:Goto","floor":1.0,"key":"SMITH"},{"data":"bronze:ClassDefault","floor":11.0,"key":"SMITH"},{"data":"bronze:Repair","floor":13.0,"key":"SMITH"},{"data":"bronze:Verify","floor":18.0,"key":"SMITH"},{"data":"bronze:Mutator","floor":23.0,"key":"SMITH"},{"data":"bronze:Shell","floor":26.0,"key":"SMITH"},{"data":"bronze:Assembly","floor":35.0,"key":"SMITH"},{"floor":40.0,"key":"RECALL"},{"data":"bronze:Boost","floor":44,"key":"SMITH"},{"floor":54,"key":"REST"}],"circlet_count":0,"master_deck":["bronze:Replicate","bronze:Goto+1","bronze:CloningBeam","bronze:Separator+1","bronze:InfiniteLoop","bronze:ItsAFeature","bronze:Shield","bronze:Mutator+1","bronze:ClassDefault+1","bronze:Repair+1","bronze:ForceShield","bronze:Verify+1","bronze:Boost+1","bronze:Shell+1","bronze:Shield+1","J.A.X.","bronze:ClassDefault","bronze:Branch","bronze:Assembly+1","expansioncontent:AwakenDeath"],"relics":["bronze:BronzeCore","Bag of Preparation","Lantern","Cursed Key","Art of War","MutagenicStrength","Busted Crown","Happy Flower","Guardian:PocketSentry","Darkstone Periapt","downfall:HeartBlessingRed","downfall:HeartBlessingGreen","downfall:HeartBlessingBlue","Oddly Smooth Stone"],"acts_visited":["Exordium","TheCity","TheBeyond","TheEnding"],"potions_floor_usage":[56,56,56],"damage_taken":[{"damage":0.0,"enemies":"Cultist","floor":3.0,"turns":4.0},{"damage":0.0,"enemies":"2 Louse","floor":4.0,"turns":3.0},{"damage":20.0,"enemies":"Lagavulin","floor":6.0,"turns":5.0},{"damage":1.0,"enemies":"Jaw Worm","floor":8.0,"turns":2.0},{"damage":14.0,"enemies":"downfall:Heads","floor":9.0,"turns":4.0},{"damage":4.0,"enemies":"downfall:FleeingMerchant","floor":10.0,"turns":4.0},{"damage":0.0,"enemies":"2 Fungi Beasts","floor":12.0,"turns":2.0},{"damage":15.0,"enemies":"downfall:FleeingMerchant","floor":14.0,"turns":4.0},{"damage":6.0,"enemies":"Exordium Wildlife","floor":15.0,"turns":3.0},{"damage":44.0,"enemies":"WA_ARCHETYPE_RETAIN","floor":16.0,"turns":6.0},{"damage":1.0,"enemies":"3 Byrds","floor":19.0,"turns":5.0},{"damage":19.0,"enemies":"Centurion and Healer","floor":21.0,"turns":8.0},{"damage":12.0,"enemies":"3 Cultists","floor":22.0,"turns":6.0},{"damage":8.0,"enemies":"downfall:Augmenter","floor":25.0,"turns":9.0},{"damage":10.0,"enemies":"Sentry and Sphere","floor":28.0,"turns":5.0},{"damage":15.0,"enemies":"Shelled Parasite and Fungi","floor":29.0,"turns":7.0},{"damage":6.0,"enemies":"Centurion and Healer","floor":30.0,"turns":5.0},{"damage":3.0,"enemies":"3 Cultists","floor":31.0,"turns":5.0},{"damage":18.0,"enemies":"Snecko","floor":32.0,"turns":6.0},{"damage":74.0,"enemies":"DF_ARCHETYPE_CLAW","floor":33.0,"turns":11.0},{"damage":10.0,"enemies":"Orb Walker","floor":36.0,"turns":5.0},{"damage":3.0,"enemies":"downfall:FleeingMerchant","floor":37.0,"turns":4.0},{"damage":6.0,"enemies":"3 Darklings","floor":39.0,"turns":7.0},{"damage":6,"enemies":"downfall:FleeingMerchant","floor":42,"turns":3},{"damage":7,"enemies":"Giant Head","floor":43,"turns":7},{"damage":13,"enemies":"Spire Growth","floor":45,"turns":6},{"damage":14,"enemies":"Jaw Worm Horde","floor":46,"turns":3},{"damage":6,"enemies":"Maw","floor":48,"turns":7},{"damage":3,"enemies":"Spire Growth","floor":49,"turns":4},{"damage":70,"enemies":"IC_BLOCK_ARCHETYPE","floor":50,"turns":8},{"damage":55,"enemies":"downfall:CharBossMerchant","floor":52,"turns":7},{"damage":21,"enemies":"downfall:NeowBoss","floor":55,"turns":14},{"damage":31,"enemies":"downfall:NeowBossFinal","floor":56,"turns":10}],"seed_played":"3364098758141928965","potions_obtained":[{"floor":4.0,"key":"champ:CounterPotion"},{"floor":6.0,"key":"BlessingOfTheForge"},{"floor":9.0,"key":"SpeedPotion"},{"floor":15.0,"key":"bronze:CleanCodePotion"},{"floor":16.0,"key":"champ:CounterPotion"},{"floor":22.0,"key":"Block Potion"},{"floor":29.0,"key":"bronze:CleanCodePotion"},{"floor":30.0,"key":"Fruit Juice"},{"floor":33.0,"key":"Fruit Juice"},{"floor":36.0,"key":"Explosive Potion"},{"floor":45,"key":"Strength Potion"}],"is_trial":false,"path_per_floor":["R","?","M","M","?","E","T","M","?","$","R","M","R","$","M","B",null,"R","M","?","M","M","R","T","?","R","?","M","M","M","M","M","B",null,"R","M","$","?","M","R","T","$","E","R","M","M","?","M","M","B",null,"E","$","R","B","B",null],"character_chosen":"THE_AUTOMATON","items_purchased":["bronze:Repair","Happy Flower","Guardian:PocketSentry"],"campfire_rested":1,"item_purchase_floors":[10,37,42],"current_hp_per_floor":[70,70,70,70,70,50,50,49,35,31,31,38,38,43,67,33,70,70,70,70,61,58,58,58,70,70,70,63,70,72,75,57,1,75,75,70,77,77,74,74,74,78,76,86,80,86,76,80,87,23,90,38,38,65,54,33],"gold":61,"neow_bonus":"RANDOM_COLORLESS","is_daily":false,"chose_seed":false,"campfire_upgraded":8,"win_rate":0.0,"timestamp":1610979103,"path_taken":["R","?","M","M","?","E","T","?","?","?","R","M","R","$","M","BOSS","R","M","?","M","M","R","T","?","R","?","M","?","M","M","M","BOSS","R","M","$","?","M","R","T","$","E","R","M","M","?","M","M","BOSS","E","$","R","BOSS","BOSS"],"items_purchased_type":["Card","Relic","Relic"],"build_version":"2020-12-22","purchased_purges":5,"victory":true,"max_hp_per_floor":[70,70,70,70,70,70,70,70,70,70,70,70,70,70,70,70,70,70,70,70,70,70,70,70,70,70,70,70,70,75,75,75,75,75,75,80,80,80,80,80,80,80,80,90,90,90,90,90,90,90,90,90,90,90,90,90],"card_choices":[{"not_picked":["Trip","Dark Shackles"],"picked":"Good Instincts","floor":0.0},{"not_picked":["bronze:Optimize","bronze:Allocate"],"picked":"bronze:CloningBeam","floor":3.0},{"not_picked":["bronze:Branch","bronze:Repulsor"],"picked":"bronze:Separator","floor":4.0},{"not_picked":["bronze:Shell","bronze:BuggyMess"],"picked":"bronze:ItsAFeature","floor":6.0},{"not_picked":["bronze:DelayedGuard","bronze:Allocate"],"picked":"bronze:Shield","floor":8.0},{"not_picked":["bronze:CloningBeam","bronze:Turbo"],"picked":"bronze:ClassDefault","floor":9.0},{"not_picked":["bronze:Invalidate","bronze:Deprecate","bronze:BitShift"],"picked":"SKIP","floor":10.0},{"not_picked":["bronze:Deprecate","bronze:Iterate","bronze:ClassDefault"],"picked":"SKIP","floor":12.0},{"not_picked":["bronze:Overload","bronze:ClassDefault","bronze:DigitalCarnage"],"picked":"SKIP","floor":14.0},{"not_picked":["bronze:Iterate","bronze:ChildClass"],"picked":"bronze:ForceShield","floor":15.0},{"not_picked":["bronze:AlphaBuild","bronze:Mutator"],"picked":"bronze:Verify","floor":16.0},{"not_picked":["bronze:BuggyMess","bronze:BugBarrage"],"picked":"bronze:Boost","floor":19.0},{"not_picked":["bronze:Repair","bronze:DelayedSlice+1"],"picked":"bronze:Shell","floor":21.0},{"not_picked":["bronze:GetLatest","bronze:Safeguard"],"picked":"bronze:Shield+1","floor":22.0},{"not_picked":[],"picked":"J.A.X.","floor":25.0},{"not_picked":["bronze:Safeguard","bronze:Iterate","bronze:BugBarrage"],"picked":"SKIP","floor":28.0},{"not_picked":["bronze:WhirlingStrike","bronze:Philosophize","bronze:Constructor"],"picked":"SKIP","floor":29.0},{"not_picked":["bronze:Separator","bronze:WhirlingStrike","bronze:BuggyMess"],"picked":"SKIP","floor":30.0},{"not_picked":["bronze:DelayedGuard","bronze:DigitalCarnage","bronze:Separator"],"picked":"SKIP","floor":31.0},{"not_picked":["bronze:Frontload","bronze:Overheat","bronze:Separator+1"],"picked":"SKIP","floor":32.0},{"not_picked":["bronze:Break","bronze:CleanCode"],"picked":"bronze:Assembly","floor":33.0},{"not_picked":["bronze:DigitalCarnage+1"],"picked":"SKIP","floor":36.0},{"not_picked":["bronze:Optimize+1"],"picked":"SKIP","floor":37.0},{"not_picked":["bronze:Philosophize"],"picked":"SKIP","floor":39.0},{"not_picked":["bronze:Terminator+1"],"picked":"SKIP","floor":42},{"not_picked":["bronze:DelayedSlice"],"picked":"SKIP","floor":43},{"not_picked":["bronze:Invalidate"],"picked":"SKIP","floor":45},{"not_picked":["bronze:Invalidate"],"picked":"SKIP","floor":45},{"not_picked":["bronze:Constructor+1"],"picked":"SKIP","floor":46},{"not_picked":[],"picked":"expansioncontent:AwakenDeath","floor":47},{"not_picked":["bronze:Iterate"],"picked":"SKIP","floor":48},{"not_picked":["bronze:WildBeam"],"picked":"SKIP","floor":49},{"not_picked":["bronze:Invalidate+1"],"picked":"SKIP","floor":52}],"player_experience":883883,"relics_obtained":[{"floor":6.0,"key":"Bag of Preparation"},{"floor":7.0,"key":"Lantern"},{"floor":24.0,"key":"Art of War"},{"floor":25.0,"key":"MutagenicStrength"},{"floor":43,"key":"Darkstone Periapt"},{"floor":52,"key":"Oddly Smooth Stone"}],"event_choices":[],"is_beta":false,"boss_relics":[{"not_picked":["Black Star","Fusion Hammer"],"picked":"Cursed Key"},{"not_picked":["Coffee Dripper","SacredBark"],"picked":"Busted Crown"}],"items_purged_floors":[10,14,37,42,53],"is_endless":false,"potions_floor_spawned":[4,6,9,15,16,19,22,29,30,33,36,43,45,46,49,52],"ascension_level":0}}