{"host":"2se5dq1do2gp0x9k","time":1610931328,"event":{"mods":["AchievementEnabler","BaseMod","Block Reminder","Colored Map","Colored Powertips","Minty Spire (QoL Compilation)","Relic Stats","StSLib","SuperFastMode"],"gold_per_floor":[110,120,120,135,152,181,181,213,263,296,296,133,133,7,7,7,7],"floor_reached":16,"language":"ENG","playtime":471,"items_purged":["Strike_B","Strike_B"],"score":261,"play_id":"5148a8c7-2ce8-4579-9bb9-2d9bb6cf29ac","local_time":"20210117165528","is_ascension_mode":true,"campfire_choices":[{"data":"Zap","floor":7,"key":"SMITH"},{"data":"Consume","floor":11,"key":"SMITH"},{"data":"Hologram","floor":15,"key":"SMITH"}],"circlet_count":0,"master_deck":["AscendersBane","Defend_B","Defend_B","Defend_B","Defend_B","Zap+1","Dualcast","Cold Snap","Cold Snap","Conserve Battery","Cold Snap","Compile Driver","Consume+1","Cold Snap","Electrodynamics","Hologram+1"],"relics":["Cracked Core","Toy Ornithopter","Potion Belt","Sundial","PreservedInsect","Tiny Chest"],"acts_visited":["Exordium"],"potions_floor_usage":[6,16],"damage_taken":[{"damage":0,"enemies":"2 Louse","floor":1,"turns":3},{"damage":0,"enemies":"Cultist","floor":2,"turns":3},{"damage":2,"enemies":"Jaw Worm","floor":4,"turns":3},{"damage":0,"enemies":"Looter","floor":5,"turns":4},{"damage":4,"enemies":"3 Sentries","floor":6,"turns":10},{"damage":11,"enemies":"Lagavulin","floor":8,"turns":7},{"damage":16,"enemies":"Gremlin Nob","floor":10,"turns":4},{"damage":36,"enemies":"Hexaghost","floor":16,"turns":11}],"seed_played":"2442823941070546117","potions_obtained":[{"floor":1,"key":"SteroidPotion"},{"floor":5,"key":"Fire Potion"},{"floor":10,"key":"Energy Potion"}],"is_trial":false,"path_per_floor":["M","M","?","M","M","E","R","E","T","E","R","$","?","$","R","B"],"character_chosen":"DEFECT","items_purchased":["Electrodynamics","Hologram"],"campfire_rested":0,"item_purchase_floors":[12,14],"current_hp_per_floor":[64,64,64,62,62,63,63,52,52,36,36,36,29,29,29,0,0],"gold":7,"neow_bonus":"RANDOM_COMMON_RELIC","is_daily":false,"chose_seed":false,"campfire_upgraded":3,"win_rate":0.0,"timestamp":1610931328,"path_taken":["M","M","?","M","M","E","R","E","T","E","R","?","?","$","R","BOSS"],"items_purchased_type":["Card","Card"],"build_version":"2020-12-22","purchased_purges":2,"victory":false,"max_hp_per_floor":[71,71,71,71,71,71,71,71,71,71,71,71,71,71,71,71,71],"relic_stats":{"counters":[8,45],"Sundial":[2],"Tiny Chest":0,"PreservedInsect":23,"obtain_stats":[{"Potion Belt":6,"Sundial":8,"Tiny Chest":10,"PreservedInsect":9,"Cracked Core":0,"Toy Ornithopter":0},{"Potion Belt":5,"Sundial":6,"Tiny Chest":7,"PreservedInsect":6,"Cracked Core":0,"Toy Ornithopter":0},{"Potion Belt":23,"Sundial":30,"Tiny Chest":34,"PreservedInsect":30,"Cracked Core":0,"Toy Ornithopter":0}],"Toy Ornithopter":10},"card_choices":[{"not_picked":["Rip and Tear","Gash"],"picked":"Cold Snap","floor":1},{"not_picked":["Force Field","Turbo"],"picked":"Cold Snap","floor":2},{"not_picked":["Sweeping Beam","Steam Power"],"picked":"Conserve Battery","floor":4},{"not_picked":["Steam","Thunder Strike"],"picked":"Cold Snap","floor":5},{"not_picked":["Barrage","Reinforced Body"],"picked":"Compile Driver","floor":6},{"not_picked":["Ball Lightning","Beam Cell"],"picked":"Consume","floor":8},{"not_picked":["Force Field","Storm"],"picked":"Cold Snap","floor":10}],"player_experience":3903250,"relics_obtained":[{"floor":6,"key":"Potion Belt"},{"floor":8,"key":"Sundial"},{"floor":9,"key":"PreservedInsect"},{"floor":10,"key":"Tiny Chest"}],"event_choices":[{"cards_removed":["Strike_B"],"damage_healed":0,"gold_gain":0,"player_choice":"Offered Basic","damage_taken":0,"max_hp_gain":0,"max_hp_loss":0,"event_name":"Bonfire Elementals","floor":3,"gold_loss":0},{"cards_removed":["Strike_B"],"damage_healed":0,"gold_gain":0,"player_choice":"Card Removal","damage_taken":7,"max_hp_gain":0,"max_hp_loss":0,"event_name":"Golden Wing","floor":13,"gold_loss":0}],"is_beta":false,"boss_relics":[],"items_purged_floors":[12,14],"is_endless":false,"potions_floor_spawned":[1,5,10],"killed_by":"Hexaghost","ascension_level":20}}