{"host":"8by3m8mve9y2rhh4","time":1610990571,"event":{"mods":["BaseMod","Minty Spire (QoL Compilation)","Quick Restart"],"gold_per_floor":[111,129,139,64,139,170,17,51,75,87,112,127,143,172,172,275,275,294,46,61,75,92,119,119,152,152,152,152],"floor_reached":27,"language":"ENG","playtime":1390,"items_purged":["Strike_R","Strike_R"],"score":314,"play_id":"2a28575d-53ea-42dc-9c8c-779865704784","local_time":"20210118172251","is_ascension_mode":true,"campfire_choices":[{"floor":15,"key":"REST"},{"floor":24,"key":"RECALL"}],"circlet_count":0,"master_deck":["Strike_R","Strike_R","Strike_R","Defend_R","Defend_R","Defend_R","Defend_R","Bash","Iron Wave","Cleave","Headbutt","Battle Trance","Shrug It Off","Thunderclap","Cleave","Iron Wave","Juggernaut","Shrug It Off+1","Fire Breathing+1","Headbutt","Iron Wave"],"relics":["Black Blood","Strawberry","Omamori","Anchor","Self Forming Clay","Odd Mushroom","Orrery","Sundial","Mummified Hand","Eternal Feather"],"acts_visited":["Exordium","TheCity"],"potions_floor_usage":[6,8,22,23,25,25],"damage_taken":[{"damage":6,"enemies":"Cultist","floor":1,"turns":3},{"damage":0,"enemies":"2 Louse","floor":2,"turns":3},{"damage":1,"enemies":"Small Slimes","floor":3,"turns":3},{"damage":16,"enemies":"3 Sentries","floor":6,"turns":8},{"damage":31,"enemies":"Lagavulin","floor":8,"turns":6},{"damage":0,"enemies":"Gremlin Gang","floor":10,"turns":3},{"damage":17,"enemies":"3 Sentries","floor":11,"turns":8},{"damage":0,"enemies":"Exordium Thugs","floor":12,"turns":4},{"damage":0,"enemies":"2 Fungi Beasts","floor":13,"turns":2},{"damage":18,"enemies":"The Mushroom Lair","floor":14,"turns":3},{"damage":60,"enemies":"The Guardian","floor":16,"turns":14},{"damage":22,"enemies":"2 Thieves","floor":18,"turns":4},{"damage":16,"enemies":"Chosen","floor":20,"turns":6},{"damage":16,"enemies":"Snake Plant","floor":21,"turns":5},{"damage":4,"enemies":"Shelled Parasite and Fungi","floor":22,"turns":6},{"damage":27,"enemies":"Book of Stabbing","floor":23,"turns":7},{"damage":68,"enemies":"Gremlin Leader","floor":25,"turns":12},{"damage":16,"enemies":"Book of Stabbing","floor":27,"turns":2}],"seed_played":"-1138414770818348021","potions_obtained":[{"floor":2,"key":"GamblersBrew"},{"floor":3,"key":"DuplicationPotion"},{"floor":8,"key":"SpeedPotion"},{"floor":10,"key":"EssenceOfSteel"},{"floor":16,"key":"GamblersBrew"},{"floor":20,"key":"PowerPotion"},{"floor":22,"key":"BlessingOfTheForge"}],"is_trial":false,"path_per_floor":["M","M","M","$","?","E","$","E","T","M","E","M","M","?","R","B",null,"M","$","M","M","M","E","R","E","T","E"],"character_chosen":"IRONCLAD","items_purchased":["Omamori","Orrery"],"campfire_rested":1,"item_purchase_floors":[7,19],"current_hp_per_floor":[88,88,88,88,77,74,74,49,49,55,44,50,56,44,72,18,95,85,85,81,77,85,70,70,14,14,0,0],"gold":152,"neow_bonus":"TEN_PERCENT_HP_BONUS","is_daily":false,"chose_seed":false,"campfire_upgraded":0,"win_rate":0.0,"timestamp":1610990571,"path_taken":["M","M","?","$","?","E","$","E","T","M","E","M","M","?","R","BOSS","M","$","M","M","M","E","R","E","T","E"],"items_purchased_type":["Relic","Relic"],"build_version":"2020-12-22","purchased_purges":2,"victory":false,"max_hp_per_floor":[88,88,88,88,88,95,95,95,95,95,95,95,95,95,95,95,95,95,95,95,95,95,95,95,95,95,95,95],"card_choices":[{"not_picked":["Shrug It Off","Sentinel"],"picked":"Iron Wave","floor":1},{"not_picked":["Clothesline","Evolve"],"picked":"Cleave","floor":2},{"not_picked":["Ghostly Armor","Dual Wield"],"picked":"Headbutt","floor":3},{"not_picked":["Perfected Strike","Clash"],"picked":"Battle Trance","floor":6},{"not_picked":["Seeing Red","Infernal Blade","Sentinel"],"picked":"SKIP","floor":8},{"not_picked":["Armaments","Havoc"],"picked":"Shrug It Off","floor":10},{"not_picked":["Fiend Fire","Body Slam"],"picked":"Thunderclap","floor":11},{"not_picked":["Anger","Feel No Pain","Battle Trance"],"picked":"SKIP","floor":12},{"not_picked":["Clothesline","Body Slam"],"picked":"Cleave","floor":13},{"not_picked":["Havoc","Hemokinesis"],"picked":"Iron Wave","floor":14},{"not_picked":["Reaper","Corruption"],"picked":"Juggernaut","floor":16},{"not_picked":["Anger","Twin Strike","Seeing Red"],"picked":"SKIP","floor":18},{"not_picked":["Clothesline","Pommel Strike"],"picked":"Shrug It Off+1","floor":19},{"not_picked":["Corruption","Second Wind+1"],"picked":"Fire Breathing+1","floor":19},{"not_picked":["Pommel Strike","Sword Boomerang"],"picked":"Headbutt","floor":19},{"not_picked":["Twin Strike+1","True Grit+1","Clothesline"],"picked":"SKIP","floor":20},{"not_picked":["Flex+1","Warcry","Sword Boomerang"],"picked":"SKIP","floor":21},{"not_picked":["Reaper","Feel No Pain","Clash"],"picked":"SKIP","floor":22},{"not_picked":["Shockwave","Anger"],"picked":"Iron Wave","floor":23},{"not_picked":["Blood for Blood","Burning Pact","Rupture"],"picked":"SKIP","floor":25}],"player_experience":711251,"relics_obtained":[{"floor":6,"key":"Strawberry"},{"floor":8,"key":"Anchor"},{"floor":11,"key":"Self Forming Clay"},{"floor":14,"key":"Odd Mushroom"},{"floor":23,"key":"Sundial"},{"floor":25,"key":"Mummified Hand"},{"floor":26,"key":"Eternal Feather"}],"event_choices":[{"damage_healed":0,"gold_gain":75,"player_choice":"Gather Gold","damage_taken":11,"max_hp_gain":0,"max_hp_loss":0,"event_name":"World of Goop","floor":5,"gold_loss":0},{"damage_healed":0,"gold_gain":0,"player_choice":"Fought Mushrooms","damage_taken":0,"max_hp_gain":0,"max_hp_loss":0,"event_name":"Mushrooms","floor":14,"gold_loss":0}],"is_beta":false,"boss_relics":[{"not_picked":["Ectoplasm","Coffee Dripper"],"picked":"Black Blood"}],"items_purged_floors":[4,19],"is_endless":false,"potions_floor_spawned":[2,3,8,10,16,20,21,22],"killed_by":"Book of Stabbing","ascension_level":1}}