{"host":"rjfefv2ruvigm2gb","time":1610982544,"event":{"mods":["AchievementEnabler","AlwaysNeverKeys","Arknights The Spire","BaseMod","Card Forge","Curses Come First","Displayed Cursed Tome","Evolution","Fox Events","Gold Saver","Googly Eyes","HexUI Lib","Ironclad Rager","Mad Scientist","Minty Spire (QoL Compilation)","Permanent Neow","Poor People Problems","Quick Restart","Shop Mod","StS++","StSLib","SuperFastMode","The Sage","Virulent Crown"],"gold_per_floor":[817,664,664,681,681,681,700,700,748,774,774,790,647,665,665,769,769,789,789,789,804,821,821,855,874,899,899,814,829,1029,1040,1040,1136,1136,1152,1163,1263,1273,1291,1291,1311,1311,1337,1337,1337,1337,1365,1378,1378,1378,1378,1378,1088,1113,1113],"floor_reached":56,"language":"ENG","playtime":853,"items_purged":[],"score":2318,"play_id":"516f9d23-051c-4dba-bf2a-23a6ad66abb8","local_time":"20210118090904","is_ascension_mode":true,"campfire_choices":[{"floor":6,"key":"REST"},{"floor":8,"key":"REST"},{"floor":11,"key":"REST"},{"floor":15,"key":"REST"},{"floor":23,"key":"REST"},{"floor":27,"key":"REST"},{"floor":32,"key":"REST"},{"floor":40,"key":"REST"},{"floor":46,"key":"REST"},{"floor":49,"key":"REST"},{"floor":52,"key":"REST"}],"circlet_count":0,"master_deck":["AscendersBane","Adrenaline+1","Catalyst+1","Corpse Explosion+1","Deadly Poison+1","Catalyst+1","Deadly Poison+1","Corpse Explosion+1","Adrenaline+1","Adrenaline+1","Catalyst+1","Catalyst+1","Adrenaline+1","Catalyst+1","Adrenaline+1","Catalyst+1","Adrenaline+1","Catalyst+1","Adrenaline+1","Catalyst+1","Adrenaline+1"],"relics":["Ring of the Snake","Hammer of Thor","Seething Fire","Anvil of the Gods","EVO:Axolotl","Strange Spoon","Smiling Mask","Frozen Egg 2","Orichalcum","SacredBark","Peace Pipe","Oddly Smooth Stone","Art of War","Fusion Hammer","StSpp:SailingBoat","CaptainsWheel","Akabeko"],"acts_visited":["Exordium","TheCity","TheBeyond","TheEnding"],"potions_floor_usage":[55,55],"damage_taken":[{"damage":0,"enemies":"Jaw Worm","floor":1,"turns":1},{"damage":0,"enemies":"Cultist","floor":4,"turns":1},{"damage":6,"enemies":"Small Slimes","floor":7,"turns":2},{"damage":0,"enemies":"3 Sentries","floor":10,"turns":1},{"damage":0,"enemies":"Exordium Wildlife","floor":12,"turns":1},{"damage":0,"enemies":"Exordium Thugs","floor":14,"turns":2},{"damage":0,"enemies":"Hexaghost","floor":16,"turns":1},{"damage":0,"enemies":"Shell Parasite","floor":18,"turns":1},{"damage":0,"enemies":"2 Thieves","floor":21,"turns":1},{"damage":0,"enemies":"Sentry and Sphere","floor":22,"turns":1},{"damage":0,"enemies":"Gremlin Leader","floor":24,"turns":1},{"damage":0,"enemies":"Shelled Parasite and Fungi","floor":25,"turns":1},{"damage":0,"enemies":"Cultist and Chosen","floor":29,"turns":1},{"damage":0,"enemies":"Snake Plant","floor":31,"turns":1},{"damage":0,"enemies":"Automaton","floor":33,"turns":1},{"damage":0,"enemies":"3 Darklings","floor":35,"turns":1},{"damage":0,"enemies":"3 Shapes","floor":36,"turns":1},{"damage":0,"enemies":"Spire Growth","floor":38,"turns":1},{"damage":0,"enemies":"Jaw Worm Horde","floor":39,"turns":1},{"damage":0,"enemies":"4 Shapes","floor":41,"turns":1},{"damage":12,"enemies":"Reptomancer","floor":47,"turns":2},{"damage":0,"enemies":"Transient","floor":48,"turns":1},{"damage":0,"enemies":"Donu and Deca","floor":50,"turns":1},{"damage":0,"enemies":"Shield and Spear","floor":54,"turns":1},{"damage":17,"enemies":"The Heart","floor":55,"turns":3}],"seed_played":"783722673785759639","potions_obtained":[{"floor":7,"key":"LiquidBronze"},{"floor":16,"key":"GhostInAJar"}],"is_trial":false,"path_per_floor":["M","$","?","M","?","R","M","R","T","E","R","M","$","M","R","B",null,"M","?","?","M","M","R","E","M","T","R","?","M","?","M","R","B",null,"M","M","?","M","M","R","M","$","T","?","?","R","E","M","R","B",null,"R","$","E","B",null],"character_chosen":"THE_SILENT","items_purchased":["Strange Spoon","Orichalcum","CaptainsWheel"],"campfire_rested":11,"item_purchase_floors":[2,13,53],"current_hp_per_floor":[70,70,70,70,75,82,76,82,82,82,82,82,82,82,82,82,82,82,82,82,82,82,82,82,82,82,82,82,82,82,82,82,82,82,82,82,82,82,82,82,82,82,82,78,78,78,66,66,78,78,78,78,78,78,61],"gold":1113,"neow_bonus":"TEN_PERCENT_HP_BONUS","is_daily":false,"chose_seed":false,"campfire_upgraded":0,"win_rate":0.0,"timestamp":1610982544,"path_taken":["M","$","?","M","?","R","?","R","T","E","R","M","?","M","R","BOSS","M","?","?","?","?","R","E","M","T","R","?","M","?","M","R","BOSS","M","?","?","?","M","R","M","?","T","?","?","R","E","M","R","BOSS","R","$","E","BOSS"],"items_purchased_type":["Relic","Relic","Relic"],"build_version":"2020-12-22","purchased_purges":0,"victory":true,"max_hp_per_floor":[77,77,77,77,82,82,82,82,82,82,82,82,82,82,82,82,82,82,82,82,82,82,82,82,82,82,82,82,82,82,82,82,82,82,82,82,82,82,82,82,82,82,82,78,78,78,78,78,78,78,78,78,78,78,78],"card_choices":[{"not_picked":["Backflip","Noxious Fumes","Endless Agony"],"picked":"SKIP","floor":1},{"not_picked":["Reflex","Masterful Stab","Bane"],"picked":"SKIP","floor":4},{"not_picked":["Dagger Throw","Outmaneuver","Acrobatics"],"picked":"SKIP","floor":7},{"not_picked":["Night Terror","Footwork+1","Envenom+1"],"picked":"SKIP","floor":10},{"not_picked":["Underhanded Strike","Noxious Fumes+1","PiercingWail"],"picked":"SKIP","floor":12},{"not_picked":["Underhanded Strike","StSpp:Anticipation","Backflip"],"picked":"SKIP","floor":14},{"not_picked":["Dodge and Roll","Deflect","StSpp:Anticipation"],"picked":"SKIP","floor":18},{"not_picked":["Dodge and Roll","Dash","Slice+1"],"picked":"SKIP","floor":21},{"not_picked":["Caltrops+1","Dash","Slice"],"picked":"SKIP","floor":22},{"not_picked":["Outmaneuver","Sucker Punch+1","Terror"],"picked":"SKIP","floor":24},{"not_picked":["Calculated Gamble","Blade Dance","Dagger Throw"],"picked":"SKIP","floor":25},{"not_picked":["Skewer+1","Infinite Blades+1","Cloak And Dagger"],"picked":"SKIP","floor":29},{"not_picked":["Acrobatics","Bane","Underhanded Strike+1"],"picked":"SKIP","floor":31},{"not_picked":["Dagger Spray","Reflex","Slice"],"picked":"SKIP","floor":35},{"not_picked":["Tactician+1","StSpp:Dive","Quick Slash+1"],"picked":"SKIP","floor":36},{"not_picked":["PiercingWail+1","Quick Slash","Blur+1"],"picked":"SKIP","floor":38},{"not_picked":["Dagger Spray+1","All Out Attack+1","Poisoned Stab"],"picked":"SKIP","floor":39},{"not_picked":["StSpp:Dive","Reflex+1","Masterful Stab"],"picked":"SKIP","floor":41},{"not_picked":["Finisher","Deflect","Slice"],"picked":"SKIP","floor":47},{"not_picked":["Acrobatics","StSpp:Throw","Poisoned Stab"],"picked":"SKIP","floor":48},{"not_picked":["Noxious Fumes+1","Sucker Punch","Backflip"],"picked":"SKIP","floor":54}],"player_experience":998667,"relics_obtained":[{"floor":9,"key":"Smiling Mask"},{"floor":10,"key":"Frozen Egg 2"},{"floor":24,"key":"Peace Pipe"},{"floor":26,"key":"Oddly Smooth Stone"},{"floor":47,"key":"StSpp:SailingBoat"},{"floor":54,"key":"Akabeko"}],"event_choices":[{"damage_healed":0,"gold_gain":0,"player_choice":"Leave","damage_taken":0,"max_hp_gain":0,"max_hp_loss":0,"event_name":"The Cleric","floor":3,"gold_loss":0},{"damage_healed":0,"gold_gain":0,"player_choice":"Donut","damage_taken":0,"max_hp_gain":5,"max_hp_loss":0,"event_name":"Big Fish","floor":5,"gold_loss":0},{"damage_healed":0,"gold_gain":0,"player_choice":"Ignored","damage_taken":0,"max_hp_gain":0,"max_hp_loss":0,"event_name":"Ghosts","floor":19,"gold_loss":0},{"damage_healed":0,"gold_gain":0,"player_choice":"Ignored","damage_taken":0,"max_hp_gain":0,"max_hp_loss":0,"event_name":"WeMeetAgain","floor":20,"gold_loss":0},{"damage_healed":0,"gold_gain":0,"player_choice":"Obtained Relic","damage_taken":0,"relics_obtained":["Art of War"],"max_hp_gain":0,"max_hp_loss":0,"event_name":"Addict","floor":28,"gold_loss":85},{"damage_healed":0,"gold_gain":250,"player_choice":"Bet on Owner","damage_taken":0,"max_hp_gain":0,"max_hp_loss":0,"event_name":"The Joust","floor":30,"gold_loss":50},{"damage_healed":0,"gold_gain":100,"player_choice":"Pray","damage_taken":0,"max_hp_gain":0,"max_hp_loss":0,"event_name":"Golden Shrine","floor":37,"gold_loss":0},{"damage_healed":0,"gold_gain":0,"player_choice":"Max HP","damage_taken":0,"max_hp_gain":0,"max_hp_loss":4,"event_name":"Winding Halls","floor":44,"gold_loss":0},{"damage_healed":0,"gold_gain":0,"player_choice":"Memory 1","damage_taken":0,"max_hp_gain":0,"max_hp_loss":0,"event_name":"SensoryStone","floor":45,"gold_loss":0}],"is_beta":false,"boss_relics":[{"not_picked":["Pandora\u0027s Box","StSpp:CrystalBall"],"picked":"SacredBark"},{"not_picked":["Empty Cage","StSpp:Balance"],"picked":"Fusion Hammer"}],"items_purged_floors":[],"is_endless":false,"potions_floor_spawned":[7,10,12,14,16,18,24,29,33,36,39,47,48],"ascension_level":12}}