{"host":"yb8bkkdvr1qiclnk","time":1610960930,"event":{"mods":["BaseMod","Colored Map","Colored Powertips","DeckTracker","Faster Ascension Climbing","Highlight Path","Minty Spire (QoL Compilation)","Quick Restart","Relic Stats","UnlockEverythingMod"],"gold_per_floor":[118,118,132,49,49,49,84,159,159,159,159,159],"floor_reached":11,"language":"ENG","playtime":236,"items_purged":[],"score":188,"play_id":"df486651-0e90-4a6e-9b33-01b5a37ff314","local_time":"20210118040850","is_ascension_mode":true,"campfire_choices":[{"data":"DevaForm","floor":6,"key":"SMITH"},{"floor":10,"key":"DIG"}],"circlet_count":0,"master_deck":["AscendersBane","Strike_P","Strike_P","Strike_P","Defend_P","Defend_P","Defend_P","Defend_P","Eruption","Vigilance","JustLucky","ThirdEye","Meditate","DevaForm+1","TalkToTheHand"],"relics":["PureWater","NeowsBlessing","InkBottle","Shovel","Boot"],"acts_visited":["Exordium"],"potions_floor_usage":[11],"damage_taken":[{"damage":0,"enemies":"Small Slimes","floor":1,"turns":1},{"damage":0,"enemies":"2 Louse","floor":3,"turns":1},{"damage":0,"enemies":"3 Sentries","floor":7,"turns":2},{"damage":46,"enemies":"Gremlin Nob","floor":11,"turns":4}],"seed_played":"5249129784302226589","potions_obtained":[{"floor":1,"key":"EssenceOfSteel"}],"is_trial":false,"path_per_floor":["M","?","M","$","?","R","E","?","T","R","E"],"character_chosen":"WATCHER","items_purchased":["Meditate"],"campfire_rested":0,"item_purchase_floors":[4],"current_hp_per_floor":[61,43,43,43,43,43,43,32,32,32,0,0],"gold":159,"neow_bonus":"THREE_ENEMY_KILL","is_daily":false,"chose_seed":false,"campfire_upgraded":1,"win_rate":0.0,"timestamp":1610960930,"path_taken":["M","?","M","$","?","R","E","?","T","R","E"],"items_purchased_type":["Card"],"build_version":"2020-12-22","purchased_purges":0,"victory":false,"max_hp_per_floor":[68,68,68,68,68,68,68,68,68,68,68,68],"relic_stats":{"Shovel":1,"counters":[4,8],"Boot":[4],"obtain_stats":[{"Shovel":7,"NeowsBlessing":0,"PureWater":0,"Boot":10,"InkBottle":2},{"Shovel":3,"NeowsBlessing":0,"PureWater":0,"Boot":3,"InkBottle":1},{"Shovel":4,"NeowsBlessing":0,"PureWater":0,"Boot":4,"InkBottle":1}],"InkBottle":[2]},"card_choices":[{"not_picked":["Perseverance","BattleHymn"],"picked":"JustLucky","floor":1},{"not_picked":["Evaluate","Perseverance"],"picked":"ThirdEye","floor":3},{"not_picked":["ThirdEye","EmptyBody"],"picked":"TalkToTheHand","floor":7}],"player_experience":52227,"relics_obtained":[{"floor":7,"key":"Shovel"},{"floor":10,"key":"Boot"}],"event_choices":[{"damage_healed":0,"gold_gain":0,"player_choice":"Success","damage_taken":18,"relics_obtained":["InkBottle"],"max_hp_gain":0,"max_hp_loss":0,"event_name":"Scrap Ooze","floor":2,"gold_loss":0},{"damage_healed":0,"gold_gain":0,"cards_transformed":["Strike_P"],"player_choice":"Change","damage_taken":0,"max_hp_gain":0,"max_hp_loss":0,"event_name":"Living Wall","floor":5,"gold_loss":0,"cards_obtained":["DevaForm"]},{"damage_healed":0,"gold_gain":75,"player_choice":"Gather Gold","damage_taken":11,"max_hp_gain":0,"max_hp_loss":0,"event_name":"World of Goop","floor":8,"gold_loss":0}],"is_beta":false,"boss_relics":[],"items_purged_floors":[],"is_endless":false,"potions_floor_spawned":[1],"killed_by":"Gremlin Nob","ascension_level":20}}