{"host":"3xls0xm49ftugio7","time":1610986140,"event":{"mods":["2.2 Compatiblity","AchievementEnabler","Act Like it!","BaseMod","Colored Powertips","Downfall","GifTheSpireLib","Minty Spire (QoL Compilation)","Quick Restart","Relic Stats","StSLib"],"gold_per_floor":[99,111,125,36,136,136,136,174,192,211,239,259,252,271,285,392,392,392,419,441,441,459,567,567,567,44,44,44,44,44,90,114,220,220,220,236,236,264,284,184,233,276,176,216,231,131,180,54,75,75,75,75,75,75],"floor_reached":52,"language":"ENG","playtime":4251,"items_purged":[],"score":931,"play_id":"49912d11-0760-44ec-9ce9-3414f2a7a0a3","local_time":"20210118180900","is_ascension_mode":true,"campfire_choices":[{"data":"hexamod:Sear","floor":1.0,"key":"SMITH"},{"data":"hexamod:SpectralSpark","floor":6.0,"key":"SMITH"},{"data":"hexamod:ForkedFlame","floor":18,"key":"SMITH"},{"floor":25,"key":"REST"},{"data":"hexamod:SpectralAdrenaline","floor":27,"key":"SMITH"},{"floor":30,"key":"REST"},{"floor":35,"key":"RECALL"},{"data":"hexamod:Haunt","floor":40,"key":"SMITH"},{"floor":43,"key":"REST"},{"floor":46,"key":"REST"}],"circlet_count":0,"master_deck":["hexamod:Defend","hexamod:Defend","hexamod:Defend","hexamod:Defend+1","hexamod:Sear+1","hexamod:Float+1","hexamod:FlamesFromBeyond","hexamod:ShieldOfDarkness","hexamod:SecondSeal","hexamod:SpectralSpark+1","hexamod:SoulSteal+1","hexamod:RetreatToShadows","hexamod:FourthSeal","hexamod:StepThrough+1","hexamod:Incineration+1","hexamod:ExtraCrispy","hexamod:ForkedFlame+1","hexamod:GhostOfSpirePresent+1","hexamod:GhostOfSpirePast+1","hexamod:RecurringNightmare+1","hexamod:Haunt+1","hexamod:FirstSeal","hexamod:EmpoweredFlame","hexamod:SpectralAdrenaline+1","Flash of Steel","hexamod:PhantomCloak+1","hexamod:GhostflameBarrier+1","hexamod:TimeWarp","hexamod:PhantomFireball","hexamod:GhostflameBarrier+1","hexamod:SpectersWail+1","hexamod:NightmareGuise+1","hexamod:InspiringFlames+1","hexamod:SixthSeal","hexamod:ChargedBarrage+1","hexamod:RadiantFlame+1","hexamod:FastForward","hexamod:HeatShield+1","hexamod:Haunt"],"relics":["hexamod:SpiritBrand","Akabeko","The Courier","Odd Mushroom","Lantern","Astrolabe","MutagenicStrength","Bottled Lightning","Pantograph","hexamod:BolsterEngine","Question Card","OrangePellets","Bronze Scales","SacredBark","hexamod:InflammatoryLetter","downfall:HeartBlessingRed","Omamori","downfall:HeartBlessingBlue","Boot","downfall:HeartBlessingGreen","sneckomod:BlankCard","hexamod:MatchstickCase"],"acts_visited":["Exordium","TheCity","TheBeyond","TheEnding"],"potions_floor_usage":[16,20,22,38,39,45,45,50,52],"damage_taken":[{"damage":0.0,"enemies":"Cultist","floor":2.0,"turns":3.0},{"damage":3.0,"enemies":"2 Louse","floor":3.0,"turns":3.0},{"damage":0.0,"enemies":"downfall:FleeingMerchant","floor":4.0,"turns":4.0},{"damage":15.0,"enemies":"3 Sentries","floor":8.0,"turns":7.0},{"damage":2.0,"enemies":"Jaw Worm","floor":9.0,"turns":3.0},{"damage":8.0,"enemies":"Blue Slaver","floor":10.0,"turns":3.0},{"damage":6.0,"enemies":"The Mushroom Lair","floor":11.0,"turns":3.0},{"damage":13.0,"enemies":"Large Slime","floor":12.0,"turns":3.0},{"damage":6.0,"enemies":"downfall:FleeingMerchant","floor":13.0,"turns":4.0},{"damage":3.0,"enemies":"downfall:FleeingMerchant","floor":14.0,"turns":4.0},{"damage":0,"enemies":"2 Fungi Beasts","floor":15,"turns":2},{"damage":17,"enemies":"IC_STATUS_ARCHETYPE","floor":16,"turns":7},{"damage":17,"enemies":"3 Byrds","floor":19,"turns":3},{"damage":20,"enemies":"Snecko","floor":20,"turns":5},{"damage":12,"enemies":"Shelled Parasite and Fungi","floor":22,"turns":3},{"damage":27,"enemies":"downfall:Augmenter","floor":23,"turns":6},{"damage":18,"enemies":"downfall:FleeingMerchant","floor":26,"turns":4},{"damage":0,"enemies":"downfall:FleeingMerchant","floor":31,"turns":3},{"damage":0,"enemies":"Centurion and Healer","floor":32,"turns":4},{"damage":64,"enemies":"WA_ARCHETYPE_CALM","floor":33,"turns":9},{"damage":9,"enemies":"3 Shapes","floor":36,"turns":3},{"damage":3,"enemies":"Orb Walker","floor":38,"turns":3},{"damage":22,"enemies":"Sphere and 2 Shapes","floor":39,"turns":4},{"damage":27,"enemies":"Reptomancer","floor":42,"turns":5},{"damage":12,"enemies":"Nemesis","floor":44,"turns":9},{"damage":0,"enemies":"Jaw Worm Horde","floor":45,"turns":2},{"damage":6,"enemies":"Maw","floor":49,"turns":6},{"damage":39,"enemies":"DF_ARCHETYPE_ORBS","floor":50,"turns":9},{"damage":82,"enemies":"downfall:CharBossMerchant","floor":52,"turns":6}],"seed_played":"12951236735466553","potions_obtained":[{"floor":2.0,"key":"champ:CounterPotion"},{"floor":10.0,"key":"Guardian:BlockOnCardUsePotion"},{"floor":12.0,"key":"PowerPotion"},{"floor":12.0,"key":"LiquidMemories"},{"floor":13.0,"key":"hexamod:SoulburnPotion"},{"floor":15,"key":"hexamod:SoulburnPotion"},{"floor":16,"key":"hexamod:InfernoChargePotion"},{"floor":22,"key":"EssenceOfSteel"},{"floor":22,"key":"Explosive Potion"},{"floor":33,"key":"DuplicationPotion"},{"floor":38,"key":"DistilledChaos"},{"floor":39,"key":"FearPotion"},{"floor":44,"key":"SpeedPotion"},{"floor":45,"key":"SkillPotion"},{"floor":49,"key":"Swift Potion"}],"is_trial":false,"path_per_floor":["R","M","M","$","?","R","T","E","M","M","?","M","$","$","M","B",null,"R","M","M","?","M","?","T","R","$","R","?","T","R","$","M","B",null,"R","M","?","M","M","R","T","E","R","E","M","R","?","$","M","B",null,"E"],"character_chosen":"THE_SPIRIT","items_purchased":["hexamod:SpectralSpark","Pantograph","hexamod:BolsterEngine","hexamod:TimeWarp","hexamod:PhantomFireball","hexamod:SpectersWail","hexamod:NightmareGuise","OrangePellets","Bronze Scales","hexamod:MatchstickCase"],"campfire_rested":4,"item_purchase_floors":[4,26,26,26,26,31,31,31,31,48],"current_hp_per_floor":[77,77,74,74,74,74,74,59,57,49,43,30,24,21,21,4,59,59,42,22,47,42,22,22,45,27,27,27,27,50,57,57,20,63,63,61,61,65,50,50,50,23,59,47,47,73,73,73,74,48,77,0,0,0],"gold":75,"neow_bonus":"TEN_PERCENT_HP_BONUS","is_daily":false,"chose_seed":false,"campfire_upgraded":5,"win_rate":0.0,"timestamp":1610986140,"path_taken":["R","M","M","$","?","R","T","E","M","M","?","M","?","?","M","BOSS","R","M","M","?","M","?","T","R","$","R","?","?","R","?","M","BOSS","R","M","?","?","M","R","T","E","R","E","M","R","?","$","M","BOSS","E"],"items_purchased_type":["Card","Relic","Relic","Card","Card","Card","Card","Relic","Relic","Relic"],"build_version":"2020-12-22","purchased_purges":0,"victory":false,"max_hp_per_floor":[77,77,77,77,77,77,77,77,77,77,77,77,77,77,77,77,77,77,77,77,77,77,77,77,77,77,77,77,77,77,77,77,77,77,77,77,77,77,77,77,77,77,87,87,87,87,87,87,87,87,87,87,87,87],"relic_stats":{"OrangePellets":[13],"counters":[29,130],"Astrolabe":["hexamod:GhostOfSpirePresent","hexamod:GhostOfSpirePast","hexamod:RecurringNightmare"],"Pantograph":33,"Bronze Scales":[92],"Question Card":10,"Boot":[5],"obtain_stats":[{"Lantern":14,"downfall:HeartBlessingRed":40,"Astrolabe":17,"SacredBark":34,"sneckomod:BlankCard":47,"downfall:HeartBlessingGreen":46,"The Courier":8,"hexamod:InflammatoryLetter":37,"Omamori":42,"Odd Mushroom":11,"Question Card":29,"Boot":44,"Akabeko":7,"hexamod:MatchstickCase":48,"OrangePellets":31,"downfall:HeartBlessingBlue":43,"MutagenicStrength":23,"Pantograph":26,"Bronze Scales":31,"Bottled Lightning":24,"hexamod:BolsterEngine":26,"hexamod:SpiritBrand":0},{"Lantern":10,"downfall:HeartBlessingRed":23,"Astrolabe":12,"SacredBark":20,"sneckomod:BlankCard":26,"downfall:HeartBlessingGreen":26,"The Courier":4,"hexamod:InflammatoryLetter":21,"Omamori":24,"Odd Mushroom":7,"Question Card":17,"Boot":25,"Akabeko":3,"hexamod:MatchstickCase":26,"OrangePellets":18,"downfall:HeartBlessingBlue":24,"MutagenicStrength":16,"Pantograph":17,"Bronze Scales":18,"Bottled Lightning":16,"hexamod:BolsterEngine":17,"hexamod:SpiritBrand":0},{"Lantern":37,"downfall:HeartBlessingRed":93,"Astrolabe":46,"SacredBark":83,"sneckomod:BlankCard":109,"downfall:HeartBlessingGreen":109,"The Courier":17,"hexamod:InflammatoryLetter":86,"Omamori":98,"Odd Mushroom":26,"Question Card":67,"Boot":107,"Akabeko":10,"hexamod:MatchstickCase":109,"OrangePellets":70,"downfall:HeartBlessingBlue":98,"MutagenicStrength":63,"Pantograph":67,"Bronze Scales":70,"Bottled Lightning":63,"hexamod:BolsterEngine":67,"hexamod:SpiritBrand":0}]},"card_choices":[{"not_picked":["hexamod:SpectralAdrenaline","hexamod:SpectersWail"],"picked":"hexamod:FlamesFromBeyond","floor":2.0},{"not_picked":["hexamod:FlamesFromBeyond","hexamod:HeatMetal"],"picked":"hexamod:ShieldOfDarkness","floor":3.0},{"not_picked":["hexamod:PowerFromBeyond","hexamod:GhostLash"],"picked":"hexamod:SecondSeal","floor":4.0},{"not_picked":["hexamod:HauntingEcho","hexamod:FlamesFromBeyond"],"picked":"hexamod:SoulSteal","floor":8.0},{"not_picked":["hexamod:NightmareStrike","hexamod:StepThrough"],"picked":"hexamod:RetreatToShadows","floor":9.0},{"not_picked":["hexamod:Rewind","hexamod:NightmareStrike","hexamod:HeatMetal"],"picked":"SKIP","floor":10.0},{"not_picked":["hexamod:NightmareGuise","hexamod:SkipABeat"],"picked":"hexamod:FourthSeal","floor":11.0},{"not_picked":["hexamod:GhostShield","hexamod:BacktrackSmack"],"picked":"hexamod:StepThrough","floor":12.0},{"not_picked":["hexamod:RadiantFlame","hexamod:Toasty"],"picked":"hexamod:Incineration","floor":13.0},{"not_picked":["hexamod:Firestarter","hexamod:NightmareGuise"],"picked":"hexamod:ExtraCrispy","floor":15},{"not_picked":["hexamod:FlameSwitch","hexamod:ApocalypseNow"],"picked":"hexamod:ForkedFlame","floor":16},{"not_picked":["hexamod:FirstSeal","hexamod:SuperheatedStrike"],"picked":"hexamod:Haunt","floor":19},{"not_picked":["hexamod:CatchUp+1","hexamod:GhostOfSpireFuture"],"picked":"hexamod:FirstSeal","floor":20},{"not_picked":["hexamod:SwordOfDarkness","hexamod:BacktrackSmack"],"picked":"hexamod:EmpoweredFlame","floor":22},{"not_picked":[],"picked":"J.A.X.","floor":23},{"not_picked":["hexamod:BurningTouch","hexamod:ShieldOfDarkness"],"picked":"hexamod:SpectralAdrenaline","floor":23},{"not_picked":["hexamod:Haunt","hexamod:GhostLash+1"],"picked":"hexamod:GhostflameBarrier+1","floor":26},{"not_picked":["hexamod:SpectersWail","hexamod:ThermalTransfer","hexamod:ExtraCrispy+1"],"picked":"hexamod:GhostflameBarrier+1","floor":31},{"not_picked":["hexamod:GhostLash","hexamod:EtherealExpedition","hexamod:DynamicBlow"],"picked":"hexamod:InspiringFlames+1","floor":32},{"not_picked":["hexamod:ParanormalForm","hexamod:FlameSwitch","hexamod:VolcanoVisage"],"picked":"hexamod:SixthSeal","floor":33},{"not_picked":["hexamod:SuperheatedStrike+1","hexamod:AdvancingGuard","hexamod:InspiringFlames+1"],"picked":"hexamod:ChargedBarrage+1","floor":36},{"not_picked":["hexamod:HauntingEcho+1","hexamod:ThermalTransfer","hexamod:SuperheatedStrike"],"picked":"hexamod:RadiantFlame+1","floor":38},{"not_picked":["hexamod:SecondSeal","hexamod:ThirdSeal","hexamod:RetreatToShadows+1"],"picked":"hexamod:FastForward","floor":39},{"not_picked":["hexamod:ParanormalForm","hexamod:Incineration+1","hexamod:ChargedBarrage+1"],"picked":"hexamod:HeatShield+1","floor":42},{"not_picked":["hexamod:RadiantFlame","hexamod:ThermalTransfer","hexamod:SpectersWail"],"picked":"hexamod:Haunt","floor":44},{"not_picked":["hexamod:SoulSteal","hexamod:SpectersWail","hexamod:BurningTouch","hexamod:ExtraCrispy+1"],"picked":"SKIP","floor":45},{"not_picked":["hexamod:NecessarySacrifice","hexamod:BurningTouch+1","hexamod:ThirdSeal","hexamod:AdvancingGuard"],"picked":"SKIP","floor":49}],"player_experience":906802,"relics_obtained":[{"floor":7.0,"key":"Akabeko"},{"floor":8.0,"key":"The Courier"},{"floor":11.0,"key":"Odd Mushroom"},{"floor":14,"key":"Lantern"},{"floor":23,"key":"MutagenicStrength"},{"floor":24,"key":"Bottled Lightning"},{"floor":29,"key":"Question Card"},{"floor":37,"key":"hexamod:InflammatoryLetter"},{"floor":42,"key":"Omamori"},{"floor":44,"key":"Boot"},{"floor":47,"key":"sneckomod:BlankCard"}],"event_choices":[{"damage_healed":0.0,"max_hp_gain":0.0,"max_hp_loss":0.0,"gold_gain":0.0,"event_name":"Mushrooms","player_choice":"Fought Mushrooms","floor":11.0,"gold_loss":0.0,"damage_taken":0.0},{"damage_healed":25,"gold_gain":0,"player_choice":"Heal","damage_taken":0,"max_hp_gain":0,"max_hp_loss":0,"event_name":"The Library","floor":21,"gold_loss":0},{"damage_healed":0,"gold_gain":0,"player_choice":"Relic","damage_taken":0,"max_hp_gain":0,"max_hp_loss":0,"event_name":"Wheel of Change","floor":37,"gold_loss":0}],"is_beta":false,"boss_relics":[{"not_picked":["expansioncontent:StudyCardRelic","Sozu"],"picked":"Astrolabe"},{"not_picked":["Empty Cage","Cursed Key"],"picked":"SacredBark"}],"items_purged_floors":[],"is_endless":false,"potions_floor_spawned":[2,10,12,16,19,22,32,38,39,45],"killed_by":"downfall:CharBossMerchant","ascension_level":5}}