{"host":"91blwi3hgehj6ch9","time":1610965434,"event":{"mods":["2.2 Compatiblity","AchievementEnabler","BaseMod","Colored Map","DeckTracker","Keyboard Shortcuts","Marisa£¨Ùöéë¡¡Øª×âÞÞ£©","Minty Spire (QoL Compilation)","Permanent Neow","Quick Restart","StSLib","SuperFastMode","everything is the same but u backflip on backflip"],"gold_per_floor":[115,115,135,135,135,160,172,203,203,203,128,128,138,149,149,226,226,237,257,21,21,21,51,51,78,78,90,90,107,120,120,120,120,120],"floor_reached":33,"language":"KOR","playtime":1045,"items_purged":["Strike_G"],"score":621,"play_id":"012e94d1-eb77-4597-90f7-807525cb2c91","local_time":"20210118192354","is_ascension_mode":true,"campfire_choices":[{"data":"Bouncing Flask","floor":10.0,"key":"SMITH"},{"data":"Crippling Poison","floor":12.0,"key":"SMITH"},{"data":"Dodge and Roll","floor":15,"key":"SMITH"},{"data":"Catalyst","floor":24,"key":"SMITH"},{"data":"Burst","floor":28,"key":"SMITH"},{"data":"Night Terror","floor":32,"key":"SMITH"}],"circlet_count":0,"master_deck":["AscendersBane","Strike_G","Strike_G","Strike_G","Defend_G","Defend_G","Defend_G","Defend_G","Survivor","Neutralize","Quick Slash","Crippling Poison+1","Bouncing Flask+1","Dodge and Roll+1","Escape Plan","Catalyst+1","Burst+1","Dodge and Roll","Night Terror+1","Acrobatics+1","Leg Sweep","Deadly Poison"],"relics":["Ring of the Snake","Dead Branch","Prayer Wheel","CaptainsWheel","Sozu","Bag of Preparation","Nloth\u0027s Gift","Akabeko","MealTicket","Tingsha"],"acts_visited":["Exordium","TheCity"],"potions_floor_usage":[25],"damage_taken":[{"damage":0.0,"enemies":"2 Louse","floor":1.0,"turns":1.0},{"damage":0.0,"enemies":"Small Slimes","floor":3.0,"turns":1.0},{"damage":0.0,"enemies":"Gremlin Nob","floor":6.0,"turns":1.0},{"damage":4.0,"enemies":"Jaw Worm","floor":7.0,"turns":5.0},{"damage":11.0,"enemies":"3 Sentries","floor":8.0,"turns":8.0},{"damage":3.0,"enemies":"2 Fungi Beasts","floor":13.0,"turns":2.0},{"damage":16,"enemies":"Gremlin Gang","floor":14,"turns":4},{"damage":3,"enemies":"The Guardian","floor":16,"turns":10},{"damage":0,"enemies":"Chosen","floor":18,"turns":4},{"damage":0,"enemies":"3 Byrds","floor":19,"turns":4},{"damage":4,"enemies":"Book of Stabbing","floor":23,"turns":5},{"damage":18,"enemies":"Slavers","floor":25,"turns":4},{"damage":0,"enemies":"3 Cultists","floor":27,"turns":3},{"damage":0,"enemies":"Chosen and Byrds","floor":29,"turns":4},{"damage":2,"enemies":"Snake Plant","floor":30,"turns":3},{"damage":79,"enemies":"Automaton","floor":33,"turns":6}],"seed_played":"2879995785921587175","potions_obtained":[{"floor":1.0,"key":"Fruit Juice"},{"floor":7.0,"key":"Energy Potion"},{"floor":16,"key":"LiquidMemories"}],"is_trial":false,"path_per_floor":["M","?","M","?","?","E","M","E","T","R","?","R","M","M","R","B",null,"M","M","$","?","?","E","R","E","T","M","R","M","M","?","R","B"],"character_chosen":"THE_SILENT","items_purchased":["Bag of Preparation"],"campfire_rested":0,"item_purchase_floors":[20],"current_hp_per_floor":[59,52,52,52,57,57,53,47,47,47,47,47,44,28,28,25,63,63,63,63,63,63,59,59,41,41,41,41,41,39,76,76,0,0],"gold":120,"neow_bonus":"THREE_ENEMY_KILL","is_daily":false,"chose_seed":false,"campfire_upgraded":6,"win_rate":0.0,"timestamp":1610965434,"path_taken":["M","?","M","?","?","E","M","E","T","R","?","R","M","M","R","BOSS","M","M","$","?","?","E","R","E","T","M","R","M","?","?","R","BOSS"],"items_purchased_type":["Relic"],"build_version":"2020-12-22","purchased_purges":1,"victory":false,"max_hp_per_floor":[66,66,66,66,71,71,71,76,76,76,76,76,76,76,76,76,76,76,76,76,76,76,76,76,76,76,76,76,76,76,76,76,76,76],"card_choices":[{"not_picked":["Finisher","Poisoned Stab"],"picked":"Riddle With Holes","floor":1.0},{"not_picked":["Footwork","Slice"],"picked":"Quick Slash","floor":3.0},{"not_picked":["Blur","Storm of Steel"],"picked":"Crippling Poison","floor":6.0},{"not_picked":["Underhanded Strike","Bane","Cloak And Dagger"],"picked":"SKIP","floor":7.0},{"not_picked":["Blade Dance","After Image"],"picked":"Bouncing Flask","floor":8.0},{"not_picked":["Bane","Predator"],"picked":"Dodge and Roll","floor":13},{"not_picked":["Finisher","Cloak And Dagger","Predator"],"picked":"SKIP","floor":13},{"not_picked":["Deflect","Acrobatics"],"picked":"Escape Plan","floor":14},{"not_picked":["Doppelganger","Outmaneuver"],"picked":"Catalyst","floor":14},{"not_picked":["Venomology","Glass Knife"],"picked":"Burst","floor":16},{"not_picked":["Expertise","Sucker Punch+1","Distraction"],"picked":"SKIP","floor":18},{"not_picked":["Prepared","Choke","Quick Slash"],"picked":"SKIP","floor":18},{"not_picked":["Finisher","Tactician+1"],"picked":"Dodge and Roll","floor":19},{"not_picked":["Bane","Endless Agony","All Out Attack"],"picked":"SKIP","floor":19},{"not_picked":["Tactician+1","Riddle With Holes","Dagger Spray"],"picked":"SKIP","floor":23},{"not_picked":["Distraction","Unload"],"picked":"Night Terror","floor":25},{"not_picked":["Sucker Punch","Caltrops"],"picked":"Acrobatics+1","floor":27},{"not_picked":["Dagger Spray","Infinite Blades","Distraction"],"picked":"SKIP","floor":27},{"not_picked":["Backstab+1","All Out Attack+1"],"picked":"Leg Sweep","floor":29},{"not_picked":["Predator+1","Dodge and Roll","Malaise"],"picked":"SKIP","floor":29},{"not_picked":["Slice","PiercingWail"],"picked":"Deadly Poison","floor":30},{"not_picked":["Flying Knee","Die Die Die","Slice"],"picked":"SKIP","floor":30}],"player_experience":188499,"relics_obtained":[{"floor":6.0,"key":"Dead Branch"},{"floor":8.0,"key":"Prayer Wheel"},{"floor":9.0,"key":"CaptainsWheel"},{"floor":23,"key":"Akabeko"},{"floor":25,"key":"MealTicket"},{"floor":26,"key":"Tingsha"}],"event_choices":[{"cards_removed":["Defend_G"],"damage_healed":0.0,"max_hp_gain":0.0,"max_hp_loss":0.0,"gold_gain":0.0,"event_name":"Golden Wing","player_choice":"Card Removal","floor":2.0,"gold_loss":0.0,"damage_taken":7.0},{"damage_healed":0.0,"max_hp_gain":0.0,"max_hp_loss":0.0,"gold_gain":0.0,"event_name":"Liars Game","player_choice":"Ignored","floor":4.0,"gold_loss":0.0,"damage_taken":0.0},{"damage_healed":0.0,"max_hp_gain":5.0,"max_hp_loss":0.0,"gold_gain":0.0,"event_name":"Big Fish","player_choice":"Donut","floor":5.0,"gold_loss":0.0,"damage_taken":0.0},{"cards_removed":["Strike_G"],"damage_healed":0.0,"max_hp_gain":0.0,"max_hp_loss":0.0,"gold_gain":0.0,"event_name":"The Cleric","player_choice":"Card Removal","floor":11.0,"gold_loss":75.0,"damage_taken":0.0},{"damage_healed":0,"gold_gain":0,"player_choice":"Traded Relic","damage_taken":0,"relics_obtained":["Nloth\u0027s Gift"],"max_hp_gain":0,"max_hp_loss":0,"event_name":"N\u0027loth","floor":22,"relics_lost":["NeowsBlessing"],"gold_loss":0},{"cards_removed":["Riddle With Holes"],"damage_healed":37,"gold_gain":0,"player_choice":"Offered Uncommon","damage_taken":0,"max_hp_gain":0,"max_hp_loss":0,"event_name":"Bonfire Elementals","floor":31,"gold_loss":0}],"is_beta":false,"boss_relics":[{"not_picked":["HoveringKite","Fusion Hammer"],"picked":"Sozu"}],"items_purged_floors":[20],"is_endless":false,"potions_floor_spawned":[1,7,16,23,25,29],"killed_by":"Automaton","ascension_level":16}}