{"host":"346rnf4ppo4s0s11","time":1610974615,"event":{"mods":["Aspiration","BaseMod","Energized Spire","Hubris","Minty Spire (QoL Compilation)","StSLib"],"gold_per_floor":[119,136,211,211,288,317,317,317,317,341,190,203,203,236,236,355,355,374,395,419,44,68,99,122,135,135,10,10,53,53,78,78,202,202,223,2,17,30,30,30,69,69,120,120,138,154,188,204,204,204,204],"floor_reached":50,"language":"ENG","playtime":4814,"items_purged":["Strike_G","Strike_G","Strike_G","Defend_G"],"score":679,"play_id":"a7299513-8c67-4d88-af51-e72b1a50e897","local_time":"20210118125655","is_ascension_mode":false,"campfire_choices":[{"data":"Poisoned Stab","floor":7,"key":"SMITH"},{"floor":13,"key":"REST"},{"floor":15,"key":"REST"},{"floor":28,"key":"REST"},{"floor":30,"key":"REST"},{"data":"hubris:DuctTapeCard","floor":32,"key":"SMITH"},{"data":"Burst","floor":40,"key":"SMITH"},{"data":"Bouncing Flask","floor":42,"key":"SMITH"},{"data":"Bouncing Flask","floor":44,"key":"SMITH"},{"data":"Noxious Fumes","floor":49,"key":"SMITH"}],"circlet_count":0,"master_deck":["Strike_G+1","Strike_G+1","Defend_G","Defend_G+1","Defend_G","Defend_G","Survivor","Noxious Fumes+1","Poisoned Stab+1","hubris:DuctTapeCard+2","Blade Dance+1","Poisoned Stab","Backflip","Dagger Throw","Poisoned Stab","Burst+1","Underhanded Strike","Escape Plan","Bouncing Flask+1","Noxious Fumes","Poisoned Stab","Prepared","Dagger Spray","Prepared","Crippling Poison+1","Bouncing Flask+1","Outmaneuver+1","After Image","Clumsy","Bouncing Flask+1","Poisoned Stab+1","Flying Knee","Backflip+1","Deadly Poison","Quick Slash+1","Outmaneuver+1","Noxious Fumes+1"],"relics":["Ring of the Snake","aspiration:Nostalgia","Burning Blood","hubris:Reverence","Whetstone","Golden Idol","hubris:DuctTape","aspiration:HatOfInfinitePower","Runic Pyramid","War Paint","Snake Skull","Thread and Needle","Bag of Preparation","energizedSpire:HighHeels","hubris:Towel","Regal Pillow","Potion Belt","hubris:TinFlute"],"acts_visited":["Exordium","TheCity","TheBeyond"],"potions_floor_usage":[16,23,25,25,33,45,47,50,50],"damage_taken":[{"damage":0,"enemies":"Cultist","floor":1,"turns":4},{"damage":0,"enemies":"Small Slimes","floor":2,"turns":4},{"damage":29,"enemies":"3 Sentries","floor":6,"turns":9},{"damage":3,"enemies":"Jaw Worm","floor":10,"turns":2},{"damage":7,"enemies":"Blue Slaver","floor":12,"turns":3},{"damage":6,"enemies":"Gremlin Nob","floor":14,"turns":3},{"damage":29,"enemies":"Slime Boss","floor":16,"turns":8},{"damage":18,"enemies":"Spheric Guardian","floor":18,"turns":4},{"damage":12,"enemies":"Shell Parasite","floor":19,"turns":4},{"damage":14,"enemies":"Cultist and Chosen","floor":20,"turns":6},{"damage":16,"enemies":"Centurion and Healer","floor":22,"turns":4},{"damage":32,"enemies":"Slavers","floor":23,"turns":4},{"damage":1,"enemies":"Chosen and Byrds","floor":24,"turns":3},{"damage":0,"enemies":"Snecko","floor":25,"turns":3},{"damage":5,"enemies":"Gremlin Leader","floor":29,"turns":3},{"damage":0,"enemies":"Sentry and Sphere","floor":31,"turns":3},{"damage":0,"enemies":"Collector","floor":33,"turns":6},{"damage":0,"enemies":"3 Darklings","floor":35,"turns":2},{"damage":6,"enemies":"Orb Walker","floor":37,"turns":2},{"damage":0,"enemies":"Transient","floor":38,"turns":5},{"damage":1,"enemies":"Giant Head","floor":41,"turns":6},{"damage":5,"enemies":"Jaw Worm Horde","floor":45,"turns":4},{"damage":8,"enemies":"Spire Growth","floor":46,"turns":4},{"damage":1,"enemies":"Nemesis","floor":47,"turns":5},{"damage":11,"enemies":"4 Shapes","floor":48,"turns":3},{"damage":82,"enemies":"Time Eater","floor":50,"turns":7}],"seed_played":"2976723122838773792","potions_obtained":[{"floor":2,"key":"CultistPotion"},{"floor":12,"key":"GamblersBrew"},{"floor":14,"key":"ColorlessPotion"},{"floor":23,"key":"Fire Potion"},{"floor":24,"key":"LiquidBronze"},{"floor":29,"key":"SteroidPotion"},{"floor":31,"key":"EssenceOfSteel"},{"floor":33,"key":"Block Potion"},{"floor":37,"key":"CunningPotion"},{"floor":38,"key":"GhostInAJar"},{"floor":47,"key":"LiquidBronze"}],"is_trial":false,"path_per_floor":["M","M","?","?","T","E","R","?","T","M","$","M","R","E","R","B",null,"M","M","M","$","M","E","M","M","T","$","R","E","R","M","R","B",null,"M","$","M","M","?","R","E","R","T","R","M","M","E","M","R","B"],"character_chosen":"THE_SILENT","items_purchased":["Poisoned Stab","Backflip","Noxious Fumes","Poisoned Stab","War Paint","Bouncing Flask"],"campfire_rested":4,"item_purchase_floors":[11,11,21,21,21,36],"current_hp_per_floor":[70,70,59,59,59,36,36,19,19,22,22,21,42,42,63,40,70,58,52,44,44,34,8,13,19,19,19,40,41,62,68,68,70,70,70,70,70,70,70,70,70,70,70,70,70,68,70,65,65,0,0],"gold":204,"neow_bonus":"NOSTALGIA","is_daily":false,"chose_seed":false,"campfire_upgraded":6,"win_rate":0.0,"timestamp":1610974615,"path_taken":["M","?","?","?","?","E","R","?","T","?","$","M","R","E","R","BOSS","M","M","M","$","M","E","M","?","T","$","R","E","R","M","R","BOSS","M","$","M","M","?","R","E","R","T","R","M","M","E","M","R","BOSS"],"items_purchased_type":["Card","Card","Card","Card","Relic","Card"],"build_version":"2020-12-22","purchased_purges":4,"victory":false,"max_hp_per_floor":[70,70,70,70,70,70,70,70,70,70,70,70,70,70,70,70,70,70,70,70,70,70,70,70,70,70,70,70,70,70,70,70,70,70,70,70,70,70,70,70,70,70,70,70,70,70,70,70,70,70,70],"card_choices":[{"not_picked":["hubris:SlightOfHand","Eviscerate"],"picked":"Slice","floor":1},{"not_picked":["Dodge and Roll","Calculated Gamble"],"picked":"Noxious Fumes","floor":2},{"not_picked":["Heel Hook","Acrobatics"],"picked":"Poisoned Stab","floor":6},{"not_picked":["Dagger Spray","hubris:TrickCloak"],"picked":"Blade Dance","floor":10},{"not_picked":["Backflip","Bane"],"picked":"Dagger Throw","floor":12},{"not_picked":["Dagger Spray","Underhanded Strike"],"picked":"Poisoned Stab","floor":14},{"not_picked":["Glass Knife","Die Die Die"],"picked":"Burst","floor":16},{"not_picked":["Dagger Throw","Well Laid Plans"],"picked":"Underhanded Strike","floor":18},{"not_picked":["Backflip","Expertise"],"picked":"Escape Plan","floor":19},{"not_picked":["Dagger Throw","Masterful Stab"],"picked":"Bouncing Flask+1","floor":20},{"not_picked":["Reflex+1","Masterful Stab"],"picked":"Prepared","floor":22},{"not_picked":["Expertise","Masterful Stab+1"],"picked":"Dagger Spray","floor":23},{"not_picked":["Blade Dance","Dagger Spray"],"picked":"Prepared","floor":24},{"not_picked":["Quick Slash","Underhanded Strike"],"picked":"Crippling Poison+1","floor":25},{"not_picked":["Outmaneuver+1","Tools of the Trade"],"picked":"Bouncing Flask","floor":29},{"not_picked":["Infinite Blades","Backflip+1"],"picked":"Outmaneuver+1","floor":31},{"not_picked":["Venomology","Tools of the Trade"],"picked":"After Image","floor":33},{"not_picked":["Flechettes+1","Sucker Punch","Terror"],"picked":"SKIP","floor":35},{"not_picked":["Sucker Punch","Riddle With Holes+1"],"picked":"Poisoned Stab+1","floor":37},{"not_picked":["Dodge and Roll+1","Blade Dance"],"picked":"Flying Knee","floor":38},{"not_picked":["Venomology","Dodge and Roll"],"picked":"Backflip+1","floor":41},{"not_picked":["All Out Attack+1","Caltrops+1"],"picked":"Deadly Poison","floor":45},{"not_picked":["Phantasmal Killer","Dagger Throw+1"],"picked":"Quick Slash+1","floor":46},{"not_picked":["Footwork","Slice+1"],"picked":"Outmaneuver+1","floor":47},{"not_picked":["Venomology","Bane"],"picked":"Noxious Fumes","floor":48}],"player_experience":20481,"relics_obtained":[{"floor":5,"key":"hubris:Reverence"},{"floor":6,"key":"Whetstone"},{"floor":9,"key":"hubris:DuctTape"},{"floor":14,"key":"aspiration:HatOfInfinitePower"},{"floor":23,"key":"Snake Skull"},{"floor":26,"key":"Thread and Needle"},{"floor":29,"key":"Bag of Preparation"},{"floor":41,"key":"Regal Pillow"},{"floor":43,"key":"Potion Belt"},{"floor":47,"key":"hubris:TinFlute"}],"event_choices":[{"damage_healed":0,"gold_gain":75,"player_choice":"Gather Gold","damage_taken":11,"max_hp_gain":0,"max_hp_loss":0,"event_name":"World of Goop","floor":3,"gold_loss":0},{"damage_healed":0,"gold_gain":0,"player_choice":"Take Damage","damage_taken":17,"relics_obtained":["Golden Idol"],"max_hp_gain":0,"max_hp_loss":0,"event_name":"Golden Idol","floor":8,"gold_loss":0}],"is_beta":false,"boss_relics":[{"not_picked":["Busted Crown","aspiration:IroncladSkillbook"],"picked":"Runic Pyramid"},{"not_picked":["energizedSpire:StickyHand","aspiration:SecretTechniqueScroll"],"picked":"energizedSpire:HighHeels"}],"items_purged_floors":[11,21,27,36],"is_endless":false,"potions_floor_spawned":[2,12,14,23,24,29,31,33,37,38,41,47],"killed_by":"Time Eater","ascension_level":0}}