{"host":"tm3ghj8mno6gwywm","time":1610992380,"event":{"mods":["2.2 Compatiblity","AchievementEnabler","Bard","BaseMod","Beaked The Cultist","Better Third Choice","Colored Map","Colored Powertips","Conspire","Downfall","Glutton Mod","GungeonMod","Halation","Hermit","Hubris","Infinite Spire","Jorbs\u0027s Wanderer Trilogy","Mad Scientist","Marisa????????","Marked Mod","Mimic Mod","Minty Spire (QoL Compilation)","Potionbrewer","Quick Restart","Shade Mod","Shop Mod","Somnambulant","Spicy Shops","StSLib","SuperFastMode","The Bug Knight","The Construct","The Cursed","The Disciple","The Factory","The Hierophant","The IronCluck","The Judge","The Jungle","The Necromancer","The Runesmith","The Servant 0.9.4","egg"],"gold_per_floor":[99,109,71,126,126,126,156,187,221,16,16,16,16,30,45,149,149,49,64,64,64,79,99,99,99,134,151,151,167,67,18,38,139,139,39,59,73,91,108,108,108,108,125,125,156,172,191,191,203,203,203],"floor_reached":50,"language":"ENG","playtime":2087,"items_purged":[],"score":679,"play_id":"fc1e4d3d-d466-466d-80bc-d50c401c95a8","local_time":"20210118125300","is_ascension_mode":false,"campfire_choices":[{"floor":1,"key":"RECALL"},{"floor":11,"key":"REST"},{"floor":13,"key":"REST"},{"data":"bronze:Goto","floor":18,"key":"SMITH"},{"floor":25,"key":"REST"},{"data":"bronze:Replicate","floor":30,"key":"SMITH"},{"data":"bronze:Defend","floor":35,"key":"SMITH"}],"circlet_count":1,"master_deck":["bronze:Strike","bronze:Strike","bronze:Strike","bronze:Strike","bronze:Defend","bronze:Defend","bronze:Defend","bronze:Defend+1","bronze:Replicate+1","bronze:Goto+1","bronze:Repulsor+1","bronze:Iterate+1","bronze:WhirlingStrike+1","bronze:Optimize+1","bronze:FineTuning+1","bronze:CleanCode+1","bronze:DelayedSlice+1","bronze:SpaghettiCode+1","bronze:CutThrough+1","bronze:SpaghettiCode+1","bronze:FollowUp+1","bronze:WhirlingStrike+1","bronze:ThunderWave+1","bronze:Branch+1","infinitespire:Gouge+1","bronze:DelayedGuard+1","bronze:ForceShield+1","bronze:ChosenStrike+1","bronze:Boost+1","bronze:ItsAFeature+1","bronze:GetLatest+1","bronze:Turbo+1","bronze:Verify+1","bronze:DelayedGuard+1","bronze:ClassDefault+1","bronze:Invalidate+1","bronze:MaxOutput+1","bronze:ChosenStrike+1"],"relics":["bronze:BronzeCore","WingedGreaves","Membership Card","Circlet","Frozen Egg 2","Toxic Egg 2","Molten Egg 2","Black Star","Mummified Hand","Lizard Tail","conspire:GlowingRock","hubris:ToyBattleship","Runesmith:Nanobots","DemoMod:Orange","Lantern","DemoMod:PoisonVial","Question Card","bronze:MakeshiftBattery","downfall:HeartBlessingRed","MutagenicStrength","conspire:SpecialSausage","hubris:DeckOfHolding","hubris:BundleOfHerbs","MealTicket","Boot","downfall:HeartBlessingGreen","SlaversCollar","downfall:HeartBlessingBlue","WingedGreaves","hubris:CrystalStatue","HollowMod:PaleOreRelic","infinitespire:Bottled Soul"],"acts_visited":["Exordium","TheCity","TheBeyond"],"potions_floor_usage":[4,16,16,16,16,16,16,16,16,33,33,33,50,50,50],"damage_taken":[{"damage":5,"enemies":"2 Louse","floor":2,"turns":3},{"damage":4,"enemies":"downfall:FleeingMerchant","floor":3,"turns":4},{"damage":71,"enemies":"Lagavulin Event","floor":4,"turns":9},{"damage":4,"enemies":"Jaw Worm","floor":7,"turns":6},{"damage":20,"enemies":"3 Sentries","floor":8,"turns":5},{"damage":31,"enemies":"Lagavulin","floor":9,"turns":6},{"damage":15,"enemies":"downfall:FleeingMerchant","floor":10,"turns":4},{"damage":0,"enemies":"Jaw Worm","floor":14,"turns":2},{"damage":3,"enemies":"Small Slimes","floor":15,"turns":3},{"damage":34,"enemies":"SI_SHIV_ARCHETYPE","floor":16,"turns":5},{"damage":9,"enemies":"Chosen","floor":19,"turns":2},{"damage":0,"enemies":"Spheric Guardian","floor":22,"turns":1},{"damage":27,"enemies":"conspire:HollyBat","floor":23,"turns":8},{"damage":0,"enemies":"Gremlin Leader","floor":26,"turns":3},{"damage":0,"enemies":"Centurion and Healer","floor":27,"turns":1},{"damage":9,"enemies":"Snake Plant","floor":29,"turns":2},{"damage":0,"enemies":"downfall:FleeingMerchant","floor":31,"turns":4},{"damage":0,"enemies":"Sentry and Sphere","floor":32,"turns":2},{"damage":14,"enemies":"DF_ARCHETYPE_CLAW","floor":33,"turns":5},{"damage":30,"enemies":"3 Shapes","floor":36,"turns":2},{"damage":3,"enemies":"3 Darklings","floor":37,"turns":5},{"damage":29,"enemies":"Spire Growth","floor":38,"turns":4},{"damage":19,"enemies":"Jaw Worm Horde","floor":39,"turns":4},{"damage":15,"enemies":"Sphere and 2 Shapes","floor":43,"turns":3},{"damage":0,"enemies":"Giant Head","floor":45,"turns":4},{"damage":22,"enemies":"Spire Growth","floor":46,"turns":4},{"damage":31,"enemies":"4 Shapes","floor":47,"turns":3},{"damage":0,"enemies":"Maw","floor":49,"turns":3},{"damage":64,"enemies":"IC_BLOCK_ARCHETYPE","floor":50,"turns":7}],"seed_played":"5588554029081295915","potions_obtained":[{"floor":2,"key":"bronze:FreeFunctionsPotion"},{"floor":9,"key":"Explosive Potion"},{"floor":16,"key":"DistilledChaos"},{"floor":23,"key":"potionbrewer:ToxicPotion"},{"floor":27,"key":"Swift Potion"},{"floor":33,"key":"DemoMod:LeadSkinPotion"},{"floor":43,"key":"champ:CounterPotion"},{"floor":46,"key":"champ:CounterPotion"}],"is_trial":false,"path_per_floor":["R","M","$","?","?","?","MIM","E","E","$","R","?","R","M","M","B",null,"R","M","?","AVR","M","M","T","R","E","M","?","M","R","$","M","B",null,"R","M","M","M","M","?","T","?","M","?","E","M","M","?","M","B"],"character_chosen":"THE_AUTOMATON","items_purchased":["bronze:WhirlingStrike+1","bronze:SpaghettiCode+1","bronze:CutThrough+1","EntropicBrew","potionbrewer:SplittingPotion","bronze:GetLatest+1"],"campfire_rested":3,"item_purchase_floors":[3,10,10,10,10,31],"current_hp_per_floor":[77,72,68,38,63,63,59,51,20,5,31,31,57,57,54,20,89,89,80,80,80,80,53,53,79,79,79,79,70,70,85,85,71,89,99,69,66,37,18,109,109,109,94,94,94,72,41,41,41,0,0],"gold":203,"neow_bonus":"TEN_PERCENT_HP_BONUS","is_daily":false,"chose_seed":false,"campfire_upgraded":3,"win_rate":0.0,"timestamp":1610992380,"path_taken":["R","M","$","?","?","?","MIM","E","E","$","R","?","R","M","M","BOSS","R","M","?","AVR","M","M","T","R","E","M","?","M","R","$","M","BOSS","R","M","M","M","M","?","T","?","M","?","E","M","M","?","M","BOSS"],"items_purchased_type":["Card","Card","Card","Potion","Potion","Card"],"build_version":"2020-12-22","purchased_purges":0,"victory":false,"max_hp_per_floor":[77,77,77,77,77,77,77,89,89,89,89,89,89,89,89,89,89,89,89,89,89,89,89,89,89,89,89,89,89,89,89,89,89,89,99,99,99,99,99,109,109,109,109,109,109,109,109,109,109,109,109],"card_choices":[{"not_picked":["bronze:Deprecate+1","bronze:Backtrace+1"],"picked":"bronze:Repulsor+1","floor":2},{"not_picked":["bronze:Repair+1","bronze:Invalidate+1"],"picked":"bronze:Iterate+1","floor":3},{"not_picked":["bronze:WhirlingStrike+1","bronze:Format+1"],"picked":"bronze:Optimize+1","floor":4},{"not_picked":["bronze:WildBeam+1","bronze:Frontload+1"],"picked":"bronze:FineTuning+1","floor":7},{"not_picked":["bronze:Deprecate+1","bronze:ShipIt+1"],"picked":"bronze:CleanCode+1","floor":8},{"not_picked":["bronze:Deprecate+1","bronze:BuggyMess+1"],"picked":"bronze:RecursiveStrike+1","floor":9},{"not_picked":["bronze:Invalidate+1","bronze:Allocate+1","bronze:Frontload+1"],"picked":"bronze:DelayedSlice+1","floor":10},{"not_picked":["bronze:OilSpill+1","bronze:Iterate+1","bronze:Frontload+1"],"picked":"bronze:FollowUp+1","floor":14},{"not_picked":["bronze:Frontload+1","bronze:NullPointer+1","bronze:BuggyMess+1"],"picked":"bronze:WhirlingStrike+1","floor":15},{"not_picked":["bronze:HyperBeam+1","bronze:Mutator+1","bronze:RecursiveStrike+1"],"picked":"bronze:ThunderWave+1","floor":16},{"not_picked":["bronze:Iterate+1","bronze:BitShift+1","bronze:Overload+1"],"picked":"bronze:Branch+1","floor":19},{"not_picked":["bronze:Branch+1","bronze:BronzeArmor+1","bronze:BuggyMess+1"],"picked":"bronze:DelayedGuard+1","floor":22},{"not_picked":["bronze:DelayedSlice+1","bronze:ClassDefault+1","bronze:Flail+1"],"picked":"bronze:ForceShield+1","floor":23},{"not_picked":["bronze:Format+1","bronze:RecursiveStrike+1","bronze:ForLoop+1"],"picked":"bronze:ChosenStrike+1","floor":26},{"not_picked":["bronze:CloningBeam+1","bronze:FollowUp+1","bronze:BugBarrage+1"],"picked":"bronze:Boost+1","floor":27},{"not_picked":["bronze:Philosophize+1","bronze:ChildClass+1","bronze:BitShift+1"],"picked":"bronze:ItsAFeature+1","floor":29},{"not_picked":["bronze:ClassDefault+1","bronze:Iterate+1","bronze:Break+1","bronze:BugBarrage+1"],"picked":"SKIP","floor":31},{"not_picked":["bronze:WhirlingStrike+1","bronze:Virus+1","bronze:WildBeam+1"],"picked":"bronze:Turbo+1","floor":32},{"not_picked":["bronze:Break+1","bronze:ShipIt+1","bronze:Format+1"],"picked":"bronze:Verify+1","floor":33},{"not_picked":["bronze:Branch+1","bronze:CutThrough+1","bronze:BronzeArmor+1"],"picked":"bronze:DelayedGuard+1","floor":36},{"not_picked":["bronze:Backtrace+1","bronze:BronzeArmor+1","bronze:Turbo+1","bronze:HyperBeam+1"],"picked":"SKIP","floor":37},{"not_picked":["bronze:DelayedGuard+1","bronze:OilSpill+1","bronze:Frontload+1","bronze:DelayedSlice+1"],"picked":"SKIP","floor":38},{"not_picked":["bronze:Optimize+1","bronze:OilSpill+1","bronze:FollowUp+1","bronze:Frontload+1"],"picked":"SKIP","floor":39},{"not_picked":["bronze:FindAndReplace+1","bronze:Iterate+1","bronze:Deprecate+1"],"picked":"bronze:Invalidate+1","floor":43},{"not_picked":["bronze:Allocate+1","bronze:ForLoop+1","bronze:Backtrace+1","bronze:Iterate+1"],"picked":"SKIP","floor":45},{"not_picked":["bronze:Optimize+1","bronze:BitShift+1","bronze:Shield+1","bronze:WildBeam+1"],"picked":"SKIP","floor":46},{"not_picked":["bronze:FollowUp+1","bronze:ChildClass+1","bronze:Philosophize+1"],"picked":"bronze:MaxOutput+1","floor":47},{"not_picked":["bronze:Backtrace+1","bronze:MaxOutput+1","bronze:DarkDash+1"],"picked":"bronze:ChosenStrike+1","floor":49}],"player_experience":812731,"relics_obtained":[{"floor":6,"key":"hubris:ToyBattleship"},{"floor":7,"key":"Runesmith:Nanobots"},{"floor":8,"key":"DemoMod:Orange"},{"floor":8,"key":"Lantern"},{"floor":9,"key":"DemoMod:PoisonVial"},{"floor":9,"key":"Question Card"},{"floor":24,"key":"hubris:BundleOfHerbs"},{"floor":26,"key":"MealTicket"},{"floor":26,"key":"Boot"},{"floor":41,"key":"hubris:CrystalStatue"},{"floor":45,"key":"HollowMod:PaleOreRelic"},{"floor":45,"key":"infinitespire:Bottled Soul"}],"event_choices":[{"damage_healed":25,"gold_gain":0,"player_choice":"Banana","damage_taken":0,"max_hp_gain":0,"max_hp_loss":0,"event_name":"Big Fish","floor":5,"gold_loss":0},{"damage_healed":0,"gold_gain":0,"player_choice":"Inject Mutagens","damage_taken":0,"relics_obtained":["MutagenicStrength"],"max_hp_gain":0,"max_hp_loss":0,"event_name":"Drug Dealer","floor":20,"gold_loss":0}],"is_beta":false,"boss_relics":[{"not_picked":["Philosopher\u0027s Stone","hubris:TerracottaHorce"],"picked":"bronze:MakeshiftBattery"},{"not_picked":["conspire:RunicOctahedron","Empty Cage"],"picked":"SlaversCollar"}],"items_purged_floors":[],"is_endless":false,"potions_floor_spawned":[2,9,14,15,16,23,27,32,33,43,46,47,49],"killed_by":"IC_BLOCK_ARCHETYPE","ascension_level":0}}