{"host":"dqv8oo4v229c1o2l","time":1610991948,"event":{"mods":["AchievementEnabler","BaseMod","Colored Map","Colored Powertips","Minty Spire (QoL Compilation)","Quick Restart","Rare Cards Sparkle","StSLib","Synergy Search"],"gold_per_floor":[114,132,151,164,164,198,215,215,267,267,280,280,280,292,292,393,393,404,148,148,163,163,191,206,206,206,218,143,158,189,189,189],"floor_reached":31,"language":"ENG","playtime":1797,"items_purged":["InnerPeace"],"score":378,"play_id":"e3a3c622-874a-4e79-a952-d852260f4a0b","local_time":"20210118094548","is_ascension_mode":true,"campfire_choices":[{"data":"Eruption","floor":8.0,"key":"SMITH"},{"data":"ConjureBlade","floor":12.0,"key":"SMITH"},{"floor":15.0,"key":"REST"},{"data":"RitualDagger","floor":25.0,"key":"SMITH"}],"circlet_count":0,"master_deck":["Defend_P","Defend_P","Defend_P","Eruption+1","Vigilance","JustLucky","Evaluate","Prostrate","FlurryOfBlows","ConjureBlade+1","FollowUp","CutThroughFate","Judgement","FlurryOfBlows","Devotion","FlyingSleeves+1","Scrawl+1","Adaptation+1","Halt","Decay","CutThroughFate+1","RitualDagger+1","FlurryOfBlows","ThirdEye+1","FollowUp"],"relics":["PureWater","Bag of Marbles","MealTicket","Astrolabe","HornCleat","Sundial","PreservedInsect"],"acts_visited":["Exordium","TheCity"],"potions_floor_usage":[31],"damage_taken":[{"damage":0.0,"enemies":"Cultist","floor":1.0,"turns":3.0},{"damage":1.0,"enemies":"2 Louse","floor":2.0,"turns":4.0},{"damage":1.0,"enemies":"Small Slimes","floor":3.0,"turns":5.0},{"damage":3.0,"enemies":"Red Slaver","floor":4.0,"turns":3.0},{"damage":27.0,"enemies":"3 Sentries","floor":6.0,"turns":7.0},{"damage":7.0,"enemies":"3 Louse","floor":7.0,"turns":2.0},{"damage":5.0,"enemies":"2 Fungi Beasts","floor":11.0,"turns":3.0},{"damage":0.0,"enemies":"Large Slime","floor":14.0,"turns":3.0},{"damage":0.0,"enemies":"Slime Boss","floor":16.0,"turns":3.0},{"damage":16.0,"enemies":"Shell Parasite","floor":18.0,"turns":4.0},{"damage":0.0,"enemies":"3 Byrds","floor":21.0,"turns":2.0},{"damage":9.0,"enemies":"Gremlin Leader","floor":23.0,"turns":4.0},{"damage":12.0,"enemies":"Shelled Parasite and Fungi","floor":24.0,"turns":4.0},{"damage":0.0,"enemies":"Snecko","floor":27.0,"turns":2.0},{"damage":20.0,"enemies":"Cultist and Chosen","floor":29.0,"turns":3.0},{"damage":35.0,"enemies":"Book of Stabbing","floor":30.0,"turns":4.0},{"damage":10,"enemies":"3 Cultists","floor":31,"turns":2}],"seed_played":"732483088025911180","potions_obtained":[{"floor":1.0,"key":"PowerPotion"},{"floor":3.0,"key":"FearPotion"},{"floor":6.0,"key":"SteroidPotion"},{"floor":16.0,"key":"Energy Potion"},{"floor":23.0,"key":"DuplicationPotion"},{"floor":24.0,"key":"LiquidMemories"}],"is_trial":false,"path_per_floor":["M","M","M","M","?","E","M","R","T","?","M","R","?","M","R","B",null,"M","$","?","M","?","E","M","R","T","M","$","M","E","M"],"character_chosen":"WATCHER","items_purchased":["HornCleat"],"campfire_rested":1,"item_purchase_floors":[19],"current_hp_per_floor":[72,71,70,67,67,40,33,33,33,33,28,28,28,28,49,49,72,56,71,71,71,65,56,44,44,44,44,59,39,4,0,0],"gold":189,"neow_bonus":"TRANSFORM_CARD","is_daily":false,"chose_seed":false,"campfire_upgraded":3,"win_rate":0.0,"timestamp":1610991948,"path_taken":["M","M","M","M","?","E","M","R","T","?","?","R","?","M","R","BOSS","M","$","?","?","?","E","M","R","T","M","$","M","E","M"],"items_purchased_type":["Relic"],"build_version":"2020-12-22","purchased_purges":1,"victory":false,"max_hp_per_floor":[72,72,72,72,72,72,72,72,72,72,72,72,72,72,72,72,72,72,72,72,72,72,72,72,72,72,72,72,72,72,72,72],"card_choices":[{"not_picked":["Wireheading","SandsOfTime"],"picked":"Evaluate","floor":1.0},{"not_picked":["WaveOfTheHand","Study"],"picked":"Prostrate","floor":2.0},{"not_picked":["ThirdEye","BowlingBash"],"picked":"FlurryOfBlows","floor":3.0},{"not_picked":["MentalFortress","Crescendo"],"picked":"InnerPeace","floor":4.0},{"not_picked":["FlyingSleeves","MentalFortress"],"picked":"ConjureBlade","floor":6.0},{"not_picked":["EmptyBody","Crescendo"],"picked":"FollowUp","floor":7.0},{"not_picked":["Study","EmptyFist"],"picked":"CutThroughFate","floor":11.0},{"not_picked":["Protect","FollowUp"],"picked":"FlurryOfBlows","floor":14.0},{"not_picked":["Alpha","Ragnarok"],"picked":"Devotion","floor":16.0},{"not_picked":["JustLucky+1","SignatureMove"],"picked":"Halt","floor":18.0},{"not_picked":["EmptyFist+1","ClearTheMind"],"picked":"CutThroughFate+1","floor":21.0},{"not_picked":["WaveOfTheHand+1","EmptyFist+1","FearNoEvil"],"picked":"SKIP","floor":23.0},{"not_picked":["Wallop+1","PathToVictory"],"picked":"FlurryOfBlows","floor":24.0},{"not_picked":["EmptyFist","Evaluate"],"picked":"ThirdEye+1","floor":27.0},{"not_picked":["Conclude+1","EmptyFist"],"picked":"FollowUp","floor":29.0},{"not_picked":["Tantrum","Establishment","CutThroughFate"],"picked":"SKIP","floor":30.0}],"player_experience":292780,"relics_obtained":[{"floor":6.0,"key":"Bag of Marbles"},{"floor":9.0,"key":"MealTicket"},{"floor":23.0,"key":"Sundial"},{"floor":30.0,"key":"PreservedInsect"}],"event_choices":[{"damage_healed":0.0,"max_hp_gain":0.0,"max_hp_loss":0.0,"gold_gain":0.0,"event_name":"Liars Game","player_choice":"Ignored","floor":5.0,"gold_loss":0.0,"damage_taken":0.0},{"damage_healed":0.0,"max_hp_gain":0.0,"max_hp_loss":0.0,"gold_gain":0.0,"event_name":"The Woman in Blue","player_choice":"Bought 0 Potions","floor":10.0,"gold_loss":0.0,"damage_taken":0.0},{"damage_healed":0.0,"max_hp_gain":0.0,"max_hp_loss":0.0,"gold_gain":0.0,"cards_transformed":["Strike_P"],"event_name":"Living Wall","player_choice":"Change","floor":13.0,"gold_loss":0.0,"damage_taken":0.0,"cards_obtained":["Judgement"]},{"damage_healed":0.0,"max_hp_gain":0.0,"max_hp_loss":0.0,"gold_gain":0.0,"event_name":"Wheel of Change","player_choice":"Cursed","floor":20.0,"gold_loss":0.0,"damage_taken":0.0,"cards_obtained":["Decay"]},{"damage_healed":0.0,"max_hp_gain":0.0,"max_hp_loss":0.0,"gold_gain":0.0,"event_name":"Nest","player_choice":"Joined the Cult","floor":22.0,"gold_loss":0.0,"damage_taken":6.0,"cards_obtained":["RitualDagger"]}],"is_beta":false,"boss_relics":[{"not_picked":["Sozu","Runic Dome"],"picked":"Astrolabe"}],"items_purged_floors":[28],"is_endless":false,"potions_floor_spawned":[1,3,6,16,23,24,29],"killed_by":"3 Cultists","ascension_level":3}}