{"host":"6p0attdrtjqaih7v","time":1610957219,"event":{"mods":["2.2 Compatiblity","AchievementEnabler","Bard","BaseMod","Better Skull","Better Third Choice","Colored Powertips","Hermit","Highlight Path","Jorbs\u0027s Wanderer Trilogy","Key Reminder","Minty Spire (QoL Compilation)","Permanent Neow","Quick Restart","Random Character Button","Relic Stats","Replay The Spire","Robot Space Explorer","StSLib"],"gold_per_floor":[115,131,142,192,202,234,234,259,283,283,283,314,314,332,332,406,406,418,435,435,9,9,42,42,76,151,168,211,233,233,242,242,326,326,336,336,356,356,34,34,75,86,166,188,188,37,37,72,72,72,72,72],"floor_reached":51,"language":"ENG","playtime":2614,"items_purged":["Strike_B"],"score":1462,"play_id":"d3f06d63-ba91-4ed0-8f6a-6026c60053d7","local_time":"20210118030659","is_ascension_mode":true,"campfire_choices":[{"floor":7,"key":"REST"},{"floor":11,"key":"REST"},{"data":"WeaponsOverheat","floor":13,"key":"SMITH"},{"data":"Bash","floor":15,"key":"SMITH"},{"data":"Coolheaded","floor":24,"key":"SMITH"},{"data":"Static Discharge","floor":30,"key":"SMITH"},{"data":"ReplayTheSpireMod:Calculation Training","floor":32,"key":"SMITH"},{"data":"Electrodynamics","floor":40,"key":"SMITH"},{"data":"Capacitor","floor":45,"key":"SMITH"},{"data":"Go for the Eyes","floor":47,"key":"SMITH"},{"data":"Chill","floor":49,"key":"SMITH"}],"circlet_count":0,"master_deck":["AscendersBane","Strike_B","Strike_B","Defend_B+1","Defend_B","Defend_B","Defend_B+1","Zap","FTL","Gash+1","Go for the Eyes+1","Compile Driver+1","Gash","Cold Snap","Bash+1","WeaponsOverheat+1","Compile Driver","Reaper","Aggregate+1","Necronomicurse","Reaper","Coolheaded+1","Capacitor+1","Core Surge","Static Discharge+1","Ball Lightning+1","All For One","ReplayTheSpireMod:Calculation Training+1","Chill+1","Electrodynamics+1","White Noise+1","Go for the Eyes+1","Gash+1","Glacier"],"relics":["keyreminder:keyreminder","Whetstone","Orichalcum","Iron Core","Simple Rune","Velvet Choker","Necronomicon","Akabeko","DollysMirror","Nloth\u0027s Gift","MealTicket","Replay:Rubber Ducky","InkBottle","CeramicFish","Runic Pyramid","Blue Candle","Omamori","Bag of Preparation"],"acts_visited":["Exordium","TheCity","TheBeyond"],"potions_floor_usage":[6,8,12,16,25,28,29,41,51,51],"damage_taken":[{"damage":12,"enemies":"Jaw Worm","floor":1,"turns":3},{"damage":0,"enemies":"Cultist","floor":2,"turns":3},{"damage":1,"enemies":"2 Louse","floor":3,"turns":2},{"damage":1,"enemies":"Looter","floor":5,"turns":3},{"damage":19,"enemies":"Replay:BlueRogue","floor":6,"turns":5},{"damage":30,"enemies":"Lagavulin","floor":8,"turns":7},{"damage":2,"enemies":"3 Sentries","floor":12,"turns":5},{"damage":10,"enemies":"3 Louse","floor":14,"turns":2},{"damage":27,"enemies":"The Guardian","floor":16,"turns":9},{"damage":25,"enemies":"Shell Parasite","floor":18,"turns":4},{"damage":14,"enemies":"3 Byrds","floor":19,"turns":6},{"damage":18,"enemies":"Replay:Snechameleon","floor":23,"turns":4},{"damage":14,"enemies":"Gremlin Leader","floor":25,"turns":6},{"damage":5,"enemies":"Snecko","floor":27,"turns":6},{"damage":42,"enemies":"Replay:Snechameleon","floor":28,"turns":3},{"damage":13,"enemies":"Snake Plant","floor":29,"turns":4},{"damage":94,"enemies":"Collector","floor":33,"turns":8},{"damage":17,"enemies":"3 Darklings","floor":35,"turns":4},{"damage":0,"enemies":"3 Shapes","floor":37,"turns":4},{"damage":42,"enemies":"Reptomancer","floor":41,"turns":7},{"damage":26,"enemies":"Writhing Mass","floor":42,"turns":5},{"damage":28,"enemies":"4 Shapes","floor":44,"turns":3},{"damage":48,"enemies":"Nemesis","floor":48,"turns":6},{"damage":82,"enemies":"Donu and Deca","floor":50,"turns":7},{"damage":15,"enemies":"Time Eater","floor":51,"turns":1}],"seed_played":"-149317993643000305","potions_obtained":[{"floor":2,"key":"Toxic Potion"},{"floor":3,"key":"ColorlessPotion"},{"floor":6,"key":"Energy Potion"},{"floor":12,"key":"SteroidPotion"},{"floor":23,"key":"Languid Potion"},{"floor":27,"key":"Milkshake"},{"floor":28,"key":"ColorlessPotion"},{"floor":41,"key":"SpeedPotion"},{"floor":44,"key":"Toxic Potion"}],"is_trial":false,"path_per_floor":["M","M","M","?","M","E","R","E","T","?","R","E","R","M","R","B",null,"M","M","?","$","?","E","R","E","T","M","E","M","R","?","R","B",null,"M","?","M","?","$","R","E","M","T","M","R","$","R","E","R","B","B"],"character_chosen":"DEFECT","items_purchased":["Akabeko","DollysMirror","Coolheaded","Capacitor","Blue Candle","Energy Potion","Glacier"],"campfire_rested":2,"item_purchase_floors":[21,21,21,21,39,39,46],"current_hp_per_floor":[52,52,51,51,50,31,52,22,22,22,43,41,41,31,31,4,54,35,30,15,15,15,35,35,77,77,72,77,66,66,66,66,39,68,71,71,77,77,77,77,48,31,31,77,77,77,77,47,47,9,0,0],"gold":72,"neow_bonus":"THREE_CARDS","is_daily":false,"chose_seed":false,"campfire_upgraded":9,"win_rate":0.0,"timestamp":1610957219,"path_taken":["M","M","M","?","?","E","R","E","T","?","R","E","R","M","R","BOSS","M","M","?","$","?","E","R","E","T","M","E","?","R","?","R","BOSS","M","?","M","?","$","R","E","?","T","M","R","?","R","E","R","BOSS","BOSS"],"items_purchased_type":["Relic","Relic","Card","Card","Relic","Potion","Card"],"build_version":"2020-12-22","purchased_purges":1,"victory":false,"max_hp_per_floor":[71,71,71,71,71,71,71,71,71,71,71,71,71,71,71,71,71,71,71,77,77,77,77,77,77,77,77,77,77,77,77,77,77,77,77,77,77,77,77,77,77,77,77,77,77,77,77,77,77,77,77,77],"relic_stats":{"counters":[25,117],"CeramicFish":72,"Blue Candle":[0],"MealTicket":0,"Necronomicon":[33],"Nloth\u0027s Gift":5,"Bag of Preparation":[4],"Whetstone":["Compile Driver","Gash"],"Orichalcum":[342],"obtain_stats":[{"Darkstone Periapt":6,"Iron Core":10,"CeramicFish":28,"Blue Candle":39,"Velvet Choker":17,"Omamori":41,"Bag of Preparation":48,"Whetstone":8,"Orichalcum":9,"Akabeko":21,"Replay:Rubber Ducky":25,"keyreminder:keyreminder":6,"DollysMirror":21,"Simple Rune":12,"MealTicket":23,"Necronomicon":20,"Nloth\u0027s Gift":22,"Cracked Core":0,"InkBottle":26,"Runic Pyramid":34},{"Darkstone Periapt":5,"Iron Core":6,"CeramicFish":15,"Blue Candle":19,"Velvet Choker":9,"Omamori":20,"Bag of Preparation":23,"Whetstone":6,"Orichalcum":6,"Akabeko":11,"Replay:Rubber Ducky":13,"keyreminder:keyreminder":5,"DollysMirror":11,"Simple Rune":7,"MealTicket":12,"Necronomicon":11,"Nloth\u0027s Gift":11,"Cracked Core":0,"InkBottle":13,"Runic Pyramid":17},{"Darkstone Periapt":16,"Iron Core":23,"CeramicFish":68,"Blue Candle":88,"Velvet Choker":39,"Omamori":95,"Bag of Preparation":109,"Whetstone":23,"Orichalcum":23,"Akabeko":49,"Replay:Rubber Ducky":59,"keyreminder:keyreminder":16,"DollysMirror":49,"Simple Rune":28,"MealTicket":53,"Necronomicon":49,"Nloth\u0027s Gift":49,"Cracked Core":0,"InkBottle":59,"Runic Pyramid":80}],"InkBottle":[24]},"card_choices":[{"not_picked":["Sunder","Hologram"],"picked":"FTL","floor":0},{"not_picked":["Sweeping Beam","Stack"],"picked":"Gash","floor":1},{"not_picked":["Fusion","Auto Shields"],"picked":"Go for the Eyes","floor":2},{"not_picked":["BootSequence","Sunder"],"picked":"Compile Driver","floor":3},{"not_picked":["Coolheaded","Streamline"],"picked":"Gash","floor":5},{"not_picked":["Multi-Cast","Genetic Algorithm"],"picked":"Cold Snap","floor":6},{"not_picked":["Rebound","Redo","Leap"],"picked":"SKIP","floor":8},{"not_picked":["Anger","Conserve Battery"],"picked":"WeaponsOverheat","floor":12},{"not_picked":["ReplayTheSpireMod:Repulse","Dual Wield"],"picked":"Compile Driver","floor":14},{"not_picked":["ReplayTheSpireMod:Omega Cannon","Meteor Strike"],"picked":"Reaper","floor":16},{"not_picked":["Streamline","Chaos"],"picked":"Aggregate+1","floor":18},{"not_picked":["BasicCrystalCard","ReplayTheSpireMod:System Scan","Rebound"],"picked":"SKIP","floor":19},{"not_picked":["Rainbow","Heatsinks"],"picked":"Core Surge","floor":23},{"not_picked":["Hello World","BootSequence"],"picked":"Static Discharge","floor":25},{"not_picked":["Redo","Darkness"],"picked":"Ball Lightning+1","floor":27},{"not_picked":["Static Discharge","Leap"],"picked":"All For One","floor":28},{"not_picked":["Recycle","Streamline+1"],"picked":"ReplayTheSpireMod:Calculation Training","floor":29},{"not_picked":["Buffer","Seek"],"picked":"Electrodynamics","floor":33},{"not_picked":["Lockon","Coolheaded","Steam"],"picked":"SKIP","floor":35},{"not_picked":["Ball Lightning","Compile Driver"],"picked":"White Noise+1","floor":37},{"not_picked":["Echo Form","Undo"],"picked":"Go for the Eyes+1","floor":41},{"not_picked":["Tempest","Ball Lightning","Loop"],"picked":"SKIP","floor":42},{"not_picked":["Turbo","Barrage"],"picked":"Gash+1","floor":44},{"not_picked":["Reprogram","Turbo","Reboot"],"picked":"SKIP","floor":48}],"player_experience":869602,"relics_obtained":[{"floor":6,"key":"Darkstone Periapt"},{"floor":8,"key":"Whetstone"},{"floor":9,"key":"Orichalcum"},{"floor":12,"key":"Simple Rune"},{"floor":20,"key":"Necronomicon"},{"floor":23,"key":"MealTicket"},{"floor":25,"key":"Replay:Rubber Ducky"},{"floor":26,"key":"InkBottle"},{"floor":28,"key":"CeramicFish"},{"floor":41,"key":"Omamori"},{"floor":48,"key":"Bag of Preparation"}],"event_choices":[{"damage_healed":0,"gold_gain":50,"player_choice":"Pray","damage_taken":0,"max_hp_gain":0,"max_hp_loss":0,"event_name":"Golden Shrine","floor":4,"gold_loss":0},{"damage_healed":0,"gold_gain":0,"player_choice":"Obtained Book","damage_taken":21,"max_hp_gain":0,"max_hp_loss":0,"event_name":"Cursed Tome","floor":20,"gold_loss":0},{"damage_healed":0,"gold_gain":0,"player_choice":"Traded Relic","damage_taken":0,"relics_obtained":["Nloth\u0027s Gift"],"max_hp_gain":0,"max_hp_loss":0,"event_name":"N\u0027loth","floor":22,"relics_lost":["Darkstone Periapt"],"gold_loss":0},{"damage_healed":0,"gold_gain":0,"player_choice":"Read","damage_taken":0,"max_hp_gain":0,"max_hp_loss":0,"event_name":"The Library","floor":31,"gold_loss":0,"cards_obtained":["Chill"]},{"cards_removed":["Strike_B"],"damage_healed":0,"gold_gain":0,"player_choice":"Removed Attack","damage_taken":0,"max_hp_gain":0,"max_hp_loss":0,"event_name":"Falling","floor":36,"gold_loss":0},{"damage_healed":0,"gold_gain":0,"player_choice":"Ignored","damage_taken":0,"max_hp_gain":0,"max_hp_loss":0,"event_name":"WeMeetAgain","floor":38,"gold_loss":0}],"is_beta":false,"boss_relics":[{"not_picked":["Busted Crown","Kintsugi"],"picked":"Velvet Choker"},{"not_picked":["Abe\u0027s Treasure","SacredBark"],"picked":"Runic Pyramid"}],"items_purged_floors":[46],"is_endless":false,"potions_floor_spawned":[2,3,6,12,23,27,28,41,44],"killed_by":"Time Eater","ascension_level":20}}