{"host":"id1lehtnb7dzklac","time":1610961255,"event":{"mods":["AchievementEnabler","BaseMod","Bestiary","Block Reminder","Colored Map","Highlight Path","Minty Spire (QoL Compilation)","Permanent Neow","Random Character Button","StSLib","slay the spire mod where everything is the same but ironclad has a cowboy hat"],"gold_per_floor":[111,126,126,142,160,193,193,222,299,317,345,310,310,329,329,428,428,440,440,440,440,451,479,479,489,489,180,200,217,63,98,98,197,197,274,354,152,172,82,177,177,270,270,285,363,454,532,590,590,590,590,590,131,165,165],"floor_reached":56,"language":"ENG","playtime":2971,"items_purged":["Strike_P","Clumsy","Strike_P","Indignation+1"],"score":1537,"play_id":"05730151-ef88-4867-a567-4ed50aca2f7b","local_time":"20210118171415","is_ascension_mode":true,"campfire_choices":[{"data":"CrushJoints","floor":7.0,"key":"SMITH"},{"data":"FlyingSleeves","floor":13.0,"key":"SMITH"},{"data":"Eruption","floor":15.0,"key":"SMITH"},{"data":"J.A.X.","floor":24.0,"key":"SMITH"},{"data":"Omniscience","floor":32.0,"key":"SMITH"},{"floor":41.0,"key":"RECALL"}],"circlet_count":0,"master_deck":["Strike_P+1","Defend_P","Defend_P+1","Defend_P","Defend_P+1","Eruption+1","Vigilance","CrushJoints+1","FlyingSleeves+1","BowlingBash+1","Protect","InnerPeace","Omniscience+1","Ghostly+1","Ghostly+1","Ghostly","Ghostly+1","Ghostly","J.A.X.+1","FlurryOfBlows+1","ClearTheMind+1","FearNoEvil+1","LessonLearned+1","WheelKick+1","FlurryOfBlows","Wish+1","EmptyMind+1","Meditate+1","Tantrum+1","Wallop+1","Tantrum+1","EmptyFist+1"],"relics":["Coffee Dripper","Tiny Chest","Pocketwatch","Letter Opener","Nunchaku","Cursed Key","Toxic Egg 2","Shuriken","Fusion Hammer","CaptainsWheel","Orichalcum","Bottled Lightning","Singing Bowl","Melange","Bag of Marbles","StoneCalendar"],"acts_visited":["Exordium","TheCity","TheBeyond","TheEnding"],"potions_floor_usage":[48,55,55,55],"damage_taken":[{"damage":0.0,"enemies":"2 Louse","floor":1.0,"turns":2.0},{"damage":1.0,"enemies":"Jaw Worm","floor":2.0,"turns":4.0},{"damage":0.0,"enemies":"Small Slimes","floor":4.0,"turns":2.0},{"damage":7.0,"enemies":"Blue Slaver","floor":5.0,"turns":5.0},{"damage":18.0,"enemies":"3 Sentries","floor":6.0,"turns":5.0},{"damage":32.0,"enemies":"Gremlin Nob","floor":8.0,"turns":5.0},{"damage":8.0,"enemies":"Red Slaver","floor":10.0,"turns":2.0},{"damage":0.0,"enemies":"Lagavulin","floor":11.0,"turns":4.0},{"damage":0.0,"enemies":"Looter","floor":14.0,"turns":2.0},{"damage":20.0,"enemies":"Hexaghost","floor":16.0,"turns":11.0},{"damage":2.0,"enemies":"Spheric Guardian","floor":18.0,"turns":3.0},{"damage":3.0,"enemies":"Shell Parasite","floor":22.0,"turns":4.0},{"damage":2.0,"enemies":"Slavers","floor":23.0,"turns":5.0},{"damage":3.0,"enemies":"Snake Plant","floor":25.0,"turns":4.0},{"damage":1.0,"enemies":"Centurion and Healer","floor":28.0,"turns":7.0},{"damage":4.0,"enemies":"Shelled Parasite and Fungi","floor":29.0,"turns":3.0},{"damage":3.0,"enemies":"Book of Stabbing","floor":31.0,"turns":6.0},{"damage":12.0,"enemies":"Champ","floor":33.0,"turns":7.0},{"damage":1.0,"enemies":"3 Darklings","floor":35.0,"turns":9.0},{"damage":6.0,"enemies":"Orb Walker","floor":36.0,"turns":5.0},{"damage":3.0,"enemies":"Writhing Mass","floor":38.0,"turns":7.0},{"damage":7.0,"enemies":"Nemesis","floor":40.0,"turns":3.0},{"damage":1.0,"enemies":"Giant Head","floor":42.0,"turns":6.0},{"damage":0.0,"enemies":"Transient","floor":44.0,"turns":5.0},{"damage":7,"enemies":"4 Shapes","floor":45,"turns":4},{"damage":0,"enemies":"Nemesis","floor":46,"turns":5},{"damage":0,"enemies":"Spire Growth","floor":47,"turns":4},{"damage":0,"enemies":"Reptomancer","floor":48,"turns":5},{"damage":0,"enemies":"Awakened One","floor":50,"turns":5},{"damage":0,"enemies":"Shield and Spear","floor":54,"turns":6},{"damage":19,"enemies":"The Heart","floor":55,"turns":6}],"seed_played":"8095649326175274565","potions_obtained":[{"floor":2.0,"key":"ColorlessPotion"},{"floor":5.0,"key":"Strength Potion"},{"floor":8.0,"key":"SpeedPotion"},{"floor":14.0,"key":"EssenceOfSteel"},{"floor":18.0,"key":"Block Potion"},{"floor":25.0,"key":"DistilledChaos"},{"floor":31.0,"key":"DuplicationPotion"},{"floor":36.0,"key":"Strength Potion"},{"floor":40.0,"key":"Dexterity Potion"},{"floor":42.0,"key":"PowerPotion"},{"floor":48,"key":"Swift Potion"}],"is_trial":false,"path_per_floor":["M","M","?","M","M","E","R","E","T","M","E","?","R","M","R","B",null,"M","?","?","T","M","E","R","M","T","$","M","M","$","E","R","B",null,"M","M","$","M","?","E","R","E","T","M","M","E","M","E","R","B",null,"R","$","E","B",null],"character_chosen":"WATCHER","items_purchased":["FearNoEvil","LessonLearned","FlurryOfBlows","Meditate+1","Melange","Bag of Marbles"],"campfire_rested":0,"item_purchase_floors":[27,27,30,37,53,53],"current_hp_per_floor":[72,71,71,71,64,46,46,14,14,6,6,24,24,24,24,4,72,70,36,36,36,33,31,31,28,28,28,27,23,23,20,20,8,36,35,29,29,26,26,19,19,18,18,18,11,11,11,13,13,13,38,38,38,40,21],"gold":165,"neow_bonus":"BOSS_RELIC","is_daily":false,"chose_seed":false,"campfire_upgraded":5,"win_rate":0.0,"timestamp":1610961255,"path_taken":["M","M","?","M","M","E","R","E","T","M","E","?","R","M","R","BOSS","M","?","?","?","?","E","R","M","T","$","M","M","$","E","R","BOSS","M","M","$","M","?","E","R","E","T","M","M","E","M","E","R","BOSS","R","$","E","BOSS"],"items_purchased_type":["Card","Card","Card","Card","Relic","Relic"],"build_version":"2020-12-22","purchased_purges":4,"victory":true,"max_hp_per_floor":[72,72,72,72,72,72,72,72,72,72,72,72,72,72,72,72,72,72,36,36,36,36,36,36,36,36,36,36,36,36,36,36,36,36,36,36,36,36,36,36,36,36,36,36,36,36,36,38,38,38,38,38,38,40,40],"card_choices":[{"not_picked":["PathToVictory","Sanctity"],"picked":"CrushJoints","floor":1.0},{"not_picked":["EmptyBody","CrushJoints"],"picked":"FlyingSleeves","floor":2.0},{"not_picked":["Swivel","SashWhip"],"picked":"BowlingBash","floor":4.0},{"not_picked":["PathToVictory","JustLucky","FlyingSleeves"],"picked":"SKIP","floor":5.0},{"not_picked":["Fasting2","PathToVictory","Indignation"],"picked":"SKIP","floor":6.0},{"not_picked":["ReachHeaven","Pray","Nirvana"],"picked":"SKIP","floor":8.0},{"not_picked":["CutThroughFate","PathToVictory"],"picked":"Protect","floor":10.0},{"not_picked":["Nirvana","CutThroughFate"],"picked":"InnerPeace","floor":11.0},{"not_picked":["Study","PathToVictory","Devotion"],"picked":"SKIP","floor":14.0},{"not_picked":["DevaForm","MasterReality"],"picked":"Omniscience","floor":16.0},{"not_picked":["ThirdEye","CrushJoints","Weave"],"picked":"SKIP","floor":18.0},{"not_picked":["Consecrate+1","Nirvana"],"picked":"FlurryOfBlows","floor":22.0},{"not_picked":["Sanctity+1","Prostrate+1","Fasting2+1"],"picked":"SKIP","floor":23.0},{"not_picked":["Consecrate","Wireheading+1"],"picked":"ClearTheMind+1","floor":25.0},{"not_picked":["SashWhip","SignatureMove"],"picked":"Indignation+1","floor":28.0},{"not_picked":["Indignation+1","Evaluate+1"],"picked":"WheelKick","floor":29.0},{"not_picked":["ReachHeaven","Evaluate+1","DevaForm"],"picked":"SKIP","floor":31.0},{"not_picked":["Ragnarok","DevaForm"],"picked":"Wish+1","floor":33.0},{"not_picked":["EmptyFist+1","FlurryOfBlows+1","Consecrate"],"picked":"SKIP","floor":35.0},{"not_picked":["JustLucky","Sanctity+1"],"picked":"EmptyMind+1","floor":36.0},{"not_picked":["JustLucky+1","FlurryOfBlows","Protect+1"],"picked":"SKIP","floor":38.0},{"not_picked":["Brilliance","FlyingSleeves"],"picked":"Tantrum","floor":40.0},{"not_picked":["PathToVictory+1","EmptyFist"],"picked":"Wallop","floor":42.0},{"not_picked":["Crescendo+1","WaveOfTheHand+1"],"picked":"Tantrum+1","floor":44.0},{"not_picked":["Collect+1","Perseverance+1"],"picked":"EmptyFist+1","floor":45},{"not_picked":["Consecrate+1","LessonLearned","CrushJoints"],"picked":"SKIP","floor":46},{"not_picked":["EmptyBody+1","Evaluate+1","FollowUp+1"],"picked":"SKIP","floor":47},{"not_picked":["EmptyBody+1","Evaluate+1","FollowUp+1"],"picked":"SKIP","floor":47},{"not_picked":["DeusExMachina+1","EmptyBody+1","MasterReality"],"picked":"Singing Bowl","floor":48},{"not_picked":["Crescendo+1","Conclude+1","Consecrate"],"picked":"Singing Bowl","floor":54}],"player_experience":231334,"relics_obtained":[{"floor":6.0,"key":"Tiny Chest"},{"floor":8.0,"key":"Pocketwatch"},{"floor":9.0,"key":"Letter Opener"},{"floor":11.0,"key":"Nunchaku"},{"floor":23.0,"key":"Toxic Egg 2"},{"floor":31.0,"key":"Shuriken"},{"floor":40.0,"key":"CaptainsWheel"},{"floor":42.0,"key":"Orichalcum"},{"floor":46,"key":"Bottled Lightning"},{"floor":48,"key":"Singing Bowl"},{"floor":54,"key":"StoneCalendar"}],"event_choices":[{"damage_healed":0.0,"max_hp_gain":0.0,"max_hp_loss":0.0,"gold_gain":0.0,"event_name":"Liars Game","player_choice":"Ignored","floor":3.0,"gold_loss":0.0,"damage_taken":0.0},{"damage_healed":18.0,"max_hp_gain":0.0,"max_hp_loss":0.0,"gold_gain":0.0,"event_name":"The Cleric","player_choice":"Healed","floor":12.0,"gold_loss":35.0,"damage_taken":0.0},{"damage_healed":0.0,"max_hp_gain":0.0,"max_hp_loss":36.0,"gold_gain":0.0,"event_name":"Ghosts","player_choice":"Became a Ghost","floor":19.0,"gold_loss":0.0,"damage_taken":0.0,"cards_obtained":["Ghostly","Ghostly","Ghostly","Ghostly","Ghostly"]},{"damage_healed":0.0,"max_hp_gain":0.0,"max_hp_loss":0.0,"gold_gain":0.0,"event_name":"Drug Dealer","player_choice":"Obtain J.A.X.","floor":20.0,"gold_loss":0.0,"damage_taken":0.0,"cards_obtained":["J.A.X."]},{"cards_removed":["Strike_P"],"damage_healed":0.0,"max_hp_gain":0.0,"max_hp_loss":0.0,"gold_gain":0.0,"event_name":"Designer","player_choice":"Upgrade and Remove","floor":39.0,"gold_loss":90.0,"damage_taken":0.0,"cards_upgraded":["FearNoEvil"]}],"is_beta":false,"boss_relics":[{"not_picked":["Busted Crown","Velvet Choker"],"picked":"Cursed Key"},{"not_picked":["Runic Dome","Snecko Eye"],"picked":"Fusion Hammer"}],"items_purged_floors":[27,30,37,53],"is_endless":false,"potions_floor_spawned":[2,5,8,14,18,25,31,36,40,42,46,48,54],"ascension_level":1}}