{"host":"f5gffvlv6a66yqkd","time":1610999339,"event":{"mods":["2.2 Compatiblity","Alarm Clock","BaseMod","Colored Map","Custom Start","DeckTracker","Keyboard Shortcuts","Minty Spire (QoL Compilation)","Permanent Neow","Quick Restart","Relic Stats","StSLib","SuperFastMode"],"gold_per_floor":[114,264,264,281,41,41,72,72,95,95,121,14,14,26,26,104,104,114,114,14,31,31,31,60,60,139,164,164,182,199,124,124,201,201,211,161,36,50,61,61,76,76,76,123,123,138,138,157,157,157,157,157,157,7,33,33],"floor_reached":57,"language":"KOR","playtime":2466,"items_purged":["Doubt","Outmaneuver","Dagger Throw","Backstab"],"score":2642,"play_id":"f8ab6600-8e71-4861-b57d-ec7976ac50ed","local_time":"20210119044859","is_ascension_mode":true,"campfire_choices":[{"data":"Bouncing Flask","floor":6.0,"key":"SMITH"},{"data":"Burst","floor":8.0,"key":"SMITH"},{"data":"Neutralize","floor":13.0,"key":"SMITH"},{"data":"Dagger Spray","floor":15.0,"key":"SMITH"},{"data":"Catalyst","floor":23.0,"key":"SMITH"},{"floor":25.0,"key":"REST"},{"data":"Bullet Time","floor":28.0,"key":"SMITH"},{"data":"Footwork","floor":32.0,"key":"SMITH"},{"data":"Well Laid Plans","floor":40.0,"key":"SMITH"},{"data":"Catalyst","floor":45.0,"key":"SMITH"},{"floor":49,"key":"RECALL"},{"data":"Deflect","floor":53,"key":"SMITH"}],"circlet_count":0,"master_deck":["AscendersBane","Survivor","Neutralize+1","Bouncing Flask+1","Dagger Throw","Burst+1","Reflex+1","Prepared","Venomology","PiercingWail","Well Laid Plans+1","PiercingWail","Leg Sweep+1","Catalyst+1","Deflect+1","Catalyst+1","Bullet Time+1","Venomology","Footwork+1","Venomology","Escape Plan","Backflip+1","Thinking Ahead"],"relics":["Ring of the Snake","NeowsBlessing","OrangePellets","Pantograph","Nunchaku","Pandora\u0027s Box","Eternal Feather","HornCleat","Letter Opener","Cursed Key","Torii","Bag of Marbles"],"acts_visited":["Exordium","TheCity","TheBeyond","TheEnding"],"potions_floor_usage":[48,48,48,50,50,50,50,51,51,51,55,55,55,56,56,56,56,56],"damage_taken":[{"damage":0.0,"enemies":"Cultist","floor":1.0,"turns":1.0},{"damage":0.0,"enemies":"2 Louse","floor":4.0,"turns":1.0},{"damage":0.0,"enemies":"Gremlin Nob","floor":7.0,"turns":1.0},{"damage":14.0,"enemies":"3 Sentries","floor":11.0,"turns":7.0},{"damage":7.0,"enemies":"Jaw Worm","floor":14.0,"turns":3.0},{"damage":29.0,"enemies":"Hexaghost","floor":16.0,"turns":8.0},{"damage":0.0,"enemies":"Chosen","floor":18.0,"turns":3.0},{"damage":13.0,"enemies":"Shell Parasite","floor":21.0,"turns":5.0},{"damage":30.0,"enemies":"Book of Stabbing","floor":24.0,"turns":3.0},{"damage":3.0,"enemies":"Gremlin Leader","floor":27.0,"turns":4.0},{"damage":0.0,"enemies":"Snake Plant","floor":29.0,"turns":4.0},{"damage":0.0,"enemies":"Snecko","floor":30.0,"turns":3.0},{"damage":61.0,"enemies":"Collector","floor":33.0,"turns":10.0},{"damage":5.0,"enemies":"Orb Walker","floor":35.0,"turns":3.0},{"damage":8.0,"enemies":"3 Shapes","floor":38.0,"turns":5.0},{"damage":0.0,"enemies":"Maw","floor":39.0,"turns":4.0},{"damage":0.0,"enemies":"3 Darklings","floor":41.0,"turns":5.0},{"damage":10.0,"enemies":"2 Orb Walkers","floor":44.0,"turns":5.0},{"damage":1.0,"enemies":"Writhing Mass","floor":46.0,"turns":3.0},{"damage":0,"enemies":"Spire Growth","floor":48,"turns":3},{"damage":36,"enemies":"Awakened One","floor":50,"turns":9},{"damage":42,"enemies":"Donu and Deca","floor":51,"turns":8},{"damage":37,"enemies":"Shield and Spear","floor":55,"turns":8},{"damage":23,"enemies":"The Heart","floor":56,"turns":8}],"seed_played":"-1956291466566636578","potions_obtained":[{"floor":4.0,"key":"SkillPotion"},{"floor":7.0,"key":"Energy Potion"},{"floor":11.0,"key":"Dexterity Potion"},{"floor":24.0,"key":"Explosive Potion"},{"floor":41.0,"key":"Poison Potion"},{"floor":44.0,"key":"Swift Potion"},{"floor":46.0,"key":"PowerPotion"}],"is_trial":false,"path_per_floor":["M","?","?","M","$","R","E","R","T","$","E","$","R","M","R","B",null,"M","?","$","M","?","R","E","R","T","E","R","M","M","?","R","B",null,"M","?","$","M","M","R","M","$","T","?","R","M","?","M","R","B","B",null,"R","$","E","B",null],"character_chosen":"THE_SILENT","items_purchased":["OrangePellets","Reflex","Prepared"],"campfire_rested":1,"item_purchase_floors":[5,12,12],"current_hp_per_floor":[59,59,59,59,59,59,59,59,59,59,45,45,45,38,38,34,58,58,66,66,53,53,53,23,54,54,51,63,63,63,63,66,20,55,50,50,50,42,42,54,54,54,54,44,56,55,55,55,66,45,24,56,66,66,29,31],"gold":33,"neow_bonus":"THREE_ENEMY_KILL","is_daily":false,"chose_seed":false,"campfire_upgraded":10,"win_rate":0.0,"timestamp":1610999339,"path_taken":["M","?","?","?","$","R","E","R","T","?","E","$","R","M","R","BOSS","M","?","$","?","?","R","E","R","T","E","R","M","M","?","R","BOSS","M","?","$","M","?","R","M","$","T","?","R","M","?","M","R","BOSS","BOSS","R","$","E","BOSS"],"items_purchased_type":["Relic","Card","Card"],"build_version":"2020-12-22","purchased_purges":4,"victory":true,"max_hp_per_floor":[66,66,66,66,66,66,66,66,66,66,66,66,66,66,66,66,66,66,66,66,66,66,66,66,66,66,66,66,66,66,66,66,66,66,66,66,66,66,66,66,66,66,66,66,66,66,66,66,66,66,66,66,66,66,66,66],"relic_stats":{"OrangePellets":[10],"Nunchaku":[10],"Torii":8,"counters":[24,114],"Pantograph":71,"Pandora\u0027s Box":["Backstab","Outmaneuver","PiercingWail","Well Laid Plans","PiercingWail","Leg Sweep","Catalyst","Crippling Poison","Deflect"],"Eternal Feather":72,"Letter Opener":[583],"Cursed Key":0,"obtain_stats":[{"OrangePellets":5,"Nunchaku":11,"HornCleat":26,"NeowsBlessing":0,"Torii":44,"Pantograph":7,"Pandora\u0027s Box":17,"Eternal Feather":24,"Bag of Marbles":55,"Letter Opener":27,"Cursed Key":34,"Ring of the Snake":0},{"OrangePellets":2,"Nunchaku":4,"HornCleat":9,"NeowsBlessing":0,"Torii":18,"Pantograph":3,"Pandora\u0027s Box":6,"Eternal Feather":9,"Bag of Marbles":23,"Letter Opener":10,"Cursed Key":13,"Ring of the Snake":0},{"OrangePellets":2,"Nunchaku":10,"HornCleat":32,"NeowsBlessing":0,"Torii":75,"Pantograph":3,"Pandora\u0027s Box":21,"Eternal Feather":32,"Bag of Marbles":106,"Letter Opener":36,"Cursed Key":53,"Ring of the Snake":0}],"Ring of the Snake":[48]},"card_choices":[{"not_picked":["Slice","Distraction"],"picked":"Bouncing Flask","floor":1.0},{"not_picked":["Outmaneuver","Quick Slash"],"picked":"Dagger Spray","floor":4.0},{"not_picked":["Bane","All Out Attack"],"picked":"Burst","floor":7.0},{"not_picked":["Slice","Concentrate","Bouncing Flask"],"picked":"SKIP","floor":11.0},{"not_picked":["Slice","All Out Attack"],"picked":"Dagger Throw","floor":14.0},{"not_picked":["Bullet Time","Phantasmal Killer"],"picked":"Venomology","floor":16.0},{"not_picked":["Noxious Fumes","Poisoned Stab"],"picked":"Catalyst","floor":18.0},{"not_picked":["Leg Sweep","Dodge and Roll","Riddle With Holes"],"picked":"SKIP","floor":21.0},{"not_picked":["Calculated Gamble","Outmaneuver"],"picked":"Bullet Time","floor":24.0},{"not_picked":["Concentrate","Storm of Steel"],"picked":"Venomology","floor":27.0},{"not_picked":["Infinite Blades","Outmaneuver+1","Caltrops"],"picked":"SKIP","floor":29.0},{"not_picked":["Bane","Terror"],"picked":"Footwork","floor":30.0},{"not_picked":["Glass Knife","Burst"],"picked":"Venomology","floor":33.0},{"not_picked":["Sucker Punch","Noxious Fumes","Prepared"],"picked":"SKIP","floor":35.0},{"not_picked":["Deadly Poison","Eviscerate"],"picked":"Escape Plan","floor":38.0},{"not_picked":["Dodge and Roll","Setup","Crippling Poison+1"],"picked":"SKIP","floor":39.0},{"not_picked":["Underhanded Strike","Flechettes+1"],"picked":"Backflip+1","floor":41.0},{"not_picked":["Deadly Poison","Poisoned Stab","Quick Slash"],"picked":"SKIP","floor":46.0},{"not_picked":["Blind","Swift Strike"],"picked":"Thinking Ahead","floor":47},{"not_picked":["Deadly Poison","Blade Dance+1","Dagger Throw"],"picked":"SKIP","floor":48},{"not_picked":["Acrobatics","Backflip","Well Laid Plans+1"],"picked":"SKIP","floor":55}],"player_experience":1600010,"relics_obtained":[{"floor":7.0,"key":"Pantograph"},{"floor":11.0,"key":"Nunchaku"},{"floor":24.0,"key":"Eternal Feather"},{"floor":26.0,"key":"HornCleat"},{"floor":27.0,"key":"Letter Opener"},{"floor":44.0,"key":"Torii"},{"floor":55,"key":"Bag of Marbles"}],"event_choices":[{"damage_healed":0.0,"max_hp_gain":0.0,"max_hp_loss":0.0,"gold_gain":150.0,"event_name":"Liars Game","player_choice":"AGREE","floor":2.0,"gold_loss":0.0,"damage_taken":0.0,"cards_obtained":["Doubt"]},{"damage_healed":0.0,"max_hp_gain":0.0,"max_hp_loss":0.0,"gold_gain":0.0,"cards_transformed":["Strike_G"],"event_name":"Transmorgrifier","player_choice":"Transformed","floor":3.0,"gold_loss":0.0,"damage_taken":0.0,"cards_obtained":["Dagger Throw"]},{"cards_removed":["Crippling Poison"],"damage_healed":8.0,"max_hp_gain":0.0,"max_hp_loss":0.0,"gold_gain":0.0,"event_name":"Bonfire Elementals","player_choice":"Offered Uncommon","floor":19.0,"gold_loss":0.0,"damage_taken":0.0},{"cards_removed":["Dagger Spray"],"damage_healed":0.0,"max_hp_gain":0.0,"max_hp_loss":0.0,"gold_gain":0.0,"event_name":"Beggar","player_choice":"Gave Gold","floor":31.0,"gold_loss":75.0,"damage_taken":0.0},{"damage_healed":0.0,"max_hp_gain":0.0,"max_hp_loss":0.0,"gold_gain":0.0,"event_name":"Designer","player_choice":"Upgraded Two","floor":36.0,"gold_loss":50.0,"damage_taken":0.0,"cards_upgraded":["Reflex","Leg Sweep"]},{"damage_healed":0.0,"max_hp_gain":0.0,"max_hp_loss":0.0,"gold_gain":0.0,"event_name":"Mysterious Sphere","player_choice":"Fight","floor":44.0,"gold_loss":0.0,"damage_taken":0.0},{"damage_healed":0,"gold_gain":0,"player_choice":"Memory 1","damage_taken":0,"max_hp_gain":0,"max_hp_loss":0,"event_name":"SensoryStone","floor":47,"gold_loss":0}],"is_beta":false,"boss_relics":[{"not_picked":["WristBlade","Runic Pyramid"],"picked":"Pandora\u0027s Box"},{"not_picked":["Black Star","Philosopher\u0027s Stone"],"picked":"Cursed Key"}],"items_purged_floors":[5,20,37,54],"is_endless":false,"potions_floor_spawned":[4,7,11,16,24,27,33,35,41,44,46],"ascension_level":20}}