{"host":"9nt1zhl3k8mtcf72","time":1610928736,"event":{"mods":["Aspiration","BaseMod","BetterRewards","Conjunction","Conspire","Downfall","Energized Spire","Friendly Minions","GifTheSpireLib","Halation","Hubris","Infinite Spire","JesterMod","Mimic Mod","Minty Spire (QoL Compilation)","RatMod","Spikes Relics","StSLib","Stuff the Spire","Trackpad","Useless Jewels Mod","Wandering Minibosses","vexMod"],"gold_per_floor":[117,117,128,2,2,30,42,67,90,106,125,139,149,149,149,149,149],"floor_reached":16,"language":"ENG","playtime":612,"items_purged":[],"score":139,"play_id":"86ecc9da-85a4-44d2-87a8-f21ab0264b00","local_time":"20210117191216","is_ascension_mode":false,"campfire_choices":[{"floor":15,"key":"REST"}],"circlet_count":0,"master_deck":["jesterMod:Strike","jesterMod:Strike","jesterMod:Strike","jesterMod:Strike","jesterMod:Sickle","jesterMod:Defend","jesterMod:Defend","jesterMod:Defend","jesterMod:Defend","jesterMod:Dodge","jesterMod:Anticipation","jesterMod:Disposophobia","jesterMod:HedgehogForm","jesterMod:Disposophobia","jesterMod:Procrastination","jesterMod:OblivionStrike","jesterMod:Juggler","jesterMod:Disposophobia","Parasite"],"relics":["jesterMod:JesterCap","NeowsBlessing","StuffTheSpire:HeavyRock","hubris:CuriousFeather","trackpad:FieryHotPepper","Dream Catcher"],"acts_visited":["Exordium"],"potions_floor_usage":[4,8,16,16],"damage_taken":[{"damage":0,"enemies":"Small Slimes","floor":1,"turns":1},{"damage":0,"enemies":"Jaw Worm","floor":3,"turns":1},{"damage":0,"enemies":"3 Sentries","floor":6,"turns":2},{"damage":0,"enemies":"conspire:RoseBush","floor":7,"turns":3},{"damage":9,"enemies":"Lagavulin","floor":8,"turns":6},{"damage":21,"enemies":"Gremlin Gang","floor":10,"turns":3},{"damage":11,"enemies":"2 Fungi Beasts","floor":11,"turns":3},{"damage":18,"enemies":"Exordium Wildlife","floor":12,"turns":5},{"damage":13,"enemies":"Red Slaver","floor":13,"turns":3},{"damage":44,"enemies":"The Guardian","floor":16,"turns":9}],"seed_played":"7103379367888670162","potions_obtained":[{"floor":6,"key":"Strength Potion"},{"floor":8,"key":"LiquidBronze"},{"floor":13,"key":"BlessingOfTheForge"}],"is_trial":false,"path_per_floor":["M","?","M","$","?","E","M","E","T","M","M","M","M","?","R","B"],"character_chosen":"THE_JESTER","items_purchased":["jesterMod:Disposophobia","Fruit Juice"],"campfire_rested":1,"item_purchase_floors":[4,4],"current_hp_per_floor":[70,70,70,75,75,75,75,66,66,45,34,16,3,21,43,0,0],"gold":149,"neow_bonus":"THREE_ENEMY_KILL","is_daily":false,"chose_seed":false,"campfire_upgraded":0,"win_rate":0.0,"timestamp":1610928736,"path_taken":["M","?","M","$","?","E","?","E","T","M","M","M","?","?","R","BOSS"],"items_purchased_type":["Card","Potion"],"build_version":"2020-12-22","purchased_purges":0,"victory":false,"max_hp_per_floor":[70,70,70,75,75,75,75,75,75,75,75,75,75,75,75,75,75],"card_choices":[{"not_picked":["jesterMod:Flee","jesterMod:Loot"],"picked":"jesterMod:Anticipation","floor":1},{"not_picked":["jesterMod:JugglerBlade","jesterMod:Procrastination"],"picked":"jesterMod:MudBall","floor":3},{"not_picked":["jesterMod:Illness","jesterMod:Patience"],"picked":"jesterMod:HedgehogForm","floor":6},{"not_picked":["jesterMod:QuickStrike","jesterMod:Prankster"],"picked":"jesterMod:Disposophobia","floor":7},{"not_picked":["jesterMod:Prankster","jesterMod:Inspiration"],"picked":"jesterMod:Procrastination","floor":8},{"not_picked":["jesterMod:Anticipation","jesterMod:Patience"],"picked":"jesterMod:OblivionStrike","floor":10},{"not_picked":["jesterMod:Patience","jesterMod:SmokeScreen"],"picked":"jesterMod:Juggler","floor":11},{"not_picked":["jesterMod:Precipitation","jesterMod:Exasperation"],"picked":"jesterMod:Disposophobia","floor":12},{"not_picked":["jesterMod:Patience","jesterMod:QuickStrike","jesterMod:FlameDance"],"picked":"SKIP","floor":13}],"player_experience":486714,"relics_obtained":[{"floor":2,"key":"StuffTheSpire:HeavyRock"},{"floor":6,"key":"trackpad:FieryHotPepper"},{"floor":8,"key":"Dream Catcher"}],"event_choices":[{"cards_removed":["jesterMod:MudBall"],"damage_healed":0,"gold_gain":0,"player_choice":"Gave Card","damage_taken":0,"relics_obtained":["hubris:CuriousFeather"],"max_hp_gain":0,"max_hp_loss":0,"event_name":"WeMeetAgain","floor":5,"gold_loss":0},{"damage_healed":18,"gold_gain":0,"player_choice":"Healed and dodged fight","damage_taken":0,"max_hp_gain":0,"max_hp_loss":0,"event_name":"Mushrooms","floor":14,"gold_loss":0,"cards_obtained":["Parasite"]}],"is_beta":false,"boss_relics":[],"items_purged_floors":[],"is_endless":false,"potions_floor_spawned":[6,8,13],"killed_by":"The Guardian","ascension_level":0}}