{"host":"r4r4helli6evr3pz","time":1610992786,"event":{"mods":["A Magickal Journey","AchievementEnabler","Act Like it!","Aspiration","BaseMod","Better Note","BetterRewards","Challenge The Spire","Conspire","Curses Come First","DeckTracker","Evolution","GifTheSpireLib","Gold Saver","GungeonMod","Hermit","Hubris","Hyrulean Relics","Infinite Spire","JesterMod","Lobotomy","Mimic Mod","Minty Spire (QoL Compilation)","Quick Restart","Random Character Button","Relic Sorter","Relic Stats","Replay The Spire","Reworked Bosses","Shop Mod","Somnambulant","StSLib","Stuff the Spire","SuperFastMode","The Blackbeard","The Bug Knight","The Clintock","The Construct","The Cursed","The Druid","The Forsaken","The Hierophant","The Necromancer","The Poker Player","The Problem Sleuth","The Runesmith","vexMod"],"gold_per_floor":[218,218,228,243,243,254,254,267,292,292,311,311,311],"floor_reached":12,"language":"RUS","playtime":3491,"items_purged":[],"score":90,"play_id":"240586c5-9afa-40b8-8ee8-b53bffb998a1","local_time":"20210118215946","is_ascension_mode":true,"campfire_choices":[{"data":"Demonic Infusion","floor":7,"key":"SMITH"}],"circlet_count":0,"master_deck":["Strike_R","Strike_R","Strike_R","Strike_R","Strike_R","Defend_R","Defend_R","Defend_R","Defend_R","Bash+1","Demonic Infusion+1","Injury","Rampage+1","Regret"],"relics":["Burning Blood","EVO:Axolotl","Molten Egg 2","Frozen Egg 2","infinitespire:Beetle Shell"],"acts_visited":["Exordium"],"potions_floor_usage":[11,12],"damage_taken":[{"damage":2,"enemies":"conspire:RoseBush","floor":1,"turns":4},{"damage":13,"enemies":"Jaw Worm","floor":3,"turns":3},{"damage":7,"enemies":"Small Slimes","floor":4,"turns":4},{"damage":17,"enemies":"3 Louse","floor":6,"turns":4},{"damage":14,"enemies":"2 Fungi Beasts","floor":8,"turns":6},{"damage":9,"enemies":"conspire:2 RoseBushes","floor":11,"turns":4},{"damage":55,"enemies":"3 Sentries","floor":12,"turns":8}],"seed_played":"4828318600247254720","potions_obtained":[{"floor":1,"key":"Fire Potion"},{"floor":8,"key":"DemoMod:BlankPotion"},{"floor":11,"key":"Weak Potion"}],"is_trial":false,"path_per_floor":["M","?","M","M","?","M","R","M","T","?","M","E"],"character_chosen":"IRONCLAD","items_purchased":[],"campfire_rested":0,"item_purchase_floors":[],"current_hp_per_floor":[80,80,73,72,72,61,61,53,53,53,50,0,0],"gold":311,"neow_bonus":"HUNDRED_GOLD","is_daily":false,"chose_seed":false,"campfire_upgraded":1,"win_rate":0.0,"timestamp":1610992786,"path_taken":["M","?","M","M","?","M","R","M","T","?","M","E"],"items_purchased_type":[],"build_version":"2020-12-22","purchased_purges":0,"victory":false,"max_hp_per_floor":[80,80,80,80,80,80,80,80,80,80,80,80,80],"relic_stats":{"counters":[7,33],"obtain_stats":[{"Molten Egg 2":2,"DemoMod:GlassGuonStoneRelic":1,"infinitespire:Beetle Shell":9,"EVO:Axolotl":0,"Frozen Egg 2":5,"Burning Blood":0},{"Molten Egg 2":1,"DemoMod:GlassGuonStoneRelic":1,"infinitespire:Beetle Shell":5,"EVO:Axolotl":0,"Frozen Egg 2":3,"Burning Blood":0},{"Molten Egg 2":4,"DemoMod:GlassGuonStoneRelic":4,"infinitespire:Beetle Shell":21,"EVO:Axolotl":0,"Frozen Egg 2":11,"Burning Blood":0}],"Burning Blood":32},"card_choices":[{"not_picked":["Anger","Replay:Undeath\u0027s Touch"],"picked":"Demonic Infusion","floor":1},{"not_picked":["Perfected Strike+1","DemoMod:WhiteBlade+1","Flex"],"picked":"SKIP","floor":3},{"not_picked":["Body Slam+1","Perfected Strike+1"],"picked":"Rampage+1","floor":4},{"not_picked":["Immolate+1","StuffTheSpire:RagingBull+1","DemoMod:BlackBlade+1"],"picked":"SKIP","floor":6},{"not_picked":["Anger+1","Perfected Strike+1","Replay:Undeath\u0027s Touch+1"],"picked":"SKIP","floor":8},{"not_picked":["Abandon","StuffTheSpire:RockThrow+1","Headbutt+1"],"picked":"SKIP","floor":11}],"player_experience":710312,"relics_obtained":[{"floor":9,"key":"infinitespire:Beetle Shell"}],"event_choices":[{"damage_healed":0,"gold_gain":0,"player_choice":"Box","damage_taken":0,"relics_obtained":["Frozen Egg 2"],"max_hp_gain":0,"max_hp_loss":0,"event_name":"Big Fish","floor":5,"gold_loss":0,"cards_obtained":["Regret"]},{"damage_healed":0,"gold_gain":0,"player_choice":"Grow","damage_taken":0,"max_hp_gain":0,"max_hp_loss":0,"event_name":"Living Wall","floor":10,"gold_loss":0,"cards_upgraded":["Bash"]}],"is_beta":false,"boss_relics":[],"items_purged_floors":[],"is_endless":false,"potions_floor_spawned":[1,8,11],"killed_by":"3 Sentries","ascension_level":5}}