{"host":"Qube","time":1610936155,"event":{"mods":["AchievementEnabler","BaseMod","Colored Map","Colored Powertips","Minty Spire (QoL Compilation)","Quick Restart","Random Character Button","StSLib"],"gold_per_floor":[109,184,184,195,195,227,244,278,278,278,295,345,355,389,389,389,389],"floor_reached":16,"language":"ENG","playtime":485,"items_purged":[],"score":290,"play_id":"e309172c-5eab-4e9f-9a03-e754ef4f4d03","local_time":"20210117181555","is_ascension_mode":true,"campfire_choices":[{"floor":10.0,"key":"REST"},{"floor":15,"key":"REST"}],"circlet_count":0,"master_deck":["AscendersBane","Strike_G","Strike_G","Strike_G","Strike_G","Strike_G","Defend_G","Defend_G","Defend_G","Defend_G","Survivor","Neutralize","Noxious Fumes","Leg Sweep","Adrenaline","Dash","Deflect","Malaise","Backflip"],"relics":["Ring of the Snake","NeowsBlessing","Shovel","Kunai","Eternal Feather","Potion Belt"],"acts_visited":["Exordium"],"potions_floor_usage":[13,13],"damage_taken":[{"damage":0.0,"enemies":"Jaw Worm","floor":1.0,"turns":1.0},{"damage":0.0,"enemies":"Small Slimes","floor":4.0,"turns":1.0},{"damage":0.0,"enemies":"3 Sentries","floor":6.0,"turns":2.0},{"damage":0.0,"enemies":"Cultist","floor":7.0,"turns":3.0},{"damage":35.0,"enemies":"Gremlin Nob","floor":8.0,"turns":5.0},{"damage":0.0,"enemies":"Blue Slaver","floor":11.0,"turns":5.0},{"damage":9,"enemies":"Exordium Thugs","floor":13,"turns":4},{"damage":21,"enemies":"3 Sentries","floor":14,"turns":9},{"damage":8,"enemies":"Slime Boss","floor":16,"turns":8}],"seed_played":"-7135106088948886666","potions_obtained":[{"floor":6.0,"key":"Swift Potion"},{"floor":8.0,"key":"FearPotion"},{"floor":11.0,"key":"SneckoOil"},{"floor":13,"key":"Ancient Potion"}],"is_trial":false,"path_per_floor":["M","?","?","M","?","E","M","E","T","R","M","?","M","E","R","B"],"character_chosen":"THE_SILENT","items_purchased":[],"campfire_rested":2,"item_purchase_floors":[],"current_hp_per_floor":[59,48,41,41,41,41,41,6,6,34,34,34,25,4,32,24,24],"gold":389,"neow_bonus":"THREE_ENEMY_KILL","is_daily":false,"chose_seed":false,"campfire_upgraded":0,"win_rate":0.0,"timestamp":1610936155,"path_taken":["M","?","?","M","?","E","M","E","T","R","?","?","M","E","R","BOSS"],"items_purchased_type":[],"build_version":"2020-12-18","purchased_purges":0,"victory":false,"max_hp_per_floor":[66,66,66,66,66,66,66,66,66,66,66,66,66,66,66,66,66],"card_choices":[{"not_picked":["Deadly Poison","Choke"],"picked":"Noxious Fumes","floor":1.0},{"not_picked":["Masterful Stab","Footwork"],"picked":"Leg Sweep","floor":4.0},{"not_picked":["Acrobatics","Masterful Stab"],"picked":"Dash","floor":6.0},{"not_picked":["Backstab","Expertise"],"picked":"Deflect","floor":7.0},{"not_picked":["Underhanded Strike","Well Laid Plans","Concentrate"],"picked":"SKIP","floor":8.0},{"not_picked":["Bane","Backstab"],"picked":"Malaise","floor":11.0},{"not_picked":["Sucker Punch","Prepared","Caltrops"],"picked":"SKIP","floor":13},{"not_picked":["Infinite Blades","Noxious Fumes"],"picked":"Backflip","floor":14}],"player_experience":919112,"relics_obtained":[{"floor":6.0,"key":"Shovel"},{"floor":8.0,"key":"Kunai"},{"floor":9.0,"key":"Eternal Feather"},{"floor":14,"key":"Potion Belt"}],"event_choices":[{"damage_healed":0.0,"max_hp_gain":0.0,"max_hp_loss":0.0,"gold_gain":75.0,"event_name":"World of Goop","player_choice":"Gather Gold","floor":2.0,"gold_loss":0.0,"damage_taken":11.0},{"cards_removed":["Defend_G"],"damage_healed":0.0,"max_hp_gain":0.0,"max_hp_loss":0.0,"gold_gain":0.0,"event_name":"Golden Wing","player_choice":"Card Removal","floor":3.0,"gold_loss":0.0,"damage_taken":7.0},{"damage_healed":0.0,"max_hp_gain":0.0,"max_hp_loss":0.0,"gold_gain":0.0,"event_name":"Match and Keep!","player_choice":"1 cards matched","floor":5.0,"gold_loss":0.0,"damage_taken":0.0,"cards_obtained":["Adrenaline"]},{"damage_healed":0.0,"max_hp_gain":0.0,"max_hp_loss":0.0,"gold_gain":50.0,"event_name":"Golden Shrine","player_choice":"Pray","floor":12.0,"gold_loss":0.0,"damage_taken":0.0}],"is_beta":true,"boss_relics":[],"items_purged_floors":[],"is_endless":false,"potions_floor_spawned":[6,8,11,13],"killed_by":"Slime Boss","ascension_level":20}}