{"host":"v417sqk9t447evpw","time":1610973590,"event":{"mods":["2.2 Compatiblity","AchievementEnabler","BaseMod","DeckTracker","Highlight Path","Keyboard Shortcuts","Minty Spire (QoL Compilation)","Permanent Neow","Quick Restart","Replay The Spire","StSLib"],"gold_per_floor":[118,193,2,2,16,16,50,60,60,60,86,86,86,21,21,98,98,115,115,32,42,59,59,84,84,84,84,118,25,25,53,53,129,129,147,147,147,158,172,207,207,46,46,46,170,170,170,21,21,21,21,21,21,1,36,36],"floor_reached":57,"language":"KOR","playtime":2140,"items_purged":["Strike_G","Strike_G","Defend_G"],"score":2851,"play_id":"9e40c64f-7857-44e8-bd5b-53d649d793f7","local_time":"20210118213950","is_ascension_mode":true,"campfire_choices":[{"floor":6,"key":"REST"},{"floor":10,"key":"REST"},{"data":"Accuracy","floor":12,"key":"SMITH"},{"data":"Blade Dance","floor":23,"key":"SMITH"},{"data":"Blade Dance","floor":25,"key":"SMITH"},{"data":"ReplayTheSpireMod:Scrap Shanks","floor":27,"key":"SMITH"},{"data":"Phantasmal Killer","floor":41,"key":"SMITH"},{"data":"ReplayTheSpireMod:Shiv Toss","floor":44,"key":"SMITH"},{"data":"Tactician","floor":46,"key":"SMITH"},{"floor":49,"key":"RECALL"},{"data":"Madness","floor":53,"key":"SMITH"}],"circlet_count":0,"master_deck":["AscendersBane","Defend_G","Defend_G","Defend_G","Survivor","Neutralize","Accuracy+1","Cloak And Dagger+1","Calculated Gamble+1","Hidden Blade","Blade Dance+1","Dash","Cloak And Dagger+1","ReplayTheSpireMod:Scrap Shanks+1","ReplayTheSpireMod:From All Sides+1","ReplayTheSpireMod:Speed Training+1","ReplayTheSpireMod:From All Sides+1","Tools of the Trade+1","Blade Dance+1","Reflex","Prepared","PiercingWail","Hidden Blade","ReplayTheSpireMod:Shiv Toss+1","ReplayTheSpireMod:Shiv Toss+1","Prepared","Phantasmal Killer+1","Choke+1","Sucker Punch","Cloak And Dagger+1","Tactician+1","Tools of the Trade+1","ReplayTheSpireMod:Shiv Toss+1","ReplayTheSpireMod:IOU","Backflip","Madness+1","Madness","Infinite Blades","Backflip","Infinite Blades","Blade Dance"],"relics":["Ring of the Snake","Membership Card","Replay:Bottled Eggs","Happy Flower","Mummified Hand","Pantograph","Garlic","Astrolabe","Kunai","Meat on the Bone","Replay:Rubber Ducky","Centennial Puzzle","SacredBark","Potion Belt","Guide Book","ReplayTheSpireMod:CursedCoin","Chemical X","Replay:WaspNest"],"acts_visited":["Exordium","TheCity","TheBeyond","TheEnding"],"potions_floor_usage":[7,11,31,50,56,56,56,56,56],"damage_taken":[{"damage":0.0,"enemies":"2 Louse","floor":1.0,"turns":2.0},{"damage":10,"enemies":"Small Slimes","floor":5,"turns":4},{"damage":24,"enemies":"Replay:BlueRogue","floor":7,"turns":8},{"damage":0,"enemies":"Jaw Worm","floor":8,"turns":4},{"damage":0,"enemies":"Gremlin Nob","floor":11,"turns":2},{"damage":37,"enemies":"The Guardian","floor":16,"turns":8},{"damage":7,"enemies":"Shell Parasite","floor":18,"turns":2},{"damage":0,"enemies":"2 Thieves","floor":21,"turns":2},{"damage":9,"enemies":"Snake Plant","floor":22,"turns":4},{"damage":9,"enemies":"Slavers","floor":24,"turns":5},{"damage":0,"enemies":"Gremlin Leader","floor":28,"turns":4},{"damage":4,"enemies":"Slavers","floor":31,"turns":4},{"damage":3,"enemies":"Pondfish","floor":33,"turns":6},{"damage":0,"enemies":"Orb Walker","floor":35,"turns":4},{"damage":12,"enemies":"3 Darklings","floor":38,"turns":4},{"damage":0,"enemies":"Maw","floor":39,"turns":3},{"damage":0,"enemies":"Giant Head","floor":40,"turns":4},{"damage":1,"enemies":"Awakened One","floor":50,"turns":4},{"damage":25,"enemies":"Replay:Hell Engine","floor":51,"turns":6},{"damage":30,"enemies":"Shield and Spear","floor":55,"turns":4},{"damage":52,"enemies":"The Heart","floor":56,"turns":5}],"seed_played":"419820145738538293","potions_obtained":[{"floor":1.0,"key":"Explosive Potion"},{"floor":7,"key":"SteroidPotion"},{"floor":21,"key":"Flashbang"},{"floor":24,"key":"SteroidPotion"},{"floor":33,"key":"LiquidMemories"},{"floor":55,"key":"EntropicBrew"}],"is_trial":false,"path_per_floor":["M","?","$","?","M","R","E","M","T","R","E","R","T","$","R","B",null,"M","?","$","M","M","R","E","R","T","R","E","$","?","E","R","B",null,"M","?","?","M","M","E","R","$","T","R","$","R","?","$","R","B","B",null,"R","$","E","B",null],"character_chosen":"THE_SILENT","items_purchased":["Membership Card","Cloak And Dagger","Cloak And Dagger","ReplayTheSpireMod:Scrap Shanks","Reflex","ReplayTheSpireMod:Shiv Toss","ReplayTheSpireMod:Shiv Toss","Guide Book","ReplayTheSpireMod:CursedCoin","Backflip","Chemical X","Infinite Blades","Backflip","Infinite Blades"],"campfire_rested":2,"item_purchase_floors":[3,3,14,14,20,29,42,42,45,45,48,48,48,54],"current_hp_per_floor":[64,53,53,27,17,38,14,14,14,35,35,35,35,35,56,34,62,55,55,55,55,46,46,37,37,37,37,37,37,17,25,47,69,74,74,74,74,62,62,62,62,62,62,62,62,62,48,48,48,72,51,70,70,70,40,25],"gold":36,"neow_bonus":"RANDOM_EVENT","is_daily":false,"chose_seed":false,"campfire_upgraded":8,"win_rate":0.0,"timestamp":1610973590,"path_taken":["M","?","$","?","M","R","E","M","T","R","E","R","?","$","R","BOSS","M","?","$","?","M","R","E","R","T","R","E","$","?","E","R","BOSS","M","?","?","M","?","E","R","$","T","R","$","R","?","$","R","BOSS","BOSS","R","$","E","BOSS"],"items_purchased_type":["Relic","Card","Card","Card","Card","Card","Card","Relic","Relic","Card","Relic","Card","Card","Card"],"build_version":"2020-12-22","purchased_purges":3,"victory":true,"max_hp_per_floor":[71,71,71,71,71,71,71,71,71,71,71,71,71,71,71,71,71,71,71,71,71,71,71,71,71,71,71,71,71,76,76,76,76,76,76,76,76,76,76,76,76,76,76,76,76,76,76,76,76,76,76,76,76,76,76,76],"card_choices":[{"not_picked":["Quick Slash","Outmaneuver"],"picked":"Accuracy","floor":1.0},{"not_picked":["Prepared","All Out Attack","Calculated Gamble"],"picked":"SKIP","floor":5},{"not_picked":["Prepared","All Out Attack"],"picked":"Calculated Gamble","floor":5},{"not_picked":["Caltrops","Underhanded Strike"],"picked":"Hidden Blade","floor":7},{"not_picked":["Cloak And Dagger","Dagger Spray"],"picked":"Blade Dance","floor":8},{"not_picked":["Wraith Form v2","Setup"],"picked":"Dash","floor":11},{"not_picked":["Bullet Time","Grand Finale"],"picked":"ReplayTheSpireMod:From All Sides","floor":16},{"not_picked":["Quick Slash","Deadly Poison"],"picked":"Blade Dance","floor":18},{"not_picked":["Dagger Throw","Slice"],"picked":"Prepared","floor":21},{"not_picked":["Endless Agony+1","Deadly Poison"],"picked":"PiercingWail","floor":22},{"not_picked":["Poisoned Stab","Sneak Up+1"],"picked":"Hidden Blade","floor":24},{"not_picked":["Quick Slash","Backflip"],"picked":"ReplayTheSpireMod:Shiv Toss+1","floor":28},{"not_picked":["Riddle With Holes","Deflect"],"picked":"Prepared","floor":31},{"not_picked":["Night Terror","Grand Finale"],"picked":"Phantasmal Killer","floor":33},{"not_picked":["Sucker Punch","Prepared"],"picked":"Choke+1","floor":35},{"not_picked":["Sucker Punch","Blade Dance"],"picked":"Cloak And Dagger+1","floor":38},{"not_picked":["Distraction","Hidden Blade"],"picked":"Tactician","floor":39},{"not_picked":["Acrobatics","PiercingWail"],"picked":"Tools of the Trade","floor":40},{"not_picked":["Deflect","Crippling Poison"],"picked":"Blade Dance","floor":55}],"player_experience":924880,"relics_obtained":[{"floor":7,"key":"Happy Flower"},{"floor":9,"key":"Mummified Hand"},{"floor":11,"key":"Pantograph"},{"floor":13,"key":"Garlic"},{"floor":24,"key":"Kunai"},{"floor":26,"key":"Meat on the Bone"},{"floor":28,"key":"Replay:Rubber Ducky"},{"floor":31,"key":"Centennial Puzzle"},{"floor":40,"key":"Potion Belt"},{"floor":55,"key":"Replay:WaspNest"}],"event_choices":[{"damage_healed":0.0,"max_hp_gain":5.0,"max_hp_loss":0.0,"gold_gain":0.0,"event_name":"Big Fish","player_choice":"Donut","floor":0.0,"gold_loss":0.0,"damage_taken":0.0},{"damage_healed":0.0,"max_hp_gain":0.0,"max_hp_loss":0.0,"gold_gain":75.0,"event_name":"World of Goop","player_choice":"Gather Gold","floor":2.0,"gold_loss":0.0,"damage_taken":11.0},{"damage_healed":0,"gold_gain":0,"player_choice":"Success","damage_taken":26,"relics_obtained":["Replay:Bottled Eggs"],"max_hp_gain":0,"max_hp_loss":0,"event_name":"Scrap Ooze","floor":4,"gold_loss":0},{"damage_healed":0,"gold_gain":0,"player_choice":"Ignored","damage_taken":0,"max_hp_gain":0,"max_hp_loss":0,"event_name":"N\u0027loth","floor":19,"gold_loss":0},{"damage_healed":0,"gold_gain":0,"player_choice":"Shed Blood","damage_taken":25,"max_hp_gain":5,"max_hp_loss":0,"event_name":"Forgotten Altar","floor":30,"gold_loss":0},{"damage_healed":0,"gold_gain":0,"player_choice":"Ignored","damage_taken":0,"max_hp_gain":0,"max_hp_loss":0,"event_name":"Tomb of Lord Red Mask","floor":36,"gold_loss":0},{"damage_healed":0,"gold_gain":0,"cards_transformed":["Defend_G"],"player_choice":"Transformed","damage_taken":0,"max_hp_gain":0,"max_hp_loss":0,"event_name":"Transmorgrifier","floor":37,"gold_loss":0,"cards_obtained":["Sucker Punch"]},{"damage_healed":0,"gold_gain":0,"player_choice":"Embrace Madness","damage_taken":14,"max_hp_gain":0,"max_hp_loss":0,"event_name":"Winding Halls","floor":47,"gold_loss":0,"cards_obtained":["Madness","Madness"]}],"is_beta":false,"boss_relics":[{"not_picked":["Velvet Choker","Kintsugi"],"picked":"Astrolabe"},{"not_picked":["Fusion Hammer","Sozu"],"picked":"SacredBark"}],"items_purged_floors":[20,29,42],"is_endless":false,"potions_floor_spawned":[1,7,21,24,33,38,39,55],"ascension_level":20}}