{"host":"d4q750jvy4fei3fg","time":1610950474,"event":{"mods":["BaseMod","Downfall","Minty Spire (QoL Compilation)","StSLib"],"gold_per_floor":[109,123,49,59,59,59,99,99,99,135,150,174,174,174],"floor_reached":13,"language":"ENG","playtime":778,"items_purged":[],"score":109,"play_id":"c581cc16-d1dc-4d8d-81f3-5d282cd83e5d","local_time":"20210118011434","is_ascension_mode":true,"campfire_choices":[{"data":"Backstab","floor":6,"key":"SMITH"},{"data":"Unload","floor":8,"key":"SMITH"}],"circlet_count":0,"master_deck":["Strike_G","Strike_G","Strike_G","Strike_G","Defend_G","Defend_G","Defend_G","Survivor","Neutralize","Prepared+1","Caltrops+1","Backstab+1","Backstab+1","Dagger Spray","Infinite Blades","Blade Dance","Unload+1","Dagger Spray","PiercingWail","Dagger Throw"],"relics":["Astrolabe","Golden Idol","Bottled Flame","The Courier","Potion Belt"],"acts_visited":["Exordium"],"potions_floor_usage":[13],"damage_taken":[{"damage":1,"enemies":"2 Louse","floor":1,"turns":2},{"damage":1,"enemies":"Small Slimes","floor":2,"turns":2},{"damage":0,"enemies":"Jaw Worm","floor":4,"turns":3},{"damage":17,"enemies":"Lagavulin","floor":7,"turns":5},{"damage":10,"enemies":"Gremlin Nob","floor":10,"turns":3},{"damage":0,"enemies":"Large Slime","floor":11,"turns":2},{"damage":0,"enemies":"2 Fungi Beasts","floor":12,"turns":1},{"damage":27,"enemies":"Lagavulin","floor":13,"turns":3}],"seed_played":"-8977339465000405637","potions_obtained":[{"floor":4,"key":"SpeedPotion"},{"floor":10,"key":"Ancient Potion"},{"floor":12,"key":"Swift Potion"}],"is_trial":false,"path_per_floor":["M","M","$","M","?","R","E","R","T","E","M","M","E"],"character_chosen":"THE_SILENT","items_purchased":["Infinite Blades"],"campfire_rested":0,"item_purchase_floors":[3],"current_hp_per_floor":[69,68,68,68,51,51,34,34,34,24,24,24,0,0],"gold":174,"neow_bonus":"BOSS_RELIC","is_daily":false,"chose_seed":false,"campfire_upgraded":2,"win_rate":0.0,"timestamp":1610950474,"path_taken":["M","M","$","M","?","R","E","R","T","E","M","M","E"],"items_purchased_type":["Card"],"build_version":"2020-12-22","purchased_purges":0,"victory":false,"max_hp_per_floor":[70,70,70,70,70,70,70,70,70,70,70,70,70,70],"card_choices":[{"not_picked":["Blade Dance","Sucker Punch"],"picked":"Backstab","floor":1},{"not_picked":["Slice","Poisoned Stab"],"picked":"Dagger Spray","floor":2},{"not_picked":["Terror","Bane"],"picked":"Blade Dance","floor":4},{"not_picked":["Riddle With Holes","Dodge and Roll"],"picked":"Unload","floor":7},{"not_picked":["Crippling Poison","Choke"],"picked":"Dagger Spray","floor":10},{"not_picked":["Quick Slash","Infinite Blades"],"picked":"PiercingWail","floor":11},{"not_picked":["Noxious Fumes","Sucker Punch"],"picked":"Dagger Throw","floor":12}],"player_experience":152869,"relics_obtained":[{"floor":7,"key":"Bottled Flame"},{"floor":9,"key":"The Courier"},{"floor":10,"key":"Potion Belt"}],"event_choices":[{"damage_healed":0,"gold_gain":0,"player_choice":"Take Damage","damage_taken":17,"relics_obtained":["Golden Idol"],"max_hp_gain":0,"max_hp_loss":0,"event_name":"Golden Idol","floor":5,"gold_loss":0}],"is_beta":false,"boss_relics":[],"items_purged_floors":[],"is_endless":false,"potions_floor_spawned":[4,10,12],"killed_by":"Lagavulin","ascension_level":3}}