{"host":"3twtdwjpiqhvvn5s","time":1610985018,"event":{"mods":["AchievementEnabler","Act Like it!","Aspiration","BaseMod","BetterRewards","Colored Map","Colored Powertips","Downfall","Duelist Mod","Friendly Minions","GifTheSpireLib","Hallownest","Hermit","Hubris","Infinite Spire","Jorbs\u0027s Wanderer Trilogy","Koishi","KomeijiMod","Marisa????????","Minty Spire (QoL Compilation)","Random Character Mod","Rare Cards Sparkle","Shop Mod","StSLib","Td1madao Mod","The Administrix","The Animator","The Bug Knight","The Caster","The Cursed","The Disciple","The Hierophant","The Necromancer","The Poker Player","The Runesmith","The Servant 0.9.4","TheFirefly"],"gold_per_floor":[114,128,139,139,157,157,189,205,251,264,298,298,298,298],"floor_reached":13,"language":"ENG","playtime":3239,"items_purged":[],"score":97,"play_id":"b4c72ede-31fd-4a88-8b78-e081e45acc90","local_time":"20210118095018","daily_mods":["Elite Swarm"],"is_ascension_mode":false,"campfire_choices":[{"floor":6,"key":"REST"}],"circlet_count":0,"master_deck":["Strike_Komeiji","Strike_Komeiji","Strike_Komeiji","Strike_Komeiji","Defend_Komeiji","Defend_Komeiji","Defend_Komeiji","Defend_Komeiji","Dash_Komeiji","NingyouSousou+1","KouPou+1","NingyouFukuhei+1","SeekerDolls","LunaticRedEyes","KinbakuJin+1","NingyouFukuhei+1","AbyssNova"],"relics":["KomeijisEye","SpellCardsRule","MusicBox","CrystalOfMemory","hexamod:BolsterEngine","HollowMod:StagPassRelic","Hallownest:DreamNailRelic"],"acts_visited":["Hallownest:Greenpath"],"potions_floor_usage":[5,7,11,13],"damage_taken":[{"damage":12,"enemies":"Hallownest:monsterHuskGuard","floor":1,"turns":6},{"damage":1,"enemies":"Hallownest:2_Tiktiks_and_1_Crawlid","floor":2,"turns":6},{"damage":4,"enemies":"Hallownest:monsterHuskWarrior","floor":3,"turns":5},{"damage":10,"enemies":"Hallownest:monsterAspidMother","floor":5,"turns":8},{"damage":6,"enemies":"Hallownest:eliteVengeflyKing","floor":7,"turns":5},{"damage":20,"enemies":"Hallownest:1_Baldur_1_Crawlid_1_Warrior","floor":8,"turns":7},{"damage":4,"enemies":"Hallownest:monsterFoolEater","floor":10,"turns":4},{"damage":9,"enemies":"Hallownest:eliteCrystalGuardian","floor":11,"turns":10},{"damage":11,"enemies":"Hallownest:eliteVengeflyKing","floor":13,"turns":7}],"seed_played":"-1531322339534521998","potions_obtained":[{"floor":3,"key":"sneckomod:MuddlingPotion"},{"floor":5,"key":"Explosive Potion"},{"floor":8,"key":"Weak Potion"},{"floor":11,"key":"Explosive Potion"}],"is_trial":true,"path_per_floor":["M","M","M","?","M","R","E","M","T","M","E","?","E"],"character_chosen":"KomeijiSatori","items_purchased":[],"campfire_rested":1,"item_purchase_floors":[],"current_hp_per_floor":[38,37,33,38,28,43,37,17,17,13,4,4,0,0],"gold":298,"neow_bonus":"","is_daily":false,"chose_seed":false,"campfire_upgraded":0,"win_rate":0.0,"timestamp":1610985018,"path_taken":["M","M","M","?","M","R","E","?","T","M","E","?","E"],"items_purchased_type":[],"build_version":"2020-12-22","purchased_purges":0,"victory":false,"max_hp_per_floor":[50,50,50,50,50,50,50,50,50,50,50,50,50,50],"card_choices":[{"not_picked":["MusuNoYume","Mishyaguji+1"],"picked":"NingyouSousou+1","floor":1},{"not_picked":["KoKei+1","EnMu+1"],"picked":"KouPou+1","floor":2},{"not_picked":["KinbakuJin+1","NarrowSpark"],"picked":"NingyouFukuhei+1","floor":3},{"not_picked":["NingyouShinki+1","KimairaNoYoku"],"picked":"SeekerDolls","floor":5},{"not_picked":["HisouTensoku","EverywhereHibernate"],"picked":"LunaticRedEyes","floor":7},{"not_picked":["Mishyaguji+1","KimairaNoYoku"],"picked":"KinbakuJin+1","floor":8},{"not_picked":["KeiseiJin+1","NingyouKasou+1"],"picked":"NingyouFukuhei+1","floor":10},{"not_picked":["SemiAutomaton","LunaticRedEyes"],"picked":"AbyssNova","floor":11}],"player_experience":1845703,"relics_obtained":[{"floor":7,"key":"CrystalOfMemory"},{"floor":9,"key":"hexamod:BolsterEngine"},{"floor":11,"key":"HollowMod:StagPassRelic"}],"event_choices":[],"is_beta":false,"boss_relics":[],"items_purged_floors":[],"is_endless":false,"potions_floor_spawned":[3,5,8,11],"killed_by":"Hallownest:eliteVengeflyKing","ascension_level":0}}