{"host":"sc0o2qwpf9j16a4i","time":1610998527,"event":{"mods":["AchievementEnabler","BaseMod","BetterRewards","Block Reminder","Colored Map","Colored Powertips","Custom Start","Highlight Path","Minty Spire (QoL Compilation)","Relic Stats"],"gold_per_floor":[119,132,151,151,35,35,69,69,94,94,107,120,120,136,136,136,136],"floor_reached":16,"language":"ENG","playtime":545,"items_purged":["Strike_P"],"score":204,"play_id":"8fe85d1a-b812-45d1-b203-879213f64846","local_time":"20210118213527","is_ascension_mode":true,"campfire_choices":[{"data":"CrushJoints","floor":6,"key":"SMITH"},{"data":"CutThroughFate","floor":13,"key":"SMITH"},{"data":"DeceiveReality","floor":15,"key":"SMITH"}],"circlet_count":0,"master_deck":["AscendersBane","Strike_P","Strike_P","Strike_P","Defend_P","Defend_P","Defend_P","Defend_P","Eruption","Vigilance","CrushJoints+1","FollowUp","CutThroughFate+1","Swivel","DeceiveReality+1"],"relics":["PureWater","Dream Catcher","Oddly Smooth Stone","Golden Idol","PreservedInsect"],"acts_visited":["Exordium"],"potions_floor_usage":[7,16],"damage_taken":[{"damage":6,"enemies":"Cultist","floor":1,"turns":5},{"damage":0,"enemies":"2 Louse","floor":2,"turns":4},{"damage":0,"enemies":"Small Slimes","floor":3,"turns":2},{"damage":48,"enemies":"3 Sentries","floor":7,"turns":18},{"damage":24,"enemies":"Gremlin Gang","floor":11,"turns":6},{"damage":15,"enemies":"Blue Slaver","floor":12,"turns":4},{"damage":0,"enemies":"Large Slime","floor":14,"turns":2},{"damage":29,"enemies":"Hexaghost","floor":16,"turns":13}],"seed_played":"8830131555610479904","potions_obtained":[{"floor":1,"key":"Explosive Potion"},{"floor":11,"key":"Dexterity Potion"},{"floor":12,"key":"Fruit Juice"}],"is_trial":false,"path_per_floor":["M","M","M","$","$","R","E","?","T","?","M","M","R","M","R","B"],"character_chosen":"WATCHER","items_purchased":["Dream Catcher","Perseverance"],"campfire_rested":0,"item_purchase_floors":[0,5],"current_hp_per_floor":[55,55,55,55,55,55,7,7,7,62,38,23,23,23,23,0,0],"gold":136,"neow_bonus":"","is_daily":false,"chose_seed":false,"campfire_upgraded":3,"win_rate":0.0,"timestamp":1610998527,"path_taken":["M","M","?","?","$","R","E","?","T","?","M","?","R","M","R","BOSS"],"items_purchased_type":["Relic","Card"],"build_version":"2020-12-22","purchased_purges":1,"victory":false,"max_hp_per_floor":[68,68,68,68,68,68,68,62,62,62,62,62,62,62,62,67,67],"relic_stats":{"Dream Catcher":0,"counters":[15,82],"Golden Idol":9,"PreservedInsect":0,"obtain_stats":[{"Dream Catcher":0,"Golden Idol":8,"Pantograph":9,"Oddly Smooth Stone":7,"PreservedInsect":9,"Whetstone":6,"PureWater":0,"Ancient Tea Set":0,"GoldenEye":8},{"Dream Catcher":7,"Golden Idol":11,"Pantograph":5,"Oddly Smooth Stone":11,"PreservedInsect":11,"Whetstone":4,"PureWater":0,"Ancient Tea Set":0,"GoldenEye":5},{"Dream Catcher":28,"Golden Idol":57,"Pantograph":22,"Oddly Smooth Stone":57,"PreservedInsect":57,"Whetstone":15,"PureWater":0,"Ancient Tea Set":0,"GoldenEye":22}]},"card_choices":[{"not_picked":["Nirvana","JustLucky","Weave"],"picked":"SKIP","floor":1},{"not_picked":["MentalFortress","ThirdEye"],"picked":"CrushJoints","floor":2},{"not_picked":["Protect","Crescendo"],"picked":"FollowUp","floor":3},{"not_picked":["PathToVictory","Prostrate","JustLucky"],"picked":"SKIP","floor":7},{"not_picked":["WreathOfFlame","FollowUp"],"picked":"CutThroughFate","floor":11},{"not_picked":["WaveOfTheHand","FlurryOfBlows"],"picked":"Swivel","floor":12},{"not_picked":["Fasting2","ReachHeaven"],"picked":"DeceiveReality","floor":14}],"player_experience":736291,"relics_obtained":[{"floor":7,"key":"Oddly Smooth Stone"},{"floor":9,"key":"PreservedInsect"}],"event_choices":[{"damage_healed":0,"gold_gain":0,"player_choice":"Lose Max HP","damage_taken":0,"relics_obtained":["Golden Idol"],"max_hp_gain":0,"max_hp_loss":6,"event_name":"Golden Idol","floor":8,"gold_loss":0},{"cards_removed":["Perseverance"],"damage_healed":55,"gold_gain":0,"player_choice":"Offered Uncommon","damage_taken":0,"max_hp_gain":0,"max_hp_loss":0,"event_name":"Bonfire Elementals","floor":10,"gold_loss":0}],"is_beta":false,"boss_relics":[],"items_purged_floors":[5],"is_endless":false,"potions_floor_spawned":[1,11,12],"killed_by":"Hexaghost","ascension_level":20}}