{"host":"w05x4i13f2m9joq1","time":1610953668,"event":{"mods":["Act Like it!","Bard","BaseMod","Better Altar","Better Match","Better Note","Better Sensory Stone","Better Skull","Better Third Choice","BetterRewards","Colored Map","Colored Powertips","Duelist Mod","GifTheSpireLib","Googly Eyes","Ironclad Rager","Lobotomy","LobotomyExtend","Marisa????????","Minty Spire (QoL Compilation)","Replay The Spire","Spire Birthday Party","StSLib","The Bug Knight","The Construct","The Hierophant","The IronCluck","The Mystic","TheBandit","everything is the same but u backflip on backflip","slay the spire mod where everything is the same but ironclad has a cowboy hat"],"gold_per_floor":[139,139,61,72,83,110,110,56,80,80,80,112,132,161,161,264,264,275,290,4,24,24,24,24],"floor_reached":23,"language":"ENG","playtime":956,"items_purged":[],"score":251,"play_id":"968bf4a8-fc45-44d9-92da-443111a30b07","local_time":"20210118020748","is_ascension_mode":true,"campfire_choices":[{"floor":7,"key":"REST"},{"data":"theDuelist:ToonGeminiElf","floor":11,"key":"SMITH"},{"floor":15,"key":"REST"}],"circlet_count":0,"master_deck":["theDuelist:CastleWalls","theDuelist:CastleWalls","theDuelist:MangaRyuRan","theDuelist:Sparks","theDuelist:Sparks","theDuelist:Sparks","theDuelist:ToonAncientGear","theDuelist:ToonMermaid","theDuelist:ToonSummonedSkull","theDuelist:ToonWorld+1","theDuelist:ToonGeminiElf+1","theDuelist:TrapHole","theDuelist:ToonMermaid","theDuelist:ToonDarkMagicianGirl","theDuelist:TrapHole+1","theDuelist:ToonAncientGear","theDuelist:RedEyesToon+1","theDuelist:GracefulCharity+1","theDuelist:ToonMask","theDuelist:SmashingGround"],"relics":["theDuelist:MillenniumPuzzle","theDuelist:CardPoolRelic","theDuelist:CardPoolBasicRelic","theDuelist:BoosterPackPoolRelic","theDuelist:CardPoolAddRelic","theDuelist:CardPoolMinusRelic","theDuelist:CardPoolSaveRelic","theDuelist:CardPoolOptionsRelic","LetterFromLob","King of Hearts","theDuelist:ElectricBurst","theDuelist:ZoneToken","theDuelist:BoosterPackMonsterEgg","Tough Bandages","Sozu","Bottled Flame"],"acts_visited":["Exordium","TheCity"],"potions_floor_usage":[6,14],"damage_taken":[{"damage":4,"enemies":"Small Slimes","floor":1,"turns":3},{"damage":9,"enemies":"Cultist","floor":4,"turns":3},{"damage":13,"enemies":"Jaw Worm","floor":5,"turns":2},{"damage":29,"enemies":"3 Sentries","floor":6,"turns":7},{"damage":24,"enemies":"Gremlin Nob","floor":12,"turns":4},{"damage":1,"enemies":"Blue Slaver","floor":13,"turns":3},{"damage":23,"enemies":"3 Sentries","floor":14,"turns":5},{"damage":24,"enemies":"The Guardian","floor":16,"turns":7},{"damage":3,"enemies":"Chosen","floor":18,"turns":4},{"damage":21,"enemies":"Shell Parasite","floor":19,"turns":4},{"damage":33,"enemies":"Centurion and Healer","floor":21,"turns":4},{"damage":32,"enemies":"Gremlin Leader","floor":23,"turns":4}],"seed_played":"-7356155180081535196","potions_obtained":[{"floor":1,"key":"SteroidPotion"},{"floor":5,"key":"theDuelist:CoolBottle"},{"floor":6,"key":"Energy Potion"}],"is_trial":false,"path_per_floor":["M","?","$","M","M","E","R","$","T","M","R","E","M","E","R","B",null,"M","M","$","M","$","E"],"character_chosen":"THE_DUELIST","items_purchased":["theDuelist:ToonGeminiElf","theDuelist:TrapHole+1","Bottled Flame","theDuelist:ToonMask"],"campfire_rested":2,"item_purchase_floors":[3,8,20,20],"current_hp_per_floor":[76,76,76,67,54,25,49,49,49,49,49,25,24,1,25,1,80,77,56,56,23,23,0,0],"gold":24,"neow_bonus":"RANDOM_EVENT","is_daily":false,"chose_seed":false,"campfire_upgraded":1,"win_rate":0.0,"timestamp":1610953668,"path_taken":["M","?","$","M","M","E","R","?","T","M","R","E","M","E","R","BOSS","M","M","$","M","$","E"],"items_purchased_type":["Card","Card","Relic","Card"],"build_version":"2020-12-22","purchased_purges":0,"victory":false,"max_hp_per_floor":[80,80,80,80,80,80,80,80,80,80,80,80,80,80,80,80,80,80,80,80,80,80,80,80],"card_choices":[{"not_picked":["theDuelist:Mudora","theDuelist:FluteKuriboh","theDuelist:SphereKuriboh","theDuelist:GiantTrapHole","theDuelist:HaneHane"],"picked":"SKIP","floor":1},{"not_picked":["theDuelist:Mudora","theDuelist:FluteKuriboh","theDuelist:SphereKuriboh","theDuelist:GiantTrapHole","theDuelist:HaneHane"],"picked":"SKIP","floor":1},{"not_picked":["theDuelist:ToonBriefcase","theDuelist:ToonCannonSoldier","theDuelist:ToonWorld","theDuelist:ToonKingdom"],"picked":"theDuelist:TrapHole","floor":4},{"not_picked":["theDuelist:SpellShatteringArrow","theDuelist:MangaRyuRan","theDuelist:RedEyesToon","theDuelist:ToonMaskedSorcerer"],"picked":"theDuelist:ToonMermaid","floor":5},{"not_picked":["theDuelist:MangaRyuRan","theDuelist:ToonBarrelDragon","theDuelist:FlyingSaucer","theDuelist:ToonAncientGear"],"picked":"theDuelist:ToonDarkMagicianGirl","floor":6},{"not_picked":["theDuelist:MangaRyuRan","theDuelist:RedEyesToon","theDuelist:FlyingSaucer","theDuelist:ToonSummonedSkull"],"picked":"theDuelist:ToonAncientGear","floor":12},{"not_picked":["theDuelist:BlueEyesToon+1","theDuelist:MangaRyuRan+1","theDuelist:ToonBarrelDragon+1","theDuelist:YellowBelliedOni+1"],"picked":"theDuelist:RedEyesToon+1","floor":13},{"not_picked":["theDuelist:EvilswarmHeliotrope+1","theDuelist:GemArmadillo+1","theDuelist:LabyrinthWall+1","theDuelist:MagicHoleGolem+1","theDuelist:WeepingIdol+1"],"picked":"SKIP","floor":14},{"not_picked":["theDuelist:AttackTheMoon","theDuelist:Kuriboh+1","theDuelist:PowerGiant+1","theDuelist:Wiseman","theDuelist:ElectromagneticShield"],"picked":"SKIP","floor":18},{"not_picked":["theDuelist:CheerfulCoffin","theDuelist:TributeDoomed","theDuelist:ToonGoblin+1","theDuelist:ToonRollback"],"picked":"theDuelist:GracefulCharity+1","floor":19},{"not_picked":["theDuelist:MagicCylinder+1","theDuelist:Metronome","theDuelist:Raigeki","theDuelist:Solidarity"],"picked":"theDuelist:SmashingGround","floor":21}],"player_experience":95196,"relics_obtained":[{"floor":1,"key":"LetterFromLob"},{"floor":6,"key":"theDuelist:ElectricBurst"},{"floor":9,"key":"theDuelist:ZoneToken"},{"floor":12,"key":"theDuelist:BoosterPackMonsterEgg"},{"floor":14,"key":"Tough Bandages"}],"event_choices":[{"damage_healed":0,"gold_gain":0,"player_choice":"Gave Potion","damage_taken":0,"relics_obtained":["King of Hearts"],"max_hp_gain":0,"max_hp_loss":0,"event_name":"WeMeetAgain","floor":2,"gold_loss":0}],"is_beta":false,"boss_relics":[{"not_picked":["Snecko Eye","ReplayTheSpireMod:DimensionalGlitch"],"picked":"Sozu"}],"items_purged_floors":[],"is_endless":false,"potions_floor_spawned":[1,5,6,19,21],"killed_by":"Gremlin Leader","ascension_level":4}}