{"host":"kvq1t47bkvtg8ho9","time":1610982584,"event":{"mods":["Aspiration","Bard","BaseMod","Beaked The Cultist","Better Sensory Stone","Better Third Choice","BetterRewards","Clockwork Mod","Colored Map","Conspire","Downfall","Energized Spire","Friendly Minions","Hermit","HexUI Lib","Highlight Path","Hubris","Infinite Spire","JesterMod","Minty Spire (QoL Compilation)","READ ME - Guardian Mod","Relic Stats","Shade Mod","Somnambulant","StSLib","The Bladedancer","The Bug Knight","The Cursed","The Death Knight","The Disciple","The Forsaken","The Jungle","The Marked","The Necromancer","The Runesmith"],"gold_per_floor":[115,215,233,246,264,297,297,297,344,361,361,14,30,55,55,151,151,169,169,179,179,189,222,222,247,297,317,317,27,47,60,60,162,162,175,175,0,0,14,14,26,44,44,44,59,72,46,61,61,61],"floor_reached":51,"language":"ENG","playtime":5220,"items_purged":["Shame","DeathKnight:VampiricBlood"],"score":728,"play_id":"140a23c3-e911-446b-b975-b9032dc17b35","local_time":"20210118100944","is_ascension_mode":false,"campfire_choices":[{"floor":7,"key":"REST"},{"floor":11,"key":"REST"},{"data":"DeathKnight:Hysteria","floor":15,"key":"SMITH"},{"floor":24,"key":"REST"},{"floor":28,"key":"REST"},{"data":"Apotheosis","floor":32,"key":"SMITH"},{"data":"DeathKnight:Runesurge","floor":40,"key":"SMITH"},{"floor":49,"key":"REST"}],"circlet_count":0,"master_deck":["DeathKnight:Strike_DeathKnight","DeathKnight:Strike_DeathKnight","DeathKnight:Strike_DeathKnight","DeathKnight:Strike_DeathKnight","DeathKnight:Strike_DeathKnight","DeathKnight:Defend_DeathKnight","DeathKnight:Defend_DeathKnight","DeathKnight:Defend_DeathKnight","DeathKnight:Defend_DeathKnight","DeathKnight:Defend_DeathKnight","DeathKnight:RuneTap","DeathKnight:RuneStrike","DeathKnight:BloodPact","DeathKnight:HornOfWinter","DeathKnight:UnholyFrenzy","DeathKnight:FesteringStrike","DeathKnight:IcyTouch","hubris:Insight","DeathKnight:DancingRuneblade","DeathKnight:Hysteria+1","DeathKnight:DeathAndDecay","DeathKnight:GargoyleSkin","DeathKnight:FrosPresence","hubris:Fate","DeathKnight:DeathGrip","DeathKnight:GargoyleSkin","DeathKnight:Runesurge+1","DeathKnight:DancingRuneblade","DeathKnight:RuneShock","DeathKnight:ShatteringStrikes","DeathKnight:PlagueStrike","DeathKnight:FoulBulwark","DeathKnight:BoneSpear","DeathKnight:Contagion+1","DeathKnight:Hysteria","DeathKnight:IcyTouch+1","DeathKnight:DeathAndDecay+1","Apotheosis+1","Enlightenment","DeathKnight:PathOfFrost","DeathKnight:RaiseAlly","DeathKnight:IceboundArmor","DeathKnight:Frostscythe","DeathKnight:HowlingBlast+1","infinitespire:Collect","infinitespire:NeuralNetwork+1","hubris:Fate","DeathKnight:DarkSuccor+1","DeathKnight:BoneShield+1","DeathKnight:DeathRune","DeathKnight:Runesurge","Parasite","DeathKnight:UnholyPresence+1","DeathKnight:ScourgeStrike","DeathKnight:Pestilence","DeathKnight:UnholyExperiment"],"relics":["DeathKnight:BrokenRuneblade","Membership Card","aspiration:EmptySkull","Guardian:GemstoneGun","infinitespire:Satchel","conspire:DeflatedDodgeball","Runesmith:AutoHammer","hubris:VirtuousBlindfold","MutagenicStrength","infinitespire:WardingShard","theForsaken:Lifeblossom","Tiny Chest","Nunchaku","SacredBark","Frozen Egg 2","Red Mask","conspire:GiftBox","Pen Nib"],"acts_visited":["Exordium","TheCity","TheBeyond"],"potions_floor_usage":[14,16,16,22,23,31,33,33,39,45,50,50,50,50,50,50],"damage_taken":[{"damage":3,"enemies":"Small Slimes","floor":1,"turns":4},{"damage":20,"enemies":"infinitespire:Voidling","floor":3,"turns":4},{"damage":11,"enemies":"Jaw Worm","floor":4,"turns":4},{"damage":9,"enemies":"3 Louse","floor":5,"turns":4},{"damage":20,"enemies":"3 Sentries","floor":6,"turns":10},{"damage":0,"enemies":"Large Slime","floor":10,"turns":4},{"damage":7,"enemies":"Exordium Thugs","floor":13,"turns":5},{"damage":15,"enemies":"Lagavulin","floor":14,"turns":5},{"damage":3,"enemies":"The Guardian","floor":16,"turns":9},{"damage":23,"enemies":"2 Thieves","floor":18,"turns":4},{"damage":2,"enemies":"3 Byrds","floor":20,"turns":2},{"damage":4,"enemies":"Sentry and Sphere","floor":22,"turns":4},{"damage":22,"enemies":"HollowMod:Nosk","floor":23,"turns":4},{"damage":2,"enemies":"conspire:Head Lice","floor":25,"turns":3},{"damage":27,"enemies":"Centurion and Healer","floor":27,"turns":3},{"damage":6,"enemies":"Cultist and Chosen","floor":30,"turns":3},{"damage":6,"enemies":"Snake Plant","floor":31,"turns":4},{"damage":38,"enemies":"Automaton","floor":33,"turns":7},{"damage":3,"enemies":"3 Shapes","floor":35,"turns":4},{"damage":0,"enemies":"Orb Walker","floor":39,"turns":3},{"damage":10,"enemies":"4 Shapes","floor":41,"turns":3},{"damage":3,"enemies":"Maw","floor":42,"turns":6},{"damage":9,"enemies":"Writhing Mass","floor":45,"turns":6},{"damage":10,"enemies":"Spire Growth","floor":46,"turns":2},{"damage":29,"enemies":"Sphere and 2 Shapes","floor":48,"turns":5},{"damage":25,"enemies":"Awakened One","floor":50,"turns":8}],"seed_played":"-3332505038026483913","potions_obtained":[{"floor":3,"key":"SpeedPotion"},{"floor":6,"key":"DuplicationPotion"},{"floor":14,"key":"LiquidMemories"},{"floor":16,"key":"Weak Potion"},{"floor":18,"key":"DeathKnight:PlagueVial"},{"floor":23,"key":"ColorlessPotion"},{"floor":27,"key":"Block Potion"},{"floor":33,"key":"DeathKnight:RimePotion"},{"floor":35,"key":"DeathKnight:PlagueVial"},{"floor":39,"key":"DeathKnight:VirulencePotion"},{"floor":46,"key":"EntropicBrew"},{"floor":48,"key":"Fire Potion"}],"is_trial":false,"path_per_floor":["M","?","M","M","M","E","R","?","T","M","R","$","M","E","R","B",null,"M","?","M","?","M","E","R","E","T","M","R","$","M","M","R","B",null,"M","AVR","?","?","M","R","M","M","T","T","M","M","$","M","R","B",null],"character_chosen":"DEATH_KNIGHT","items_purchased":["DeathKnight:BloodPact","DeathKnight:HornOfWinter","DeathKnight:UnholyFrenzy","DeathKnight:FesteringStrike","DeathKnight:IcyTouch","Membership Card","conspire:DeflatedDodgeball","DeathKnight:GargoyleSkin","DeathKnight:Runesurge","DeathKnight:DancingRuneblade","DeathKnight:RuneShock","DeathKnight:ShatteringStrikes","Apotheosis","Nunchaku","Enlightenment","DeathKnight:PathOfFrost","LiquidMemories","DeathKnight:Pestilence"],"campfire_rested":5,"item_purchase_floors":[0,0,0,0,0,0,12,12,12,12,12,12,29,29,29,29,29,47],"current_hp_per_floor":[72,72,59,48,39,19,41,23,23,38,60,60,53,38,38,35,75,52,52,50,50,46,39,61,59,59,37,59,59,58,58,58,26,75,73,73,73,73,75,75,67,70,70,70,67,60,60,37,59,40],"gold":61,"neow_bonus":"","is_daily":false,"chose_seed":false,"campfire_upgraded":3,"win_rate":0.0,"timestamp":1610982584,"path_taken":["M","?","M","M","?","E","R","?","T","M","R","$","M","E","R","BOSS","M","?","M","?","M","E","R","E","T","M","R","$","M","M","R","BOSS","M","AVR","?","?","?","R","M","M","T","?","M","M","$","M","R","BOSS"],"items_purchased_type":["Card","Card","Card","Card","Card","Relic","Relic","Card","Card","Card","Card","Card","Card","Relic","Card","Card","Potion","Card"],"build_version":"2020-12-22","purchased_purges":2,"victory":true,"max_hp_per_floor":[75,75,75,75,75,75,75,75,75,75,75,75,75,75,75,75,75,75,75,75,75,75,75,75,75,75,75,75,75,75,75,75,75,75,75,75,75,75,75,75,75,75,75,75,75,75,75,75,75,75],"relic_stats":{"Nunchaku":[8],"counters":[35,159],"Tiny Chest":1,"Pen Nib":[3],"obtain_stats":[{"bronze:BronzeCore":0,"Pear":10,"Guardian:GemstoneGun":6,"SacredBark":34,"hubris:VirtuousBlindfold":17,"theForsaken:Lifeblossom":25,"Pen Nib":44,"Frozen Egg 2":36,"Nunchaku":29,"conspire:GiftBox":43,"aspiration:EmptySkull":0,"infinitespire:WardingShard":23,"MutagenicStrength":19,"infinitespire:Satchel":9,"Tiny Chest":26,"Red Mask":37,"Kunai":7,"Membership Card":0,"Runesmith:AutoHammer":14,"conspire:DeflatedDodgeball":12},{"bronze:BronzeCore":0,"Pear":5,"Guardian:GemstoneGun":14,"SacredBark":27,"hubris:VirtuousBlindfold":18,"theForsaken:Lifeblossom":23,"Pen Nib":31,"Frozen Egg 2":28,"Nunchaku":24,"conspire:GiftBox":31,"aspiration:EmptySkull":9,"infinitespire:WardingShard":22,"MutagenicStrength":19,"infinitespire:Satchel":14,"Tiny Chest":23,"Red Mask":28,"Kunai":3,"Membership Card":9,"Runesmith:AutoHammer":17,"conspire:DeflatedDodgeball":15},{"bronze:BronzeCore":0,"Pear":18,"Guardian:GemstoneGun":65,"SacredBark":122,"hubris:VirtuousBlindfold":88,"theForsaken:Lifeblossom":105,"Pen Nib":138,"Frozen Egg 2":126,"Nunchaku":108,"conspire:GiftBox":138,"aspiration:EmptySkull":39,"infinitespire:WardingShard":102,"MutagenicStrength":92,"infinitespire:Satchel":65,"Tiny Chest":105,"Red Mask":126,"Kunai":10,"Membership Card":39,"Runesmith:AutoHammer":79,"conspire:DeflatedDodgeball":69}]},"card_choices":[{"not_picked":["DeathKnight:DeathGrip","DeathKnight:HowlingBlast"],"picked":"DeathKnight:DancingRuneblade","floor":1},{"not_picked":["DeathKnight:Lichborne","DeathKnight:BloodStrike"],"picked":"DeathKnight:Hysteria","floor":3},{"not_picked":["DeathKnight:RuneShock","DeathKnight:Hemostasis"],"picked":"DeathKnight:DeathAndDecay","floor":4},{"not_picked":["DeathKnight:FrosPresence","DeathKnight:BludPresence"],"picked":"DeathKnight:GargoyleSkin","floor":5},{"not_picked":["DeathKnight:UnholyFrenzy","DeathKnight:Marrowrend"],"picked":"DeathKnight:FrosPresence","floor":6},{"not_picked":["infinitespire:UltimateForm","infinitespire:Menacing"],"picked":"hubris:Fate","floor":8},{"not_picked":["DeathKnight:PillarOfFrost","DeathKnight:RunicCorruption"],"picked":"DeathKnight:DeathGrip","floor":10},{"not_picked":["DeathKnight:WraithWalk","DeathKnight:HowlingBlast"],"picked":"DeathKnight:PlagueStrike","floor":13},{"not_picked":["DeathKnight:Outbreak","DeathKnight:Hemostasis"],"picked":"DeathKnight:FoulBulwark","floor":14},{"not_picked":["DeathKnight:ArmyOfTheDead","DeathKnight:MarkOfBlood"],"picked":"DeathKnight:VampiricBlood","floor":16},{"not_picked":["DeathKnight:UnholyFrenzy","DeathKnight:Lichborne"],"picked":"DeathKnight:BoneSpear","floor":18},{"not_picked":["DeathKnight:BoneSpear+1","DeathKnight:IceboundArmor"],"picked":"DeathKnight:Contagion+1","floor":20},{"not_picked":["DeathKnight:RuneShock","DeathKnight:FrosPresence"],"picked":"DeathKnight:Hysteria","floor":22},{"not_picked":["DeathKnight:BoneStorm","DeathKnight:DancingRuneblade","DeathKnight:UnholyAssault"],"picked":"SKIP","floor":23},{"not_picked":["DeathKnight:UnholyAssault","DeathKnight:DeathGrip"],"picked":"DeathKnight:IcyTouch+1","floor":25},{"not_picked":["DeathKnight:RunicCorruption+1","DeathKnight:Ossuary"],"picked":"DeathKnight:DeathAndDecay+1","floor":27},{"not_picked":["DeathKnight:Marrowrend+1","DeathKnight:UnholyFrenzy"],"picked":"DeathKnight:RaiseAlly","floor":30},{"not_picked":["DeathKnight:DeathRune","DeathKnight:HartStrike+1"],"picked":"DeathKnight:IceboundArmor","floor":31},{"not_picked":["DeathKnight:BoneStorm","DeathKnight:Razorice"],"picked":"DeathKnight:Frostscythe","floor":33},{"not_picked":["DeathKnight:Parry+1","DeathKnight:UnholyPresence+1"],"picked":"DeathKnight:HowlingBlast+1","floor":35},{"not_picked":["DeathKnight:HowlingBlast","DeathKnight:MutagenicPlague"],"picked":"DeathKnight:DarkSuccor+1","floor":39},{"not_picked":["DeathKnight:RaiseAlly","DeathKnight:DeathAndDecay+1"],"picked":"DeathKnight:BoneShield+1","floor":41},{"not_picked":["DeathKnight:RuneShock+1","DeathKnight:ArmyOfTheDead"],"picked":"DeathKnight:DeathRune","floor":42},{"not_picked":["DeathKnight:MarkOfBlood","DeathKnight:ReapingStrike"],"picked":"DeathKnight:Runesurge","floor":43},{"not_picked":["DeathKnight:UnholyFrenzy+1","DeathKnight:RaiseAlly+1"],"picked":"DeathKnight:UnholyPresence+1","floor":45},{"not_picked":["DeathKnight:HartStrike+1","DeathKnight:UnholyPresence+1"],"picked":"DeathKnight:ScourgeStrike","floor":46},{"not_picked":["DeathKnight:DeathAndDecay","DeathKnight:MindFreeze"],"picked":"DeathKnight:UnholyExperiment","floor":48}],"player_experience":788309,"relics_obtained":[{"floor":6,"key":"Guardian:GemstoneGun"},{"floor":9,"key":"infinitespire:Satchel"},{"floor":14,"key":"Runesmith:AutoHammer"},{"floor":23,"key":"infinitespire:WardingShard"},{"floor":25,"key":"theForsaken:Lifeblossom"},{"floor":26,"key":"Tiny Chest"},{"floor":43,"key":"conspire:GiftBox"},{"floor":44,"key":"Pen Nib"}],"event_choices":[{"damage_healed":0,"gold_gain":100,"player_choice":"Pray","damage_taken":0,"max_hp_gain":0,"max_hp_loss":0,"event_name":"Golden Shrine","floor":2,"gold_loss":0},{"damage_healed":0,"gold_gain":0,"player_choice":"Inject Mutagens","damage_taken":0,"relics_obtained":["MutagenicStrength"],"max_hp_gain":0,"max_hp_loss":0,"event_name":"Drug Dealer","floor":19,"gold_loss":0},{"damage_healed":0,"gold_gain":0,"player_choice":"Paid","damage_taken":0,"relics_obtained":["Red Mask"],"max_hp_gain":0,"max_hp_loss":0,"event_name":"Tomb of Lord Red Mask","floor":37,"gold_loss":175},{"damage_healed":0,"gold_gain":0,"player_choice":"Copied","damage_taken":0,"max_hp_gain":0,"max_hp_loss":0,"event_name":"Duplicator","floor":38,"gold_loss":0,"cards_obtained":["hubris:Fate"]}],"is_beta":false,"boss_relics":[{"not_picked":["Black Star","aspiration:BardSkillbook"],"picked":"hubris:VirtuousBlindfold"},{"not_picked":["Pandora\u0027s Box","Sozu"],"picked":"SacredBark"}],"items_purged_floors":[12,36],"is_endless":false,"potions_floor_spawned":[3,6,14,16,18,23,27,33,35,39,46,48],"ascension_level":0}}