{"host":"gzuytev79v4mazik","time":1610972179,"event":{"mods":["ATMod(阿瑾Mod)","Act Like it!","BaseMod","CapriCore","GungeonMod","Hallownest","Infinite Spire","Jorbs\u0027s Wanderer Trilogy","Koishi","Luminous","Minty Spire (QoL Compilation)","Prisma Mod","Rare Cards Sparkle","Remilia（蕾米莉亚）","Replay The Spire","StSLib","The Alterego","The Bug Knight","The Immortal"],"gold_per_floor":[110,110,129,145,160,160,187,205,280,280,250,250,279,299,299,402,402,412,424,424,424,424,424],"floor_reached":21,"language":"ZHS","playtime":2016,"items_purged":[],"score":216,"play_id":"0694c66e-c932-44f2-8995-295104c7eeda","local_time":"20210118201619","is_ascension_mode":false,"campfire_choices":[{"data":"MokouMod:Refresh","floor":6.0,"key":"SMITH"},{"data":"MokouMod:FusionFlare","floor":12.0,"key":"SMITH"},{"floor":15,"key":"REST"}],"circlet_count":0,"master_deck":["MokouMod:Strike","MokouMod:Strike","MokouMod:Strike","MokouMod:Strike","MokouMod:Strike","MokouMod:Defend","MokouMod:Defend","MokouMod:Defend","MokouMod:HeatSpark","MokouMod:PhoenixFeathers","MokouMod:Refresh+1","MokouMod:HeatCyclone","MokouMod:HouraiForge","MokouMod:ResonanceReactor","MokouMod:FusionFlare+1","MokouMod:BurningHiddenBullet","MokouMod:InfernalWave","MokouMod:SacredFire","MokouMod:GuidingSmoke","MokouMod:Burn"],"relics":["MokouMod:PhoenixFeather","AT_ATBox","Bag of Preparation","HornCleat","Tiny Chest","Chameleon Ring","Black Star","DemoMod:GlassGuonStoneRelic","alterego_mod:FleetingLove"],"acts_visited":["Exordium","TheCity"],"potions_floor_usage":[16,16,16,18,21],"damage_taken":[{"damage":7.0,"enemies":"Small Slimes","floor":1.0,"turns":5.0},{"damage":0.0,"enemies":"Cultist","floor":3.0,"turns":1.0},{"damage":8.0,"enemies":"Jaw Worm","floor":4.0,"turns":3.0},{"damage":14.0,"enemies":"Gremlin Gang","floor":5.0,"turns":6.0},{"damage":21.0,"enemies":"HollowMod:MossKnight","floor":7.0,"turns":20.0},{"damage":15.0,"enemies":"Exordium Thugs","floor":8.0,"turns":6.0},{"damage":0.0,"enemies":"Gremlin Nob","floor":13.0,"turns":3.0},{"damage":2,"enemies":"Blue Slaver","floor":14,"turns":3},{"damage":33,"enemies":"The Guardian","floor":16,"turns":15},{"damage":18,"enemies":"3 Byrds","floor":18,"turns":8},{"damage":20,"enemies":"Shell Parasite","floor":19,"turns":4},{"damage":0,"enemies":"Snake Plant","floor":21,"turns":1}],"seed_played":"1688540870291630679","potions_obtained":[{"floor":3.0,"key":"PowerPotion"},{"floor":4.0,"key":"Energy Potion"},{"floor":8.0,"key":"EntropicBrew"},{"floor":11.0,"key":"Fruit Juice"},{"floor":11.0,"key":"Block Potion"},{"floor":18,"key":"PowerPotion"},{"floor":19,"key":"Weak Potion"}],"is_trial":false,"path_per_floor":["M","?","M","M","M","R","E","M","T","T","?","R","E","M","R","B",null,"M","M","?","M"],"character_chosen":"MKU","items_purchased":[],"campfire_rested":1,"item_purchase_floors":[],"current_hp_per_floor":[68,68,68,60,46,46,25,10,10,10,15,15,15,13,37,4,80,62,42,42,42,42,42],"gold":424,"neow_bonus":"THREE_CARDS","is_daily":false,"chose_seed":false,"campfire_upgraded":2,"win_rate":0.0,"timestamp":1610972179,"path_taken":["M","?","M","M","M","R","E","?","T","?","?","R","E","M","R","BOSS","M","?","?","M"],"items_purchased_type":[],"build_version":"2020-12-22","purchased_purges":0,"victory":false,"max_hp_per_floor":[75,75,75,75,75,75,75,75,75,75,80,80,80,80,80,80,80,80,80,80,80,80,80],"card_choices":[{"not_picked":["MokouMod:ResonanceReactor","MokouMod:AdaptivePyromancy"],"picked":"MokouMod:PhoenixFeathers","floor":0.0},{"not_picked":["MokouMod:Ember","MokouMod:RoaringFlare"],"picked":"MokouMod:Refresh","floor":1.0},{"not_picked":["MokouMod:Sear","MokouMod:ShiftIgnition"],"picked":"MokouMod:HeatCyclone","floor":3.0},{"not_picked":["MokouMod:ImperishableFlame","MokouMod:AdaptivePyromancy"],"picked":"MokouMod:HouraiForge","floor":4.0},{"not_picked":["MokouMod:HeartofFire","MokouMod:TemporalFireSeal"],"picked":"MokouMod:ResonanceReactor","floor":5.0},{"not_picked":["MokouMod:Trailblazer","MokouMod:AdaptivePyromancy","MokouMod:ScorchedEarth"],"picked":"SKIP","floor":7.0},{"not_picked":["MokouMod:RetainTemperature","MokouMod:Afterburner"],"picked":"MokouMod:FusionFlare","floor":8.0},{"not_picked":["MokouMod:RisingSunBarrier","MokouMod:Rebirth"],"picked":"MokouMod:BurningHiddenBullet","floor":13.0},{"not_picked":["MokouMod:Sear","MokouMod:Firecracker"],"picked":"MokouMod:InfernalWave","floor":14},{"not_picked":["MokouMod:ExplosiveFlame","MokouMod:BurningHiddenBullet"],"picked":"MokouMod:SacredFire","floor":16},{"not_picked":["MokouMod:HeatCyclone","MokouMod:CrimsonArmoury"],"picked":"MokouMod:GuidingSmoke","floor":18},{"not_picked":["MokouMod:HeatFactory","MokouMod:Sear"],"picked":"MokouMod:Burn","floor":19}],"player_experience":369454,"relics_obtained":[{"floor":7.0,"key":"Bag of Preparation"},{"floor":9.0,"key":"HornCleat"},{"floor":10.0,"key":"Tiny Chest"},{"floor":13.0,"key":"Chameleon Ring"}],"event_choices":[{"cards_removed":["MokouMod:Defend"],"damage_healed":0.0,"max_hp_gain":0.0,"max_hp_loss":0.0,"gold_gain":0.0,"event_name":"Purifier","player_choice":"Purged","floor":2.0,"gold_loss":0.0,"damage_taken":0.0},{"damage_healed":0.0,"max_hp_gain":0.0,"max_hp_loss":0.0,"gold_gain":0.0,"event_name":"The Woman in Blue","player_choice":"Bought 2 Potions","floor":11.0,"gold_loss":0.0,"damage_taken":0.0},{"damage_healed":0,"gold_gain":0,"player_choice":"Choice 1","damage_taken":0,"relics_obtained":["alterego_mod:FleetingLove"],"max_hp_gain":0,"max_hp_loss":0,"event_name":"爱的神圣花园","floor":20,"gold_loss":0}],"is_beta":false,"boss_relics":[{"not_picked":["Runic Pyramid","Ring of Chaos"],"picked":"Black Star"}],"items_purged_floors":[],"is_endless":false,"potions_floor_spawned":[3,4,8,18,19],"killed_by":"Snake Plant","ascension_level":0}}