{"host":"831feogxosh327gf","time":1610966807,"event":{"mods":["Act Like it!","BaseMod","Chen","Colored Powertips","Gensokyo","Hallownest","Koishi","Marisa£®ÏF”Í°°ƒß¿Ì…≥£©","Minty Spire (QoL Compilation)","Onozuka Komachi Mod","Quick Restart","READ ME - Guardian Mod","Reimu£®≤©¿ˆ¡È√Œ£©","Remilia£®¿Ÿ√◊¿Ú—«£©","Robot Space Explorer","SIMod","Say the Spire","StSLib","The Administrix","The Bug Knight","The Gatherer","The Servant 0.9.4","Youmu£®ªÍ∆«—˝√Œ£©"],"gold_per_floor":[114,132,132,132,149,159,159,159,159,159,172,172,30,40,40,40,40],"floor_reached":16,"language":"ZHS","playtime":1229,"items_purged":[],"score":92,"play_id":"b4abffe4-6569-4e65-81c6-f5d3461457b5","local_time":"20210118184647","is_ascension_mode":false,"campfire_choices":[{"data":"Gensokyo:CrescentMoonSlash","floor":8,"key":"SMITH"},{"data":"AdministrixMod:LightOfYourLife","floor":12,"key":"SMITH"},{"data":"AdministrixMod:BegetEternity","floor":15,"key":"SMITH"}],"circlet_count":0,"master_deck":["AdministrixMod:Strike_Administrix","AdministrixMod:Strike_Administrix","AdministrixMod:Strike_Administrix","AdministrixMod:Strike_Administrix","AdministrixMod:RedCloak","AdministrixMod:Defend_Administrix","AdministrixMod:Defend_Administrix","AdministrixMod:Defend_Administrix","AdministrixMod:Defend_Administrix","AdministrixMod:BlueCloak","AdministrixMod:LightOfYourLife+1","AdministrixMod:BegetEternity+1","Injury","AdministrixMod:CenturiesAscent","AdministrixMod:Metempsychosis","Gensokyo:CrescentMoonSlash+1","Pain","AdministrixMod:Katabasis","AdministrixMod:HaveItAll","AdministrixMod:HaveItAll"],"relics":["AdministrixMod:ConductorRitualBaton","NeowsBlessing","MealTicket","HollowMod:LifeEnderRelic","Gensokyo:LunaticRedEyes"],"acts_visited":["Gensokyo:Gensokyo"],"potions_floor_usage":[16,16,16],"damage_taken":[{"damage":0.0,"enemies":"Gensokyo:3_Fairies","floor":1.0,"turns":1.0},{"damage":0.0,"enemies":"Gensokyo:Python","floor":2.0,"turns":1.0},{"damage":0,"enemies":"Gensokyo:2_Kodama","floor":5,"turns":1},{"damage":4,"enemies":"Gensokyo:2_Rabbits","floor":6,"turns":6},{"damage":4,"enemies":"Gensokyo:3_Kodama","floor":11,"turns":2},{"damage":3,"enemies":"Gensokyo:VengefulSpirit","floor":14,"turns":5},{"damage":69,"enemies":"Gensokyo:Kokoro","floor":16,"turns":14}],"seed_played":"6487577275328314410","potions_obtained":[{"floor":5,"key":"SpeedPotion"},{"floor":6,"key":"Swift Potion"},{"floor":14,"key":"Explosive Potion"}],"is_trial":false,"path_per_floor":["M","M","?","COS","M","M","?","R","T","?","M","R","$","M","R","B"],"character_chosen":"TheAdministrix","items_purchased":["AdministrixMod:HaveItAll"],"campfire_rested":0,"item_purchase_floors":[13],"current_hp_per_floor":[65,65,65,65,65,61,52,52,52,52,48,48,63,60,60,0,0],"gold":40,"neow_bonus":"THREE_ENEMY_KILL","is_daily":false,"chose_seed":false,"campfire_upgraded":3,"win_rate":0.0,"timestamp":1610966807,"path_taken":["M","?","?","COS","M","M","?","R","T","?","?","R","?","M","R","BOSS"],"items_purchased_type":["Card"],"build_version":"2020-12-22","purchased_purges":0,"victory":false,"max_hp_per_floor":[65,65,65,65,65,65,65,65,65,65,65,65,65,65,65,65,65],"card_choices":[{"not_picked":["AdministrixMod:ExtolVirtue","AdministrixMod:FuneraryRites"],"picked":"AdministrixMod:LightOfYourLife","floor":1.0},{"not_picked":["AdministrixMod:SipOfSparks","AdministrixMod:QuietConspiracy"],"picked":"AdministrixMod:BegetEternity","floor":2.0},{"not_picked":["AdministrixMod:DreamsMausoleum","AdministrixMod:ImmortalGrace"],"picked":"AdministrixMod:CenturiesAscent","floor":5},{"not_picked":["AdministrixMod:BegetEternity","AdministrixMod:WickedPunishment"],"picked":"AdministrixMod:Metempsychosis","floor":6},{"not_picked":["AdministrixMod:ImmortalGrace","AdministrixMod:Untouchable"],"picked":"AdministrixMod:Katabasis","floor":11},{"not_picked":["AdministrixMod:SipOfSparks","AdministrixMod:NoblePath"],"picked":"AdministrixMod:HaveItAll","floor":14}],"player_experience":125672,"relics_obtained":[{"floor":9,"key":"HollowMod:LifeEnderRelic"}],"event_choices":[],"is_beta":false,"boss_relics":[],"items_purged_floors":[],"is_endless":false,"potions_floor_spawned":[5,6,14],"killed_by":"Gensokyo:Kokoro","ascension_level":0}}