{"host":"12","time":1610962209,"event":{"mods":["Act Like it!","BaseMod","Colored Powertips","Minty Spire (QoL Compilation)","StSLib","【功能Mod】混沌之环修复补丁"],"gold_per_floor":[116,131,131,150,166,166,201,201,201,216,236,236,262,274,274,274,274],"floor_reached":16,"language":"ZHS","playtime":422,"items_purged":[],"score":228,"play_id":"62f719f1-f902-42b3-9774-68018e379600","local_time":"20210118173009","is_ascension_mode":true,"campfire_choices":[{"data":"Rupture","floor":6.0,"key":"SMITH"},{"data":"Combust","floor":8.0,"key":"SMITH"},{"data":"Burning Pact","floor":12.0,"key":"SMITH"},{"data":"Sword Boomerang","floor":15.0,"key":"SMITH"}],"circlet_count":0,"master_deck":["AscendersBane","Strike_R","Strike_R","Strike_R","Strike_R","Defend_R","Defend_R","Defend_R","Defend_R","Bash","Combust+1","Rupture+1","Burning Pact+1","Second Wind","Sword Boomerang+1"],"relics":["Burning Blood","Tiny Chest","Mango","Incense Burner","Matryoshka"],"acts_visited":["Exordium"],"potions_floor_usage":[],"damage_taken":[{"damage":2.0,"enemies":"Cultist","floor":1.0,"turns":4.0},{"damage":12.0,"enemies":"2 Louse","floor":2.0,"turns":3.0},{"damage":9.0,"enemies":"Jaw Worm","floor":4.0,"turns":5.0},{"damage":14.0,"enemies":"Blue Slaver","floor":5.0,"turns":6.0},{"damage":37.0,"enemies":"Lagavulin","floor":7.0,"turns":10.0},{"damage":8.0,"enemies":"2 Fungi Beasts","floor":10.0,"turns":3.0},{"damage":8.0,"enemies":"3 Louse","floor":11.0,"turns":4.0},{"damage":11.0,"enemies":"Gremlin Nob","floor":13.0,"turns":3.0},{"damage":10.0,"enemies":"Lots of Slimes","floor":14.0,"turns":3.0},{"damage":1,"enemies":"Slime Boss","floor":16,"turns":3}],"seed_played":"6379006508266418498","potions_obtained":[{"floor":1.0,"key":"Swift Potion"},{"floor":4.0,"key":"HeartOfIron"},{"floor":7.0,"key":"AttackPotion"},{"floor":14.0,"key":"EssenceOfSteel"}],"is_trial":false,"path_per_floor":["M","M","?","M","M","R","E","R","T","M","M","R","E","M","R","B"],"character_chosen":"IRONCLAD","items_purchased":[],"campfire_rested":0,"item_purchase_floors":[],"current_hp_per_floor":[72,66,66,63,55,55,38,38,38,36,34,34,29,25,25,24,24],"gold":274,"neow_bonus":"RANDOM_COMMON_RELIC","is_daily":false,"chose_seed":false,"campfire_upgraded":4,"win_rate":0.0,"timestamp":1610962209,"path_taken":["M","M","?","M","M","R","E","R","T","?","M","R","E","M","R","BOSS"],"items_purchased_type":[],"build_version":"2020-12-18","purchased_purges":0,"victory":false,"max_hp_per_floor":[75,75,75,75,75,75,89,89,89,89,89,89,89,89,89,89,89],"card_choices":[{"not_picked":["Rage","Fire Breathing"],"picked":"Combust","floor":1.0},{"not_picked":["Combust","Hemokinesis","Flame Barrier"],"picked":"SKIP","floor":2.0},{"not_picked":["Flex","Dropkick","Flame Barrier"],"picked":"SKIP","floor":4.0},{"not_picked":["Anger","Iron Wave"],"picked":"Rupture","floor":5.0},{"not_picked":["Sentinel","Blood for Blood","Bludgeon"],"picked":"SKIP","floor":7.0},{"not_picked":["Sentinel","Blood for Blood","Bludgeon"],"picked":"SKIP","floor":7.0},{"not_picked":["Reckless Charge","Heavy Blade","Blood for Blood"],"picked":"SKIP","floor":10.0},{"not_picked":["Perfected Strike","Flex"],"picked":"Burning Pact","floor":11.0},{"not_picked":["Anger","Heavy Blade"],"picked":"Second Wind","floor":13.0},{"not_picked":["Bloodletting","True Grit"],"picked":"Sword Boomerang","floor":14.0}],"player_experience":578781,"relics_obtained":[{"floor":7.0,"key":"Mango"},{"floor":9.0,"key":"Incense Burner"},{"floor":13.0,"key":"Matryoshka"}],"event_choices":[{"cards_removed":["Strike_R"],"damage_healed":0.0,"max_hp_gain":0.0,"max_hp_loss":0.0,"gold_gain":0.0,"event_name":"Purifier","player_choice":"Purged","floor":3.0,"gold_loss":0.0,"damage_taken":0.0}],"is_beta":true,"boss_relics":[],"items_purged_floors":[],"is_endless":false,"potions_floor_spawned":[1,4,7,11,14],"killed_by":"Slime Boss","ascension_level":20}}