{"host":"1q02rw1wpi0nrsss","time":1610979479,"event":{"mods":["AchievementEnabler","BaseMod","Better Note","Custom Start","Dark Map","DeckTracker","Disable Question Mark Monsters","Minty Spire (QoL Compilation)","Permanent Neow","Quick Restart","Rare Cards Sparkle","Relic Stats","StSLib"],"gold_per_floor":[113,133,133,37,37,37,37,37,116,116,134,152,181,192,192,296,296,316,241,241,241,11,11,11],"floor_reached":23,"language":"ENG","playtime":880,"items_purged":["Strike_G"],"score":271,"play_id":"28bc3c10-0fc0-4b34-a5ac-830ecd42ebb0","local_time":"20210118061759","is_ascension_mode":true,"campfire_choices":[{"data":"Deadly Poison","floor":6,"key":"SMITH"},{"data":"Blind","floor":7,"key":"SMITH"},{"data":"Neutralize","floor":8,"key":"SMITH"},{"data":"Cloak And Dagger","floor":10,"key":"SMITH"},{"floor":15,"key":"REST"}],"circlet_count":0,"master_deck":["Strike_G","Strike_G","Defend_G","Defend_G","Defend_G","Defend_G","Defend_G","Survivor","Neutralize+1","Deadly Poison+1","Cloak And Dagger+1","Blind+1","Dagger Spray","Burst","Blade Dance","After Image","Footwork","RitualDagger"],"relics":["Ring of the Snake","WingedGreaves","Singing Bowl","Happy Flower","Black Star","Chemical X"],"acts_visited":["Exordium","TheCity"],"potions_floor_usage":[16,18,18],"damage_taken":[{"damage":0,"enemies":"Cultist","floor":1,"turns":4},{"damage":1,"enemies":"Jaw Worm","floor":2,"turns":3},{"damage":0,"enemies":"2 Louse","floor":11,"turns":3},{"damage":3,"enemies":"Looter","floor":12,"turns":4},{"damage":30,"enemies":"Lagavulin","floor":13,"turns":8},{"damage":5,"enemies":"3 Louse","floor":14,"turns":4},{"damage":16,"enemies":"Slime Boss","floor":16,"turns":10},{"damage":10,"enemies":"Spheric Guardian","floor":18,"turns":7},{"damage":41,"enemies":"Gremlin Leader","floor":23,"turns":6}],"seed_played":"-3668997544247118743","potions_obtained":[{"floor":12,"key":"Weak Potion"},{"floor":14,"key":"GamblersBrew"},{"floor":16,"key":"DistilledChaos"}],"is_trial":false,"path_per_floor":["M","M","?","$","?","R","R","R","T","R","M","M","E","M","R","B",null,"M","?","?","?","$","E"],"character_chosen":"THE_SILENT","items_purchased":["Blind","Chemical X"],"campfire_rested":1,"item_purchase_floors":[4,22],"current_hp_per_floor":[63,62,62,62,55,55,55,55,55,55,57,54,24,19,38,22,54,46,46,46,40,40,0,0],"gold":11,"neow_bonus":"ONE_RARE_RELIC","is_daily":false,"chose_seed":false,"campfire_upgraded":4,"win_rate":0.0,"timestamp":1610979479,"path_taken":["M","M","?","$","?","R","R","R","T","R","M","M","E","M","R","BOSS","M","?","?","?","$","E"],"items_purchased_type":["Card","Relic"],"build_version":"2020-12-22","purchased_purges":1,"victory":false,"max_hp_per_floor":[63,63,63,63,63,63,63,63,63,63,65,65,65,65,65,65,65,67,67,67,67,67,67,67],"relic_stats":{"Singing Bowl":4,"Happy Flower":[9],"counters":[9,49],"Black Star":0,"Chemical X":[1],"obtain_stats":[{"Singing Bowl":9,"Happy Flower":13,"WingedGreaves":0,"Black Star":17,"Chemical X":22,"Ring of the Snake":0},{"Singing Bowl":2,"Happy Flower":5,"WingedGreaves":0,"Black Star":7,"Chemical X":8,"Ring of the Snake":0},{"Singing Bowl":7,"Happy Flower":22,"WingedGreaves":0,"Black Star":36,"Chemical X":43,"Ring of the Snake":0}],"Ring of the Snake":[18]},"card_choices":[{"not_picked":["PiercingWail","Infinite Blades"],"picked":"Deadly Poison","floor":1},{"not_picked":["Prepared","PiercingWail"],"picked":"Cloak And Dagger","floor":2},{"not_picked":["Concentrate","Blade Dance","Masterful Stab"],"picked":"Singing Bowl","floor":11},{"not_picked":["Quick Slash","Dagger Throw"],"picked":"Dagger Spray","floor":12},{"not_picked":["Catalyst","Dodge and Roll"],"picked":"Burst","floor":13},{"not_picked":["Deflect","Predator"],"picked":"Blade Dance","floor":14},{"not_picked":["Tools of the Trade","Unload"],"picked":"After Image","floor":16},{"not_picked":["Underhanded Strike","Deflect","Masterful Stab"],"picked":"Singing Bowl","floor":18}],"player_experience":415019,"relics_obtained":[{"floor":9,"key":"Singing Bowl"},{"floor":13,"key":"Happy Flower"}],"event_choices":[{"damage_healed":0,"gold_gain":0,"player_choice":"Leave","damage_taken":0,"max_hp_gain":0,"max_hp_loss":0,"event_name":"The Cleric","floor":3,"gold_loss":0},{"cards_removed":["Strike_G"],"damage_healed":0,"gold_gain":0,"player_choice":"Card Removal","damage_taken":7,"max_hp_gain":0,"max_hp_loss":0,"event_name":"Golden Wing","floor":5,"gold_loss":0},{"cards_removed":["Strike_G"],"damage_healed":0,"gold_gain":0,"player_choice":"Gave Gold","damage_taken":0,"max_hp_gain":0,"max_hp_loss":0,"event_name":"Beggar","floor":19,"gold_loss":75},{"damage_healed":0,"gold_gain":0,"player_choice":"Read","damage_taken":0,"max_hp_gain":0,"max_hp_loss":0,"event_name":"The Library","floor":20,"gold_loss":0,"cards_obtained":["Footwork"]},{"damage_healed":0,"gold_gain":0,"player_choice":"Joined the Cult","damage_taken":6,"max_hp_gain":0,"max_hp_loss":0,"event_name":"Nest","floor":21,"gold_loss":0,"cards_obtained":["RitualDagger"]}],"is_beta":false,"boss_relics":[{"not_picked":["Runic Dome","Snecko Eye"],"picked":"Black Star"}],"items_purged_floors":[22],"is_endless":false,"potions_floor_spawned":[12,14,16],"killed_by":"Gremlin Leader","ascension_level":9}}