{"host":"mrvy4s3ibfhe5e8o","time":1610956517,"event":{"mods":["AchievementEnabler","BaseMod","Colored Map","Downfall","Googly Eyes","Hermit","Highlight Path","Marisa????????","Minty Spire (QoL Compilation)","Shop Mod","StSLib","The Cursed","The Runesmith","The Servant 0.9.4"],"gold_per_floor":[117,117,133,133,58,58,73,102,102,117,117,117,117,131,131,131,131],"floor_reached":16,"language":"ENG","playtime":685,"items_purged":["WasteNot"],"score":100,"play_id":"275fa506-862f-47e0-b807-7f3a7f54ee73","local_time":"20210118025517","is_ascension_mode":false,"campfire_choices":[{"data":"Rearm","floor":6,"key":"SMITH"},{"floor":11,"key":"REST"},{"floor":13,"key":"REST"},{"data":"SurpressingFire","floor":15,"key":"SMITH"}],"circlet_count":0,"master_deck":["Strike_S","Strike_S","Strike_S","Defend_S","Defend_S","Defend_S","Defend_S","KidneyShot+1","Exchange","Rearm+1","Ricochet","FastForward","SurpressingFire+1"],"relics":["Uniform","Peace Pipe","Bag of Preparation","TungstenRod"],"acts_visited":["Exordium"],"potions_floor_usage":[8,8],"damage_taken":[{"damage":6,"enemies":"2 Louse","floor":1,"turns":4},{"damage":12,"enemies":"Small Slimes","floor":3,"turns":6},{"damage":0,"enemies":"Jaw Worm","floor":7,"turns":4},{"damage":23,"enemies":"Gremlin Nob","floor":8,"turns":4},{"damage":0,"enemies":"Large Slime","floor":10,"turns":5},{"damage":0,"enemies":"2 Fungi Beasts","floor":14,"turns":3},{"damage":57,"enemies":"Hexaghost","floor":16,"turns":18}],"seed_played":"-1983725467146604625","potions_obtained":[{"floor":1,"key":"champ:CounterPotion"},{"floor":7,"key":"Strength Potion"}],"is_trial":false,"path_per_floor":["M","?","M","?","$","R","M","E","T","M","R","?","R","M","R","B"],"character_chosen":"THE_SERVANT","items_purchased":[],"campfire_rested":2,"item_purchase_floors":[],"current_hp_per_floor":[59,52,40,40,40,40,40,17,17,17,36,36,55,55,55,0,0],"gold":131,"neow_bonus":"TRANSFORM_CARD","is_daily":false,"chose_seed":false,"campfire_upgraded":2,"win_rate":0.0,"timestamp":1610956517,"path_taken":["M","?","M","?","$","R","M","E","T","M","R","?","R","M","R","BOSS"],"items_purchased_type":[],"build_version":"2020-12-22","purchased_purges":1,"victory":false,"max_hp_per_floor":[65,65,65,65,65,65,65,65,65,65,65,65,65,65,65,65,65],"card_choices":[{"not_picked":["Barrier","Unruled"],"picked":"Rearm","floor":1},{"not_picked":["BottledTime","Revamp","BestPractice"],"picked":"SKIP","floor":3},{"not_picked":["Replace","Comet","Advance"],"picked":"SKIP","floor":7},{"not_picked":["FloweringNight","Spin"],"picked":"Ricochet","floor":8},{"not_picked":["Ricochet","Alleviate"],"picked":"FastForward","floor":10},{"not_picked":["DoubleEdge","Desolation"],"picked":"SurpressingFire","floor":14}],"player_experience":218078,"relics_obtained":[{"floor":8,"key":"Bag of Preparation"},{"floor":9,"key":"TungstenRod"}],"event_choices":[{"damage_healed":0,"gold_gain":0,"player_choice":"Success","damage_taken":7,"relics_obtained":["Peace Pipe"],"max_hp_gain":0,"max_hp_loss":0,"event_name":"Scrap Ooze","floor":2,"gold_loss":0},{"damage_healed":0,"gold_gain":0,"player_choice":"Grow","damage_taken":0,"max_hp_gain":0,"max_hp_loss":0,"event_name":"Living Wall","floor":4,"gold_loss":0,"cards_upgraded":["KidneyShot"]},{"damage_healed":0,"gold_gain":0,"player_choice":"Ignored","damage_taken":0,"max_hp_gain":0,"max_hp_loss":0,"event_name":"Golden Wing","floor":12,"gold_loss":0}],"is_beta":false,"boss_relics":[],"items_purged_floors":[5],"is_endless":false,"potions_floor_spawned":[1,7],"killed_by":"Hexaghost","ascension_level":0}}