{"host":"h3vysik1bw5w0dm6","time":1610971442,"event":{"mods":["AchievementEnabler","Aspiration","BaseMod","Better Note","Better Sensory Stone","Better Vampires","BetterRewards","Colored Powertips","Conspire","Downfall","Friendly Minions","Googly Eyes","Gremlin Skip","Halation","Infinite Spire","Minty Spire (QoL Compilation)","Quick Restart","Shop Mod","StSLib"],"gold_per_floor":[110,130,130,130,130,165,165,194,245,3,21,34,34,50,50,50,50],"floor_reached":16,"language":"ENG","playtime":818,"items_purged":[],"score":110,"play_id":"1e365d35-7e66-4875-8887-0a7dee746990","local_time":"20210118130402","daily_mods":["Hoarder","Vintage"],"is_ascension_mode":false,"campfire_choices":[{"data":"Vigilance","floor":7,"key":"SMITH"},{"floor":13,"key":"REST"},{"floor":15,"key":"REST"}],"circlet_count":0,"master_deck":["Strike_P","Strike_P","Strike_P","Strike_P","Defend_P","Defend_P","Defend_P","Defend_P","Eruption+1","Vigilance+1","Injury","Injury","Injury","FlurryOfBlows","FlurryOfBlows","FlurryOfBlows"],"relics":["Unceasing Top","Nunchaku","Anchor","Frozen Egg 2","aspiration:FetidBarrel","Happy Flower","Slimebound:StickyStick","HornCleat","Juzu Bracelet","conspire:Flyswatter","Kunai"],"acts_visited":["Exordium"],"potions_floor_usage":[6,6,16],"damage_taken":[{"damage":1,"enemies":"2 Louse","floor":1,"turns":4},{"damage":1,"enemies":"Jaw Worm","floor":2,"turns":3},{"damage":24,"enemies":"3 Sentries","floor":6,"turns":12},{"damage":36,"enemies":"Gremlin Nob","floor":8,"turns":5},{"damage":0,"enemies":"Cultist","floor":11,"turns":2},{"damage":3,"enemies":"Exordium Thugs","floor":12,"turns":3},{"damage":0,"enemies":"conspire:2 RoseBushes","floor":14,"turns":3},{"damage":54,"enemies":"Hexaghost","floor":16,"turns":11}],"seed_played":"1508442472928861396","potions_obtained":[{"floor":1,"key":"EssenceOfSteel"},{"floor":2,"key":"Fire Potion"},{"floor":11,"key":"Ancient Potion"},{"floor":12,"key":"PowerPotion"}],"is_trial":true,"path_per_floor":["M","M","?","$","?","E","R","E","T","$","M","M","R","M","R","B"],"character_chosen":"WATCHER","items_purchased":["HornCleat"],"campfire_rested":2,"item_purchase_floors":[10],"current_hp_per_floor":[71,70,70,70,70,46,46,10,10,10,10,7,28,28,49,0,0],"gold":50,"neow_bonus":"","is_daily":false,"chose_seed":false,"campfire_upgraded":1,"win_rate":0.0,"timestamp":1610971442,"path_taken":["M","M","?","$","?","E","R","E","T","$","?","M","R","M","R","BOSS"],"items_purchased_type":["Relic"],"build_version":"2020-12-22","purchased_purges":0,"victory":false,"max_hp_per_floor":[72,72,72,72,72,72,72,72,72,72,72,72,72,72,72,72,72],"card_choices":[{"not_picked":["Sanctity","Wallop","SashWhip"],"picked":"SKIP","floor":6},{"not_picked":["PathToVictory","Pray"],"picked":"FlurryOfBlows","floor":8}],"player_experience":401196,"relics_obtained":[{"floor":1,"key":"Nunchaku"},{"floor":2,"key":"Anchor"},{"floor":6,"key":"aspiration:FetidBarrel"},{"floor":8,"key":"Happy Flower"},{"floor":9,"key":"Slimebound:StickyStick"},{"floor":11,"key":"Juzu Bracelet"},{"floor":12,"key":"conspire:Flyswatter"},{"floor":14,"key":"Kunai"}],"event_choices":[{"damage_healed":0,"gold_gain":0,"player_choice":"Upgraded","damage_taken":0,"max_hp_gain":0,"max_hp_loss":0,"event_name":"Upgrade Shrine","floor":5,"gold_loss":0,"cards_upgraded":["Eruption"]}],"is_beta":false,"boss_relics":[],"items_purged_floors":[],"is_endless":false,"potions_floor_spawned":[1,2,11,12],"killed_by":"Hexaghost","ascension_level":0}}