{"host":"w3q5ijqu8eoknil3","time":1610940353,"event":{"mods":["AchievementEnabler","BaseMod","Block Reminder","Colored Map","Colored Powertips","Curses Come First","Dark Map","Minty Spire (QoL Compilation)","Quick Restart","Relic Stats","StSLib","ojb\u0027s Better Paths Mod","ojb\u0027s Info Mod","slay the spire mod where everything is the same but ironclad has a cowboy hat"],"gold_per_floor":[113,123,123,143,157,186,186,200,200,228,244,310,320,277,277,350,350,321,335,335,9,29,29,29,29],"floor_reached":24,"language":"ENG","playtime":952,"items_purged":[],"score":399,"play_id":"02d01143-6bc1-4006-b1ae-312803e8a03f","local_time":"20210118032553","is_ascension_mode":true,"campfire_choices":[{"data":"Venomology","floor":7,"key":"SMITH"},{"floor":15,"key":"REST"},{"data":"Noxious Fumes","floor":23,"key":"SMITH"}],"circlet_count":0,"master_deck":["AscendersBane","Strike_G","Strike_G","Strike_G","Strike_G","Strike_G","Defend_G","Defend_G","Defend_G","Defend_G","Defend_G","Survivor","Neutralize","Sucker Punch","Dagger Throw","Blade Dance","Predator","Venomology+1","Choke","Cloak And Dagger","Poisoned Stab","Noxious Fumes+1","After Image","Catalyst","Footwork","Backstab"],"relics":["Ring of the Snake","NeowsBlessing","Omamori","StrikeDummy","Coffee Dripper","Lantern","Pocketwatch"],"acts_visited":["Exordium","TheCity"],"potions_floor_usage":[6,6,6,10,10,11,11,11,13,16,16,22,22,24],"damage_taken":[{"damage":0,"enemies":"Cultist","floor":1,"turns":1},{"damage":0,"enemies":"Jaw Worm","floor":2,"turns":1},{"damage":0,"enemies":"2 Louse","floor":4,"turns":1},{"damage":12,"enemies":"Large Slime","floor":5,"turns":6},{"damage":10,"enemies":"3 Sentries","floor":6,"turns":7},{"damage":3,"enemies":"Looter","floor":8,"turns":3},{"damage":30,"enemies":"Gremlin Nob","floor":10,"turns":4},{"damage":1,"enemies":"Exordium Thugs","floor":11,"turns":5},{"damage":6,"enemies":"3 Louse","floor":13,"turns":2},{"damage":21,"enemies":"The Guardian","floor":16,"turns":10},{"damage":25,"enemies":"2 Thieves","floor":18,"turns":4},{"damage":13,"enemies":"Spheric Guardian","floor":19,"turns":6},{"damage":2,"enemies":"Snake Plant","floor":22,"turns":4},{"damage":20,"enemies":"Slavers","floor":24,"turns":1}],"seed_played":"349303470070109050","potions_obtained":[{"floor":3,"key":"EntropicBrew"},{"floor":3,"key":"ColorlessPotion"},{"floor":6,"key":"GamblersBrew"},{"floor":11,"key":"Fruit Juice"},{"floor":13,"key":"BlessingOfTheForge"}],"is_trial":false,"path_per_floor":["M","M","?","M","M","E","R","M","T","E","M","?","M","?","R","B",null,"M","M","?","$","M","R","E"],"character_chosen":"THE_SILENT","items_purchased":["Pocketwatch"],"campfire_rested":1,"item_purchase_floors":[21],"current_hp_per_floor":[59,59,59,59,47,37,37,34,34,4,8,8,2,2,23,2,54,29,16,16,16,14,14,0,0],"gold":29,"neow_bonus":"THREE_ENEMY_KILL","is_daily":false,"chose_seed":false,"campfire_upgraded":2,"win_rate":0.0,"timestamp":1610940353,"path_taken":["M","?","?","?","M","E","R","M","T","E","M","?","M","?","R","BOSS","M","M","?","$","M","R","E"],"items_purchased_type":["Relic"],"build_version":"2020-12-22","purchased_purges":0,"victory":false,"max_hp_per_floor":[66,66,66,66,66,66,66,66,66,66,71,71,71,71,71,71,71,71,71,71,71,71,71,71,71],"relic_stats":{"counters":[14,55],"obtain_stats":[{"Lantern":20,"NeowsBlessing":0,"Omamori":6,"Coffee Dripper":17,"StrikeDummy":10,"Ring of the Snake":0,"Pocketwatch":21},{"Lantern":12,"NeowsBlessing":0,"Omamori":5,"Coffee Dripper":10,"StrikeDummy":7,"Ring of the Snake":0,"Pocketwatch":12},{"Lantern":50,"NeowsBlessing":0,"Omamori":16,"Coffee Dripper":40,"StrikeDummy":23,"Ring of the Snake":0,"Pocketwatch":50}],"Ring of the Snake":[28],"Pocketwatch":[0]},"card_choices":[{"not_picked":["Well Laid Plans","Slice"],"picked":"Sucker Punch","floor":1},{"not_picked":["Bane","Sucker Punch"],"picked":"Dagger Throw","floor":2},{"not_picked":["All Out Attack","Quick Slash"],"picked":"Blade Dance","floor":4},{"not_picked":["Underhanded Strike","Acrobatics"],"picked":"Predator","floor":5},{"not_picked":["Cloak And Dagger","Concentrate"],"picked":"Venomology","floor":6},{"not_picked":["Expertise","Blade Dance"],"picked":"Choke","floor":8},{"not_picked":["Slice","Prepared"],"picked":"Cloak And Dagger","floor":10},{"not_picked":["PiercingWail","Setup"],"picked":"Poisoned Stab","floor":11},{"not_picked":["Endless Agony","Flying Knee"],"picked":"Noxious Fumes","floor":13},{"not_picked":["Venomology","Malaise"],"picked":"After Image","floor":16},{"not_picked":["Cloak And Dagger","Dagger Throw"],"picked":"Catalyst","floor":18},{"not_picked":["Dash","Bane"],"picked":"Footwork","floor":19},{"not_picked":["Underhanded Strike","Backflip"],"picked":"Backstab","floor":22}],"player_experience":984409,"relics_obtained":[{"floor":6,"key":"Omamori"},{"floor":10,"key":"StrikeDummy"}],"event_choices":[{"damage_healed":0,"gold_gain":0,"player_choice":"Got Potions","damage_taken":0,"max_hp_gain":0,"max_hp_loss":0,"event_name":"Lab","floor":3,"gold_loss":0},{"damage_healed":0,"gold_gain":66,"player_choice":"Gained Gold","damage_taken":0,"max_hp_gain":0,"max_hp_loss":0,"event_name":"Golden Wing","floor":12,"gold_loss":0},{"damage_healed":0,"gold_gain":0,"player_choice":"Left Gold","damage_taken":0,"max_hp_gain":0,"max_hp_loss":0,"event_name":"World of Goop","floor":14,"gold_loss":43},{"damage_healed":0,"gold_gain":0,"player_choice":"Opened","damage_taken":0,"relics_obtained":["Lantern"],"max_hp_gain":0,"max_hp_loss":0,"event_name":"The Mausoleum","floor":20,"gold_loss":0,"cards_obtained":["Writhe"]}],"is_beta":false,"boss_relics":[{"not_picked":["Pandora\u0027s Box","Empty Cage"],"picked":"Coffee Dripper"}],"items_purged_floors":[],"is_endless":false,"potions_floor_spawned":[5,6,8,11,13,19],"killed_by":"Slavers","ascension_level":18}}