{"host":"ishme5wb80o83upk","time":1610990693,"event":{"mods":["100% Spire Juice","BaseMod","Minty Spire (QoL Compilation)","StSLib"],"gold_per_floor":[116,136,86,105,122,32,44,111,123,163,175,187,187],"floor_reached":12,"language":"KOR","playtime":543,"items_purged":[],"score":88,"play_id":"7da66115-4013-4fe8-a341-8c1fe7e92150","local_time":"20210119022453","is_ascension_mode":false,"campfire_choices":[{"data":"Moonworks:Ambush","floor":7,"key":"SMITH"}],"circlet_count":0,"master_deck":["Moonworks:Strike","Moonworks:Strike","Moonworks:Strike","Moonworks:Defend","Moonworks:Defend","Moonworks:Defend","Moonworks:Defend","Moonworks:Ambush+1","Moonworks:LongDistanceShot","Moonworks:Blazing","Moonworks:NicePresent","Moonworks:EvilSpyWorkPreparation","Moonworks:LulusLuckyEgg","Moonworks:NicePresent","Doubt","Moonworks:LuckyCharm"],"relics":["Moonworks:BrokenBomb","Moonworks:Homemark","MawBank","Bag of Preparation","Mummified Hand","Centennial Puzzle"],"acts_visited":["Exordium"],"potions_floor_usage":[12,12,12],"damage_taken":[{"damage":1,"enemies":"Cultist","floor":1,"turns":3},{"damage":0,"enemies":"2 Louse","floor":2,"turns":3},{"damage":3,"enemies":"Small Slimes","floor":4,"turns":3},{"damage":1,"enemies":"Looter","floor":5,"turns":4},{"damage":30,"enemies":"Gremlin Nob","floor":6,"turns":4},{"damage":7,"enemies":"3 Sentries","floor":10,"turns":4},{"damage":16,"enemies":"Lagavulin","floor":12,"turns":5}],"seed_played":"-348923560126986951","potions_obtained":[{"floor":1,"key":"LiquidMemories"},{"floor":5,"key":"SpeedPotion"},{"floor":10,"key":"Strength Potion"}],"is_trial":false,"path_per_floor":["M","M","?","M","M","E","R","?","T","E","?","E"],"character_chosen":"THE_STARBREAKER","items_purchased":[],"campfire_rested":0,"item_purchase_floors":[],"current_hp_per_floor":[53,53,53,50,49,19,19,19,19,12,9,0,0],"gold":187,"neow_bonus":"THREE_RARE_CARDS","is_daily":false,"chose_seed":false,"campfire_upgraded":1,"win_rate":0.0,"timestamp":1610990693,"path_taken":["M","M","?","M","M","E","R","?","T","E","?","E"],"items_purchased_type":[],"build_version":"2020-12-22","purchased_purges":0,"victory":false,"max_hp_per_floor":[54,54,54,54,54,54,54,54,54,54,54,54,54],"card_choices":[{"not_picked":["Moonworks:Encore","Moonworks:AccelHyper"],"picked":"Moonworks:Blazing","floor":0},{"not_picked":["Moonworks:BeyondHell","Moonworks:CookingTime"],"picked":"Moonworks:NicePresent","floor":1},{"not_picked":["Moonworks:LuckyCharm","Moonworks:AwakeningOfTalent"],"picked":"Moonworks:EvilSpyWorkPreparation","floor":2},{"not_picked":["Moonworks:ReproductionOfRecords","Moonworks:DeployBits"],"picked":"Moonworks:LulusLuckyEgg","floor":4},{"not_picked":["Moonworks:CloudOfSeagulls","Moonworks:SakisCookie"],"picked":"Moonworks:NicePresent","floor":5},{"not_picked":["Moonworks:IndiscriminateFireSupport","Moonworks:AngelHand","Moonworks:Assault"],"picked":"SKIP","floor":6},{"not_picked":["Moonworks:ImOnFire","Moonworks:LeapThroughSpace"],"picked":"Moonworks:LuckyCharm","floor":10}],"player_experience":1059276,"relics_obtained":[{"floor":6,"key":"MawBank"},{"floor":9,"key":"Bag of Preparation"},{"floor":10,"key":"Mummified Hand"}],"event_choices":[{"cards_removed":["Moonworks:Strike"],"damage_healed":0,"gold_gain":0,"player_choice":"Card Removal","damage_taken":0,"max_hp_gain":0,"max_hp_loss":0,"event_name":"The Cleric","floor":3,"gold_loss":50},{"damage_healed":0,"gold_gain":175,"player_choice":"AGREE","damage_taken":0,"max_hp_gain":0,"max_hp_loss":0,"event_name":"Liars Game","floor":8,"gold_loss":0,"cards_obtained":["Doubt"]},{"damage_healed":0,"gold_gain":0,"player_choice":"Success","damage_taken":3,"relics_obtained":["Centennial Puzzle"],"max_hp_gain":0,"max_hp_loss":0,"event_name":"Scrap Ooze","floor":11,"gold_loss":0}],"is_beta":false,"boss_relics":[],"items_purged_floors":[],"is_endless":false,"potions_floor_spawned":[1,5,10],"killed_by":"Lagavulin","ascension_level":0}}