{"host":"7vyuhf36gh5rmcz2","time":1610952090,"event":{"mods":["AchievementEnabler","BaseMod","Highlight Path","Minty Spire (QoL Compilation)","StSLib"],"gold_per_floor":[112,127,77,92,44,44,57,84,84,84,159,159,171,182,182,182,182],"floor_reached":16,"language":"ENG","playtime":916,"items_purged":[],"score":153,"play_id":"567e6cc4-7f19-4560-b0cd-976f1e7e6094","local_time":"20210118064130","is_ascension_mode":true,"campfire_choices":[{"data":"Consume","floor":6,"key":"SMITH"},{"floor":10,"key":"REST"},{"data":"Zap","floor":12,"key":"SMITH"},{"floor":15,"key":"REST"}],"circlet_count":0,"master_deck":["AscendersBane","Strike_B","Strike_B","Strike_B","Defend_B","Defend_B","Defend_B","Defend_B","Zap+1","Dualcast","Melter","White Noise","Consume+1","Cold Snap","FTL","Barrage+1","Creative AI","Ball Lightning+1"],"relics":["Inserter","Molten Egg 2","Meat on the Bone"],"acts_visited":["Exordium"],"potions_floor_usage":[7,8,14],"damage_taken":[{"damage":5,"enemies":"2 Louse","floor":1,"turns":2},{"damage":12,"enemies":"Jaw Worm","floor":2,"turns":3},{"damage":1,"enemies":"Cultist","floor":4,"turns":3},{"damage":10,"enemies":"3 Louse","floor":7,"turns":4},{"damage":33,"enemies":"Gremlin Nob","floor":8,"turns":4},{"damage":20,"enemies":"Large Slime","floor":13,"turns":5},{"damage":12,"enemies":"2 Fungi Beasts","floor":14,"turns":4},{"damage":40,"enemies":"The Guardian","floor":16,"turns":7}],"seed_played":"7822306772240899338","potions_obtained":[{"floor":1,"key":"SteroidPotion"},{"floor":4,"key":"AttackPotion"},{"floor":8,"key":"Energy Potion"}],"is_trial":false,"path_per_floor":["M","M","?","M","$","R","M","E","T","R","?","R","M","M","R","B"],"character_chosen":"DEFECT","items_purchased":["Cold Snap"],"campfire_rested":2,"item_purchase_floors":[5],"current_hp_per_floor":[63,51,51,50,50,50,40,7,7,29,22,22,14,14,36,0,0],"gold":182,"neow_bonus":"BOSS_RELIC","is_daily":false,"chose_seed":false,"campfire_upgraded":2,"win_rate":0.0,"timestamp":1610952090,"path_taken":["M","M","?","M","$","R","M","E","T","R","?","R","M","M","R","BOSS"],"items_purchased_type":["Card"],"build_version":"2020-12-22","purchased_purges":0,"victory":false,"max_hp_per_floor":[75,75,75,75,75,75,75,75,75,75,75,75,75,75,75,75,75],"card_choices":[{"not_picked":["Gash","Scrape"],"picked":"Melter","floor":1},{"not_picked":["Redo","Rebound"],"picked":"White Noise","floor":2},{"not_picked":["Steam","Auto Shields"],"picked":"Consume","floor":4},{"not_picked":["Hologram","Beam Cell"],"picked":"FTL","floor":7},{"not_picked":["Leap","Hello World"],"picked":"Barrage+1","floor":8},{"not_picked":["Reinforced Body","Ball Lightning+1"],"picked":"Creative AI","floor":13},{"not_picked":["Rip and Tear+1","Turbo"],"picked":"Ball Lightning+1","floor":14}],"player_experience":517466,"relics_obtained":[{"floor":8,"key":"Molten Egg 2"},{"floor":9,"key":"Meat on the Bone"}],"event_choices":[{"cards_removed":["Strike_B"],"damage_healed":0,"gold_gain":0,"player_choice":"Card Removal","damage_taken":0,"max_hp_gain":0,"max_hp_loss":0,"event_name":"The Cleric","floor":3,"gold_loss":50},{"damage_healed":0,"gold_gain":75,"player_choice":"Touch","damage_taken":7,"max_hp_gain":0,"max_hp_loss":0,"event_name":"FaceTrader","floor":11,"gold_loss":0}],"is_beta":false,"boss_relics":[],"items_purged_floors":[],"is_endless":false,"potions_floor_spawned":[1,4,8],"killed_by":"The Guardian","ascension_level":10}}