{"host":"bq4pt811tk9yrmjl","time":1610936362,"event":{"mods":["AchievementEnabler","BaseMod","Colored Map","Colored Powertips","Defuse TimeMaze Blight","Hermit","Minty Spire (QoL Compilation)","StSLib","SuperFastMode"],"gold_per_floor":[115,115,115,129,129,163,163,180,180,207,207,50,65,76,76,179,179,191,191,208,208,208,208,14,45,99,119,119,138,185,212,212,309,309,327,26,45,45,63,63,80,80,80,80,80,80,91,102,102,102,102],"floor_reached":50,"language":"ENG","playtime":819,"items_purged":[],"score":591,"play_id":"fcfc2684-9988-4576-a225-5141b766559c","local_time":"20210118001922","is_ascension_mode":true,"campfire_choices":[{"data":"Anger","floor":7.0,"key":"SMITH"},{"data":"Bludgeon","floor":11.0,"key":"SMITH"},{"floor":15.0,"key":"RECALL"},{"data":"Armaments","floor":23,"key":"SMITH"},{"data":"Inflame","floor":32,"key":"SMITH"},{"data":"Uppercut","floor":40,"key":"SMITH"},{"data":"Bash","floor":44,"key":"SMITH"},{"floor":46,"key":"REST"},{"floor":49,"key":"REST"}],"circlet_count":0,"master_deck":["Strike_R+1","Strike_R+1","Strike_R+1","Strike_R+1","Strike_R+1","Defend_R+1","Defend_R+1","Defend_R+1","Defend_R+1","Bash+1","Bludgeon+1","Anger+1","Armaments+1","Inflame+1","Rage+1","Uppercut+1","Twin Strike+1","Bludgeon+1"],"relics":["Black Blood","NeowsBlessing","Unceasing Top","FossilizedHelix","Champion Belt","PrismaticShard","Sozu","Singing Bowl","Art of War","Gremlin Horn","Lizard Tail","War Paint"],"acts_visited":["Exordium","TheCity","TheBeyond"],"potions_floor_usage":[],"damage_taken":[{"damage":0.0,"enemies":"2 Louse","floor":1.0,"turns":1.0},{"damage":0.0,"enemies":"Jaw Worm","floor":4.0,"turns":1.0},{"damage":0.0,"enemies":"Lagavulin","floor":6.0,"turns":1.0},{"damage":0.0,"enemies":"Cultist","floor":8.0,"turns":2.0},{"damage":17.0,"enemies":"3 Sentries","floor":10.0,"turns":9.0},{"damage":0.0,"enemies":"Looter","floor":13.0,"turns":2.0},{"damage":0.0,"enemies":"Blue Slaver","floor":14.0,"turns":2.0},{"damage":14.0,"enemies":"Slime Boss","floor":16.0,"turns":9.0},{"damage":0.0,"enemies":"Shell Parasite","floor":18.0,"turns":4.0},{"damage":10.0,"enemies":"Spheric Guardian","floor":20.0,"turns":4.0},{"damage":26,"enemies":"Slavers","floor":25,"turns":7},{"damage":5,"enemies":"Snake Plant","floor":27,"turns":4},{"damage":6,"enemies":"Chosen and Byrds","floor":29,"turns":6},{"damage":12,"enemies":"Gremlin Leader","floor":31,"turns":7},{"damage":45,"enemies":"Collector","floor":33,"turns":10},{"damage":0,"enemies":"Orb Walker","floor":35,"turns":3},{"damage":0,"enemies":"3 Shapes","floor":37,"turns":3},{"damage":8,"enemies":"Jaw Worm Horde","floor":39,"turns":4},{"damage":0,"enemies":"Transient","floor":41,"turns":5},{"damage":29,"enemies":"Maw","floor":47,"turns":7},{"damage":6,"enemies":"4 Shapes","floor":48,"turns":8},{"damage":45,"enemies":"Donu and Deca","floor":50,"turns":5}],"seed_played":"-4753417546505256029","potions_obtained":[{"floor":1.0,"key":"DuplicationPotion"},{"floor":14.0,"key":"Fruit Juice"},{"floor":16.0,"key":"BlessingOfTheForge"}],"is_trial":false,"path_per_floor":["M","?","?","M","?","E","R","M","T","E","R","$","M","M","R","B",null,"M","?","M","?","?","R","$","E","T","M","$","M","T","E","R","B",null,"M","$","M","?","M","R","M","$","T","R","$","R","M","M","R","B"],"character_chosen":"IRONCLAD","items_purchased":["PrismaticShard","Inflame","Rage","Uppercut","Lizard Tail"],"campfire_rested":2,"item_purchase_floors":[12,24,24,24,36],"current_hp_per_floor":[80,80,85,85,85,85,85,85,85,74,74,74,80,90,90,82,90,90,90,86,86,86,86,86,68,68,71,71,71,71,67,67,30,98,100,100,102,102,104,104,106,106,106,106,106,106,91,99,110,65,65],"gold":102,"neow_bonus":"THREE_ENEMY_KILL","is_daily":false,"chose_seed":false,"campfire_upgraded":6,"win_rate":0.0,"timestamp":1610936362,"path_taken":["M","?","?","M","?","E","R","M","T","E","R","$","M","M","R","BOSS","M","?","?","?","?","R","$","E","T","M","$","M","?","E","R","BOSS","M","$","M","?","M","R","M","?","T","R","$","R","?","M","R","BOSS"],"items_purchased_type":["Relic","Card","Card","Card","Relic"],"build_version":"2020-12-22","purchased_purges":0,"victory":false,"max_hp_per_floor":[80,80,85,85,85,85,85,85,85,85,85,85,85,90,90,90,90,90,90,90,90,90,90,90,92,92,94,94,94,94,96,96,98,98,100,100,102,102,104,104,106,106,106,106,106,106,108,110,110,110,110],"card_choices":[{"not_picked":["Havoc","Power Through","True Grit"],"picked":"SKIP","floor":1.0},{"not_picked":["Combust","Shrug It Off"],"picked":"Bludgeon","floor":4.0},{"not_picked":["Clash","Hemokinesis"],"picked":"Anger","floor":6.0},{"not_picked":["Body Slam","Warcry","Anger"],"picked":"SKIP","floor":8.0},{"not_picked":["Barricade","Combust","Dual Wield"],"picked":"SKIP","floor":10.0},{"not_picked":["Poisoned Stab","BowlingBash","SashWhip"],"picked":"SKIP","floor":13.0},{"not_picked":["hermit:Manifest","hermit:Enervate"],"picked":"Iron Wave","floor":14.0},{"not_picked":["Streamline","Hologram"],"picked":"Armaments","floor":18.0},{"not_picked":["Swift Strike","Shockwave","Eviscerate"],"picked":"SKIP","floor":20.0},{"not_picked":["Hologram+1","Clothesline","Turbo+1"],"picked":"Singing Bowl","floor":25},{"not_picked":["Blood for Blood","Shrug It Off","hermit:Vantage"],"picked":"Singing Bowl","floor":27},{"not_picked":["Barricade","hermit:Ricochet"],"picked":"Twin Strike+1","floor":29},{"not_picked":["Setup","Defragment","Master of Strategy"],"picked":"Singing Bowl","floor":31},{"not_picked":["hermit:EternalForm","Machine Learning","Sadistic Nature"],"picked":"Singing Bowl","floor":33},{"not_picked":["Shrug It Off","Tactician","Evaluate"],"picked":"Singing Bowl","floor":35},{"not_picked":["EmptyFist+1","Stack+1","Swivel"],"picked":"Singing Bowl","floor":37},{"not_picked":["Blizzard","Headbutt","Shrug It Off"],"picked":"Singing Bowl","floor":39},{"not_picked":["Recycle+1","Phantasmal Killer","FollowUp+1"],"picked":"Singing Bowl","floor":41},{"not_picked":["Bloodletting+1","Sweeping Beam+1","Armaments+1"],"picked":"Singing Bowl","floor":47},{"not_picked":["Finisher+1","Ball Lightning","Inflame"],"picked":"Singing Bowl","floor":48}],"player_experience":178901,"relics_obtained":[{"floor":6.0,"key":"Unceasing Top"},{"floor":9.0,"key":"FossilizedHelix"},{"floor":10.0,"key":"Champion Belt"},{"floor":25,"key":"Singing Bowl"},{"floor":30,"key":"Art of War"},{"floor":31,"key":"Gremlin Horn"},{"floor":43,"key":"War Paint"}],"event_choices":[{"damage_healed":0.0,"max_hp_gain":0.0,"max_hp_loss":0.0,"gold_gain":0.0,"event_name":"Golden Wing","player_choice":"Ignored","floor":2.0,"gold_loss":0.0,"damage_taken":0.0},{"damage_healed":0.0,"max_hp_gain":5.0,"max_hp_loss":0.0,"gold_gain":0.0,"event_name":"Big Fish","player_choice":"Donut","floor":3.0,"gold_loss":0.0,"damage_taken":0.0},{"damage_healed":0.0,"max_hp_gain":0.0,"max_hp_loss":0.0,"gold_gain":0.0,"event_name":"Liars Game","player_choice":"Ignored","floor":5.0,"gold_loss":0.0,"damage_taken":0.0},{"cards_removed":["Iron Wave"],"damage_healed":5.0,"max_hp_gain":0.0,"max_hp_loss":0.0,"gold_gain":0.0,"event_name":"Bonfire Elementals","player_choice":"Offered Common","floor":19.0,"gold_loss":0.0,"damage_taken":0.0},{"cards_removed":["Iron Wave"],"damage_healed":5.0,"max_hp_gain":0.0,"max_hp_loss":0.0,"gold_gain":0.0,"event_name":"Bonfire Elementals","player_choice":"Offered Special","floor":19.0,"gold_loss":0.0,"damage_taken":0.0},{"damage_healed":0,"gold_gain":0,"player_choice":"Ignored","damage_taken":0,"max_hp_gain":0,"max_hp_loss":0,"event_name":"Cursed Tome","floor":21,"gold_loss":0},{"damage_healed":0,"gold_gain":0,"player_choice":"Simplicity","damage_taken":0,"max_hp_gain":0,"max_hp_loss":0,"event_name":"Back to Basics","floor":22,"gold_loss":0,"cards_upgraded":["Strike_R","Strike_R","Strike_R","Strike_R","Strike_R","Defend_R","Defend_R","Defend_R","Defend_R"]},{"damage_healed":0,"gold_gain":0,"player_choice":"Copied","damage_taken":0,"max_hp_gain":0,"max_hp_loss":0,"event_name":"Duplicator","floor":38,"gold_loss":0,"cards_obtained":["Bludgeon"]}],"is_beta":false,"boss_relics":[{"not_picked":["Runic Pyramid","Tiny House"],"picked":"Sozu"},{"not_picked":["Astrolabe","Cursed Key"],"picked":"Black Blood"}],"items_purged_floors":[],"is_endless":false,"potions_floor_spawned":[1,14,16,20,29,33,37,48],"killed_by":"Donu and Deca","ascension_level":1}}