{"host":"3j2m8n0ywf988fwb","time":1610997730,"event":{"mods":["BaseMod","Colored Map","Colored Powertips","Downfall","Highlight Path","Minty Spire (QoL Compilation)","StSLib"],"gold_per_floor":[99,116,116,131,71,90,90,39,51,51,151,151,165,177,195,293,293,293,303,319,329,329,348,348,448,348,375,48,76,95,5,21,117,117,117,137,157,157,172,222,222,236,221,121,156,56,76,92,111,111,111,111,111,111],"floor_reached":52,"language":"ENG","playtime":4920,"items_purged":["champ:Strike"],"score":745,"play_id":"a96ce034-4ec2-4d10-99f9-3dc9b7ec58a6","local_time":"20210118132210","is_ascension_mode":false,"campfire_choices":[{"data":"champ:Taunt","floor":1,"key":"SMITH"},{"data":"champ:Improvising","floor":18,"key":"SMITH"},{"data":"champ:Circumvent","floor":26,"key":"SMITH"},{"floor":35,"key":"RECALL"},{"data":"champ:HoldFirm","floor":44,"key":"SMITH"},{"data":"champ:IgnorePain","floor":46,"key":"SMITH"}],"circlet_count":0,"master_deck":["champ:Strike","champ:Strike","champ:Strike","champ:Defend","champ:Defend","champ:Defend","champ:Defend","champ:Execute","champ:Taunt+1","champ:FocusedDefense","champ:Taunt+1","champ:FalseCounter","champ:BringItOn","champ:TornadoPunch","champ:DefensiveShout","champ:IronFortress","champ:SetATrap+1","champ:PreciseThrust","champ:Lariat","champ:IronFortress","champ:Improvising+1","champ:BringItOn","champ:Circumvent+1","champ:PreciseThrust+1","champ:PreemptiveStrike","champ:IgnorePain+1","champ:Parry","champ:HoldFirm+1","champ:Duel+1","champ:TornadoPunch","champ:PreemptiveStrike+1","champ:CheapShot","champ:DefensiveShout+1","champ:SkillfulDodge+1","champ:FlashCut+1","champ:LastStand"],"relics":["champ:ChampionCrown","Mummified Hand","CloakClasp","Coffee Dripper","MealTicket","downfall:HeartBlessingBlue","Ancient Tea Set","Calipers","Toy Ornithopter","Velvet Choker","Girya","Bottled Lightning","downfall:HeartBlessingRed","Anchor","downfall:HeartBlessingGreen"],"acts_visited":["Exordium","TheCity","TheBeyond","TheEnding"],"potions_floor_usage":[5,16,32,33,33,43,52],"damage_taken":[{"damage":20,"enemies":"Cultist","floor":2,"turns":5},{"damage":3,"enemies":"Small Slimes","floor":4,"turns":3},{"damage":15,"enemies":"downfall:FleeingMerchant","floor":5,"turns":4},{"damage":0,"enemies":"2 Louse","floor":6,"turns":2},{"damage":0,"enemies":"downfall:FleeingMerchant","floor":8,"turns":4},{"damage":7,"enemies":"Blue Slaver","floor":9,"turns":3},{"damage":15,"enemies":"Blue Slaver","floor":11,"turns":10},{"damage":9,"enemies":"Exordium Wildlife","floor":13,"turns":4},{"damage":0,"enemies":"Large Slime","floor":14,"turns":4},{"damage":0,"enemies":"Blue Slaver","floor":15,"turns":2},{"damage":8,"enemies":"IC_STATUS_ARCHETYPE","floor":16,"turns":8},{"damage":0,"enemies":"3 Byrds","floor":19,"turns":6},{"damage":16,"enemies":"Shell Parasite","floor":20,"turns":4},{"damage":10,"enemies":"Snecko","floor":21,"turns":5},{"damage":13,"enemies":"Centurion and Healer","floor":23,"turns":12},{"damage":26,"enemies":"Slavers","floor":27,"turns":6},{"damage":10,"enemies":"downfall:FleeingMerchant","floor":28,"turns":4},{"damage":14,"enemies":"Book of Stabbing","floor":29,"turns":5},{"damage":17,"enemies":"Snake Plant","floor":30,"turns":4},{"damage":33,"enemies":"downfall:FleeingMerchant","floor":31,"turns":4},{"damage":10,"enemies":"Snecko","floor":32,"turns":3},{"damage":29,"enemies":"SI_MIRROR_ARCHETYPE","floor":33,"turns":15},{"damage":12,"enemies":"Orb Walker","floor":36,"turns":5},{"damage":14,"enemies":"3 Shapes","floor":37,"turns":4},{"damage":10,"enemies":"Maw","floor":39,"turns":9},{"damage":11,"enemies":"Maw","floor":40,"turns":8},{"damage":10,"enemies":"Jaw Worm Horde","floor":42,"turns":5},{"damage":0,"enemies":"downfall:FleeingMerchant","floor":43,"turns":4},{"damage":36,"enemies":"Reptomancer","floor":45,"turns":13},{"damage":43,"enemies":"Transient","floor":47,"turns":5},{"damage":0,"enemies":"3 Darklings","floor":48,"turns":7},{"damage":0,"enemies":"Sphere and 2 Shapes","floor":49,"turns":4},{"damage":39,"enemies":"DF_ARCHETYPE_ORBS","floor":50,"turns":16},{"damage":114,"enemies":"downfall:CharBossMerchant","floor":52,"turns":10}],"seed_played":"-8050497769543718493","potions_obtained":[{"floor":2,"key":"Slimebound:ThreeZeroPotion"},{"floor":4,"key":"Weak Potion"},{"floor":11,"key":"SmokeBomb"},{"floor":13,"key":"AttackPotion"},{"floor":23,"key":"EssenceOfSteel"},{"floor":30,"key":"DistilledChaos"},{"floor":32,"key":"SkillPotion"},{"floor":33,"key":"DistilledChaos"},{"floor":40,"key":"Explosive Potion"},{"floor":42,"key":"LiquidBronze"},{"floor":47,"key":"ColorlessPotion"}],"is_trial":false,"path_per_floor":["R","M","?","M","$","M","T","$","M","?","?","?","M","M","M","B",null,"R","M","M","M","T","M","T","?","R","E","$","E","M","$","M","B",null,"R","M","M","?","M","?","T","M","$","R","E","R","M","M","M","B",null,"E"],"character_chosen":"THE_CHAMP","items_purchased":["champ:BringItOn","champ:IronFortress","Calipers"],"campfire_rested":0,"item_purchase_floors":[5,8,28],"current_hp_per_floor":[99,99,99,96,96,96,96,96,89,89,89,89,80,80,80,72,99,99,99,93,83,83,80,80,80,90,64,79,75,68,60,65,46,109,109,107,93,93,93,92,92,92,109,109,83,83,50,50,50,21,109,0,0,0],"gold":111,"neow_bonus":"TEN_PERCENT_HP_BONUS","is_daily":false,"chose_seed":false,"campfire_upgraded":5,"win_rate":0.0,"timestamp":1610997730,"path_taken":["R","M","?","?","$","?","T","$","M","?","?","?","M","M","M","BOSS","R","M","M","M","?","M","T","?","R","E","$","E","?","?","M","BOSS","R","M","M","?","M","?","T","M","$","R","E","R","M","M","M","BOSS","E"],"items_purchased_type":["Card","Card","Relic"],"build_version":"2020-12-22","purchased_purges":1,"victory":false,"max_hp_per_floor":[99,99,99,99,99,99,99,99,99,99,99,99,99,99,99,99,99,99,99,99,99,99,99,99,99,109,109,109,109,109,109,109,109,109,109,109,109,109,109,109,109,109,109,109,109,109,109,109,109,109,109,109,109,109],"card_choices":[{"not_picked":["champ:EnGarde","champ:PreciseThrust"],"picked":"champ:FocusedDefense","floor":2},{"not_picked":["champ:FalseCounter","champ:Shatter","champ:GutPunch"],"picked":"SKIP","floor":4},{"not_picked":["champ:RapidStrikes","champ:CrownThrow"],"picked":"champ:FalseCounter","floor":5},{"not_picked":["champ:Backstep","champ:Haymaker"],"picked":"champ:TornadoPunch","floor":6},{"not_picked":["champ:BerserkersShout","champ:AdrenalArmor"],"picked":"champ:DefensiveShout","floor":8},{"not_picked":["champ:HeavySlash","champ:Shatter"],"picked":"champ:SetATrap","floor":9},{"not_picked":["champ:CrownThrow","champ:Backstep"],"picked":"champ:PreciseThrust","floor":11},{"not_picked":["champ:ArenaPreparation","champ:CrownThrow"],"picked":"champ:Lariat","floor":13},{"not_picked":["champ:EnragedBash","champ:Endure","champ:GladiatorStyle"],"picked":"SKIP","floor":14},{"not_picked":["champ:SetATrap","champ:AdrenalArmor"],"picked":"champ:IronFortress","floor":15},{"not_picked":["champ:StrikeOfGenius","champ:UltimateStance"],"picked":"champ:Improvising","floor":16},{"not_picked":["champ:CrookedStrike","champ:CrownThrow+1"],"picked":"champ:BringItOn","floor":19},{"not_picked":["champ:FanOfKnives","champ:BringItOn+1"],"picked":"champ:Circumvent","floor":20},{"not_picked":["champ:StrikeOfGenius","champ:BringItOn","champ:Shatter"],"picked":"SKIP","floor":21},{"not_picked":["champ:Haymaker","champ:FalseCounter","champ:FanOfKnives"],"picked":"SKIP","floor":23},{"not_picked":["champ:FanOfKnives","champ:Circumvent+1"],"picked":"champ:PreciseThrust+1","floor":27},{"not_picked":["champ:CalledShot","champ:FanOfKnives"],"picked":"champ:PreemptiveStrike","floor":28},{"not_picked":["champ:DeathBlow","champ:FocusedDefense"],"picked":"champ:IgnorePain","floor":29},{"not_picked":["champ:FalseCounter","champ:BringItOn"],"picked":"champ:Parry","floor":30},{"not_picked":["champ:TornadoPunch","champ:CrookedStrike","champ:FancyFootwork"],"picked":"SKIP","floor":31},{"not_picked":["champ:ArenaPreparation","champ:FocusedDefense","champ:CrookedStrike"],"picked":"SKIP","floor":32},{"not_picked":["champ:MurderStrike","champ:TripleStrike"],"picked":"champ:HoldFirm","floor":33},{"not_picked":["champ:RisingSlash","champ:PreciseThrust"],"picked":"champ:EnGarde","floor":36},{"not_picked":["champ:EnGarde","champ:BladeFlurry","champ:RapidStrikes+1"],"picked":"SKIP","floor":37},{"not_picked":["champ:GutPunch","champ:Haymaker+1"],"picked":"champ:Duel+1","floor":39},{"not_picked":["champ:CheapShot","champ:HeartStrike+1"],"picked":"champ:TornadoPunch","floor":40},{"not_picked":["champ:StanceDance","champ:AdrenalArmor+1"],"picked":"champ:PreemptiveStrike+1","floor":42},{"not_picked":["champ:Shatter+1","champ:AdrenalArmor"],"picked":"champ:CheapShot","floor":43},{"not_picked":["champ:Lariat","champ:CalledShot+1"],"picked":"champ:DefensiveShout+1","floor":45},{"not_picked":["champ:EnragedBash+1","champ:CrownThrow"],"picked":"champ:SkillfulDodge+1","floor":47},{"not_picked":["champ:FanOfKnives","champ:FalseCounter"],"picked":"champ:FlashCut+1","floor":48},{"not_picked":["champ:FaceSlap+1","champ:GutPunch+1"],"picked":"champ:LastStand","floor":49}],"player_experience":969854,"relics_obtained":[{"floor":7,"key":"Mummified Hand"},{"floor":11,"key":"CloakClasp"},{"floor":22,"key":"MealTicket"},{"floor":27,"key":"Ancient Tea Set"},{"floor":29,"key":"Toy Ornithopter"},{"floor":40,"key":"Girya"},{"floor":41,"key":"Bottled Lightning"},{"floor":45,"key":"Anchor"}],"event_choices":[{"damage_healed":0,"gold_gain":0,"player_choice":"Grow","damage_taken":0,"max_hp_gain":0,"max_hp_loss":0,"event_name":"Living Wall","floor":10,"gold_loss":0,"cards_upgraded":["champ:SetATrap"]},{"cards_removed":["champ:EnGarde"],"damage_healed":0,"gold_gain":0,"player_choice":"Removed Skill","damage_taken":0,"max_hp_gain":0,"max_hp_loss":0,"event_name":"Falling","floor":38,"gold_loss":0}],"is_beta":false,"boss_relics":[{"not_picked":["SacredBark","Runic Pyramid"],"picked":"Coffee Dripper"},{"not_picked":["Astrolabe","Snecko Eye"],"picked":"Velvet Choker"}],"items_purged_floors":[31],"is_endless":false,"potions_floor_spawned":[2,4,11,13,23,30,32,33,40,42,47,48],"killed_by":"downfall:CharBossMerchant","ascension_level":0}}