{"host":"2js2pxuugveqjuf7","time":1610939936,"event":{"mods":["BaseMod","Minty Spire (QoL Compilation)","Relic Stats","StSLib"],"gold_per_floor":[110,126,58,58,73,107,107,140,140,140,150,165,180,194,194,291,291,310,330,330,353,353,353,353],"floor_reached":23,"language":"ENG","playtime":1850,"items_purged":[],"score":244,"play_id":"828a8388-6f8c-472d-b5b1-f9aa71a01062","local_time":"20210117211856","is_ascension_mode":true,"campfire_choices":[{"data":"Lockon","floor":7.0,"key":"SMITH"},{"data":"Reinforced Body","floor":10.0,"key":"SMITH"},{"data":"Strike_B","floor":15.0,"key":"PURGE"}],"circlet_count":0,"master_deck":["Strike_B","Defend_B","Defend_B","Defend_B","Zap","Dualcast","Melter","Lockon+1","Reinforced Body+1","Core Surge","FTL","Electrodynamics","Self Repair","Gash","Storm","Gash","Amplify","Defragment","Beam Cell","Shame"],"relics":["Empty Cage","White Beast Statue","Dead Branch","Peace Pipe","Black Star","Cables","Anchor"],"acts_visited":["Exordium","TheCity"],"potions_floor_usage":[23],"damage_taken":[{"damage":1.0,"enemies":"Cultist","floor":1.0,"turns":3.0},{"damage":9.0,"enemies":"Jaw Worm","floor":2.0,"turns":3.0},{"damage":5.0,"enemies":"Small Slimes","floor":5.0,"turns":3.0},{"damage":28.0,"enemies":"3 Sentries","floor":6.0,"turns":10.0},{"damage":16.0,"enemies":"Gremlin Nob","floor":8.0,"turns":3.0},{"damage":10.0,"enemies":"Gremlin Gang","floor":11.0,"turns":3.0},{"damage":2.0,"enemies":"Exordium Wildlife","floor":12.0,"turns":4.0},{"damage":1.0,"enemies":"Red Slaver","floor":13.0,"turns":3.0},{"damage":13.0,"enemies":"Looter","floor":14.0,"turns":3.0},{"damage":13.0,"enemies":"Hexaghost","floor":16.0,"turns":6.0},{"damage":19.0,"enemies":"3 Byrds","floor":18.0,"turns":3.0},{"damage":11,"enemies":"Spheric Guardian","floor":19,"turns":3},{"damage":58,"enemies":"Slavers","floor":23,"turns":3}],"seed_played":"-7585921281760115311","potions_obtained":[{"floor":1.0,"key":"Ancient Potion"},{"floor":8.0,"key":"Fire Potion"},{"floor":11.0,"key":"BlessingOfTheForge"},{"floor":12.0,"key":"Weak Potion"},{"floor":13.0,"key":"ColorlessPotion"},{"floor":14.0,"key":"FocusPotion"},{"floor":16.0,"key":"ColorlessPotion"},{"floor":18.0,"key":"Weak Potion"},{"floor":19,"key":"Dexterity Potion"}],"is_trial":false,"path_per_floor":["M","M","$","?","M","E","R","E","T","R","M","M","M","M","R","B",null,"M","M","?","T","?","E"],"character_chosen":"DEFECT","items_purchased":["Reinforced Body"],"campfire_rested":0,"item_purchase_floors":[3],"current_hp_per_floor":[74,65,65,65,60,32,32,16,16,16,13,18,24,18,18,12,75,63,66,66,66,52,0,0],"gold":353,"neow_bonus":"BOSS_RELIC","is_daily":false,"chose_seed":false,"campfire_upgraded":2,"win_rate":0.0,"timestamp":1610939936,"path_taken":["M","?","?","?","M","E","R","E","T","R","?","?","M","M","R","BOSS","M","?","?","?","?","E"],"items_purchased_type":["Card"],"build_version":"2020-12-22","purchased_purges":0,"victory":false,"max_hp_per_floor":[75,75,75,75,75,75,75,75,75,75,75,75,75,75,75,75,75,75,75,75,75,80,80,80],"relic_stats":{"Peace Pipe":1,"counters":[13,50],"Dead Branch":[2],"Black Star":0,"obtain_stats":[{"Peace Pipe":9,"Anchor":21,"Dead Branch":8,"Black Star":17,"Cracked Core":0,"Empty Cage":0,"White Beast Statue":6,"Cables":20},{"Peace Pipe":5,"Anchor":12,"Dead Branch":5,"Black Star":10,"Cracked Core":0,"Empty Cage":0,"White Beast Statue":4,"Cables":12},{"Peace Pipe":22,"Anchor":47,"Dead Branch":22,"Black Star":41,"Cracked Core":0,"Empty Cage":0,"White Beast Statue":19,"Cables":47}],"Cables":[0,0,0,0,0]},"card_choices":[{"not_picked":["Gash","Go for the Eyes"],"picked":"Melter","floor":1.0},{"not_picked":["Hologram","Barrage"],"picked":"Lockon","floor":2.0},{"not_picked":["Leap","Rebound"],"picked":"FTL","floor":5.0},{"not_picked":["Blizzard","Reinforced Body"],"picked":"Electrodynamics","floor":6.0},{"not_picked":["Cold Snap","Stack"],"picked":"Self Repair","floor":8.0},{"not_picked":["Cold Snap","Aggregate"],"picked":"Gash","floor":11.0},{"not_picked":["Sweeping Beam","Barrage","Stack"],"picked":"SKIP","floor":12.0},{"not_picked":["Compile Driver","Blizzard"],"picked":"Storm","floor":13.0},{"not_picked":["Melter","Consume"],"picked":"Gash","floor":14.0},{"not_picked":["All For One","Machine Learning"],"picked":"Amplify","floor":16.0},{"not_picked":["Turbo","Blizzard"],"picked":"Defragment","floor":18.0},{"not_picked":["Redo","Compile Driver"],"picked":"Beam Cell","floor":19}],"player_experience":275741,"relics_obtained":[{"floor":6.0,"key":"White Beast Statue"},{"floor":8.0,"key":"Dead Branch"},{"floor":9.0,"key":"Peace Pipe"},{"floor":21,"key":"Anchor"}],"event_choices":[{"damage_healed":0.0,"max_hp_gain":0.0,"max_hp_loss":0.0,"gold_gain":0.0,"cards_transformed":["Defend_B"],"event_name":"Transmorgrifier","player_choice":"Transformed","floor":4.0,"gold_loss":0.0,"damage_taken":0.0,"cards_obtained":["Core Surge"]},{"damage_healed":0,"gold_gain":0,"player_choice":"Stole Relic","damage_taken":0,"relics_obtained":["Cables"],"max_hp_gain":0,"max_hp_loss":0,"event_name":"Addict","floor":20,"gold_loss":0,"cards_obtained":["Shame"]},{"damage_healed":0,"gold_gain":0,"player_choice":"Shed Blood","damage_taken":19,"max_hp_gain":5,"max_hp_loss":0,"event_name":"Forgotten Altar","floor":22,"gold_loss":0}],"is_beta":false,"boss_relics":[{"not_picked":["Velvet Choker","Busted Crown"],"picked":"Black Star"}],"items_purged_floors":[],"is_endless":false,"potions_floor_spawned":[1,8,11,12,13,14,16,18,19],"killed_by":"Slavers","ascension_level":4}}