{"host":"z5ogtnuuoxgup8y1","time":1610997486,"event":{"mods":["BaseMod","Better Third Choice","BetterRewards","Hermit","Hubris","Jorbs\u0027s Wanderer Trilogy","Minty Spire (QoL Compilation)","Replay The Spire","Spicy Shops","StSLib","The Cursed","The Disciple","The Hierophant","The Jungle","The Runesmith"],"gold_per_floor":[109,122,136,136,136,136,166,166,166,166,192,203,221,232,232,306,306,324,324,334,354,129,129,458,478,478,478,488,488,506,431,431,507,507,519,569,569,569],"floor_reached":37,"language":"ENG","playtime":1758,"items_purged":["Strike_G","Strike_G"],"score":1139,"play_id":"8ece8964-f8f5-48c2-b3c0-97cb8edd4366","local_time":"20210118191806","is_ascension_mode":true,"campfire_choices":[{"data":"Envenom","floor":6,"key":"SMITH"},{"data":"Footwork","floor":8,"key":"SMITH"},{"floor":10,"key":"REST"},{"data":"Riddle With Holes","floor":15,"key":"SMITH"},{"data":"A Thousand Cuts","floor":23,"key":"SMITH"},{"data":"Adrenaline","floor":29,"key":"SMITH"},{"data":"Poisoned Stab","floor":32,"key":"SMITH"}],"circlet_count":0,"master_deck":["AscendersBane","Defend_G","Defend_G","Defend_G","Defend_G","Survivor","Neutralize","Poisoned Stab","Poisoned Stab+1","Footwork+1","Cloak And Dagger","Envenom+1","Bane","Unload","Riddle With Holes+1","Dash","A Thousand Cuts+1","Adrenaline+1"],"relics":["Ring of the Snake","TwistedFunnel","Gambling Chip","CaptainsWheel","Replay:PocketPolymizer","Thread and Needle","Ninja Scroll","Vajra","Sozu","Calipers","Old Coin","Replay:Grab Bag","Philosopher\u0027s Stone","hubris:RunicObelisk","Snecko Heart"],"acts_visited":["Exordium","TheCity","TheBeyond"],"potions_floor_usage":[16],"damage_taken":[{"damage":0,"enemies":"Jaw Worm","floor":1,"turns":4},{"damage":0,"enemies":"2 Louse","floor":2,"turns":2},{"damage":0,"enemies":"Cultist","floor":3,"turns":3},{"damage":0,"enemies":"Replay:BlueRogue","floor":7,"turns":6},{"damage":3,"enemies":"Lagavulin","floor":11,"turns":3},{"damage":0,"enemies":"Large Slime","floor":12,"turns":3},{"damage":0,"enemies":"Blue Slaver","floor":13,"turns":2},{"damage":0,"enemies":"Exordium Thugs","floor":14,"turns":2},{"damage":0,"enemies":"Slime Boss","floor":16,"turns":8},{"damage":0,"enemies":"Spheric Guardian","floor":18,"turns":4},{"damage":0,"enemies":"3 Byrds","floor":20,"turns":3},{"damage":0,"enemies":"Cultist and Chosen","floor":21,"turns":4},{"damage":0,"enemies":"Book of Stabbing","floor":24,"turns":4},{"damage":0,"enemies":"Centurion and Healer","floor":25,"turns":5},{"damage":0,"enemies":"Shelled Parasite and Fungi","floor":28,"turns":3},{"damage":0,"enemies":"Snecko","floor":30,"turns":3},{"damage":44,"enemies":"Champ","floor":33,"turns":11},{"damage":15,"enemies":"3 Shapes","floor":35,"turns":2},{"damage":0,"enemies":"3 Darklings","floor":37,"turns":2}],"seed_played":"123661186191692948","potions_obtained":[{"floor":7,"key":"Dexterity Potion"},{"floor":11,"key":"Explosive Potion"},{"floor":16,"key":"SpeedPotion"}],"is_trial":false,"path_per_floor":["M","M","M","?","T","R","E","R","T","R","E","M","M","M","R","B",null,"M","?","M","M","$","R","E","M","T","?","M","R","M","?","R","B",null,"M","?","M"],"character_chosen":"THE_SILENT","items_purchased":["TwistedFunnel","Poisoned Stab","Footwork","Cloak And Dagger","Calipers","Adrenaline"],"campfire_rested":1,"item_purchase_floors":[0,0,0,0,22,22],"current_hp_per_floor":[38,38,38,38,38,38,38,38,38,57,54,54,54,54,54,54,63,63,63,63,63,63,63,63,63,63,57,57,57,57,57,57,13,53,38,38,38,38],"gold":569,"neow_bonus":"","is_daily":false,"chose_seed":false,"campfire_upgraded":6,"win_rate":0.0,"timestamp":1610997486,"path_taken":["M","M","M","?","?","R","E","R","T","R","E","?","M","M","R","BOSS","M","?","M","M","$","R","E","M","T","?","?","R","M","?","R","BOSS","M","?","?"],"items_purchased_type":["Relic","Card","Card","Card","Relic","Card"],"build_version":"2020-12-22","purchased_purges":2,"victory":false,"max_hp_per_floor":[66,66,66,66,66,66,66,66,66,66,66,66,66,66,66,66,66,66,66,66,66,66,66,66,66,66,66,66,66,66,66,66,66,66,66,66,66,66],"card_choices":[{"not_picked":["Blade Dance","Acrobatics","Fluid Movement"],"picked":"SKIP","floor":1},{"not_picked":["Backflip","hubris:SlightOfHand","Dodge and Roll"],"picked":"SKIP","floor":2},{"not_picked":["Finisher","Deadly Poison"],"picked":"Envenom","floor":3},{"not_picked":["Deadly Poison","Quick Slash","Sucker Punch"],"picked":"SKIP","floor":7},{"not_picked":["Storm of Steel","Underhanded Strike"],"picked":"Dash","floor":11},{"not_picked":["ReplayTheSpireMod:Exploit Weakness","Terror","Outmaneuver"],"picked":"SKIP","floor":12},{"not_picked":["Blade Dance","Deadly Poison","Eviscerate"],"picked":"SKIP","floor":13},{"not_picked":["Underhanded Strike","Accuracy","ReplayTheSpireMod:Exploit Weakness"],"picked":"SKIP","floor":14},{"not_picked":["Envenom","Grand Finale"],"picked":"A Thousand Cuts","floor":16},{"not_picked":["Well Laid Plans","Dagger Throw","Sneak Up"],"picked":"SKIP","floor":18},{"not_picked":["Slice","Underhanded Strike","Bane"],"picked":"SKIP","floor":20},{"not_picked":["Finisher+1","Outmaneuver","Acrobatics"],"picked":"SKIP","floor":21},{"not_picked":["Infinite Blades","Bouncing Flask","Slice"],"picked":"SKIP","floor":24},{"not_picked":["Poisoned Stab","Slice","Flechettes+1"],"picked":"SKIP","floor":25},{"not_picked":["hubris:Counter","Bane","Deadly Poison"],"picked":"SKIP","floor":28},{"not_picked":["hubris:SlightOfHand","Flying Knee","Bouncing Flask"],"picked":"SKIP","floor":30},{"not_picked":["hubris:SlightOfHand","Outmaneuver","Poisoned Stab+1"],"picked":"SKIP","floor":35}],"player_experience":673500,"relics_obtained":[{"floor":5,"key":"Replay:PocketPolymizer"},{"floor":7,"key":"Thread and Needle"},{"floor":9,"key":"Ninja Scroll"},{"floor":11,"key":"Vajra"},{"floor":24,"key":"Old Coin"}],"event_choices":[{"damage_healed":0,"gold_gain":0,"player_choice":"Ignored","damage_taken":0,"max_hp_gain":0,"max_hp_loss":0,"event_name":"Golden Idol","floor":4,"gold_loss":0},{"damage_healed":0,"gold_gain":0,"player_choice":"","damage_taken":6,"max_hp_gain":0,"max_hp_loss":0,"event_name":"Knowing Skull","floor":27,"potions_obtained":[],"gold_loss":0,"cards_obtained":[]},{"cards_removed":["Defend_G"],"damage_healed":0,"gold_gain":0,"player_choice":"Gave Gold","damage_taken":0,"max_hp_gain":0,"max_hp_loss":0,"event_name":"Beggar","floor":31,"gold_loss":75},{"damage_healed":0,"gold_gain":50,"player_choice":"Pray","damage_taken":0,"max_hp_gain":0,"max_hp_loss":0,"event_name":"Golden Shrine","floor":36,"gold_loss":0}],"is_beta":false,"boss_relics":[{"not_picked":["Fusion Hammer","Replay:Fungal Core"],"picked":"Sozu"},{"not_picked":["Runesmith:UraniumAnvil","WristBlade"],"picked":"Replay:Grab Bag"},{"not_picked":["hubris:VirtuousBlindfold","ReplayTheSpireMod:Onyx Gauntlets"],"picked":"Philosopher\u0027s Stone"},{"not_picked":["hubris:GrandSneckoEye","hubris:CrackedHourglass"],"picked":"hubris:RunicObelisk"},{"not_picked":["Snecko Eye","Ring of Chaos"],"picked":"Snecko Heart"}],"items_purged_floors":[0,0],"is_endless":false,"potions_floor_spawned":[7,11,12,14,16,24,25,33],"killed_by":"3 Darklings","ascension_level":15}}