{"host":"7z9izfsmsy4azoxx","time":1610994273,"event":{"mods":["AchievementEnabler","BaseMod","Colored Map","Custom Start","Hermit","Minty Spire (QoL Compilation)","Replay The Spire","StSLib","SuperFastMode"],"gold_per_floor":[54654772,54654772,54653973,54653992,54654008,54654008,54654008,54654037,54654092,54653098,54652214,54652229,54652229,54652245,54652245,54652321,54652321,54652337,54652352,54652377,54652292,54651343,54651343,54651343,54651361,54651386,54650871,54650831,54650862,54650862,54650882,54650882,54650882,54650882],"floor_reached":33,"language":"KOR","playtime":697,"items_purged":["Regret","Amnesia","Strike_R","Strike_R","Strike_R"],"score":601,"play_id":"54ec5f78-ad1f-4e6f-80a0-acd9e5234385","local_time":"20210119032433","is_ascension_mode":true,"campfire_choices":[{"data":"Wild Strike","floor":6,"key":"SMITH"},{"data":"Eruption","floor":13,"key":"SMITH"},{"data":"Offering","floor":15,"key":"SMITH"},{"floor":23,"key":"REST"},{"floor":32,"key":"REST"}],"circlet_count":0,"master_deck":["AscendersBane","Strike_R","Strike_R","Defend_R","Defend_R","Defend_R+1","Defend_R+1","True Grit+1","Shrug It Off","Bash","Wild Strike+1","Eruption+1","Rupture","Offering+1","Inflame","Double Tap","Anger+1","Run Through+1"],"relics":["Quantum Egg","Tiny Chest","Toolbox","Replay:M_SmolderingBlood","Vajra","ReplayTheSpireMod:TigerMarble","Replay:PocketPolymizer","Gremlin Horn","HandDrill","Akabeko","Sundial","OrangePellets","War Paint","PreservedInsect","Medical Kit","Gambling Chip","Prayer Wheel","Ring of Hypnosis","ReplayTheSpireMod:Ring of Challenge","Bag of Marbles","Juzu Bracelet","Gremlin Food","Singing Bowl"],"acts_visited":["Exordium","TheCity"],"potions_floor_usage":[8,19,25,28,33,33],"damage_taken":[{"damage":10,"enemies":"Cultist","floor":1,"turns":4},{"damage":4,"enemies":"Jaw Worm","floor":4,"turns":3},{"damage":5,"enemies":"2 Louse","floor":5,"turns":3},{"damage":12,"enemies":"3 Sentries","floor":8,"turns":6},{"damage":6,"enemies":"Large Slime","floor":12,"turns":3},{"damage":0,"enemies":"2 Fungi Beasts","floor":14,"turns":2},{"damage":30,"enemies":"Hexaghost","floor":16,"turns":5},{"damage":22,"enemies":"Chosen","floor":18,"turns":3},{"damage":35,"enemies":"3 Byrds","floor":19,"turns":4},{"damage":12,"enemies":"3 Cultists","floor":25,"turns":4},{"damage":14,"enemies":"Slavers","floor":29,"turns":2},{"damage":6,"enemies":"Centurion and Healer","floor":31,"turns":2},{"damage":37,"enemies":"Pondfish","floor":33,"turns":4}],"seed_played":"-1554176681751348253","potions_obtained":[{"floor":19,"key":"Fire Potion"},{"floor":28,"key":"Fruit Juice"},{"floor":28,"key":"Energy Potion"}],"is_trial":false,"path_per_floor":["M","?","$","M","M","R","?","E","T","$","$","M","R","M","R","B",null,"M","M","T","?","$","R","?","M","T","$","?","E","T","M","R","B"],"character_chosen":"IRONCLAD","items_purchased":["Quantum Egg","Tiny Chest","Toolbox","AttackPotion","Dexterity Potion","Replay:PocketPolymizer","Gremlin Horn","HandDrill","PowerPotion","Rupture","Akabeko","Sundial","OrangePellets","Offering","Medical Kit","Gambling Chip","Prayer Wheel","Juzu Bracelet","Gremlin Food"],"campfire_rested":2,"item_purchase_floors":[3,3,3,3,3,10,10,10,10,10,11,11,11,11,22,22,22,27,27],"current_hp_per_floor":[64,64,64,66,67,67,67,55,55,55,55,49,49,49,49,19,61,39,4,4,4,4,26,26,14,14,14,19,7,7,5,30,0,0],"gold":54650882,"neow_bonus":"THREE_CARDS","is_daily":false,"chose_seed":false,"campfire_upgraded":3,"win_rate":0.0,"timestamp":1610994273,"path_taken":["M","?","$","?","M","R","?","E","T","?","$","M","R","M","R","BOSS","M","M","?","?","$","R","?","M","T","$","?","E","?","M","R","BOSS"],"items_purchased_type":["Relic","Relic","Relic","Potion","Potion","Relic","Relic","Relic","Potion","Card","Relic","Relic","Relic","Card","Relic","Relic","Relic","Relic","Relic"],"build_version":"2020-12-22","purchased_purges":5,"victory":false,"max_hp_per_floor":[75,75,75,75,75,75,75,75,75,75,75,75,75,75,75,75,75,75,75,75,75,75,75,75,75,75,75,80,82,82,86,86,86,86],"card_choices":[{"not_picked":["Headbutt","Perfected Strike"],"picked":"True Grit","floor":0},{"not_picked":["Flex","Cleave"],"picked":"Shrug It Off","floor":1},{"not_picked":["Anger","Second Wind"],"picked":"Wild Strike","floor":4},{"not_picked":["Abandon","Twin Strike","Sword Boomerang"],"picked":"SKIP","floor":5},{"not_picked":["ReplayTheSpireMod:Corrosion Curse","Entrench","Replay:Undeath\u0027s Touch"],"picked":"SKIP","floor":8},{"not_picked":["Wild Strike","True Grit","Shrug It Off"],"picked":"SKIP","floor":12},{"not_picked":["EmptyFist","Anger"],"picked":"Inflame","floor":14},{"not_picked":["Hemogenesis","Limit Break"],"picked":"Double Tap","floor":16},{"not_picked":["Body Slam","Iron Wave+1"],"picked":"Anger+1","floor":18},{"not_picked":["Wild Strike","Spot Weakness","Dark Embrace"],"picked":"SKIP","floor":19},{"not_picked":["True Grit","Dropkick"],"picked":"Run Through+1","floor":25},{"not_picked":["Corruption","Rampage","Anger+1"],"picked":"SKIP","floor":25},{"not_picked":["Thunderclap","Body Slam","Spot Weakness"],"picked":"Singing Bowl","floor":29},{"not_picked":["Sword Boomerang","Flame Barrier","Headbutt"],"picked":"Singing Bowl","floor":31},{"not_picked":["Pommel Strike","Massacre","Fire Breathing"],"picked":"Singing Bowl","floor":31}],"player_experience":530216,"relics_obtained":[{"floor":8,"key":"Vajra"},{"floor":9,"key":"ReplayTheSpireMod:TigerMarble"},{"floor":20,"key":"War Paint"},{"floor":24,"key":"Ring of Hypnosis"},{"floor":24,"key":"ReplayTheSpireMod:Ring of Challenge"},{"floor":26,"key":"Bag of Marbles"},{"floor":29,"key":"Singing Bowl"}],"event_choices":[{"damage_healed":0,"gold_gain":0,"player_choice":"3 cards matched","damage_taken":0,"max_hp_gain":0,"max_hp_loss":0,"event_name":"Match and Keep!","floor":2,"gold_loss":0,"cards_obtained":["Amnesia","Bash","Regret"]},{"damage_healed":0,"gold_gain":0,"player_choice":"Obtained Relic","damage_taken":0,"relics_obtained":["PreservedInsect"],"max_hp_gain":0,"max_hp_loss":0,"event_name":"Addict","floor":21,"gold_loss":85},{"damage_healed":0,"gold_gain":0,"player_choice":"Bought 3 Potions","damage_taken":0,"max_hp_gain":0,"max_hp_loss":0,"event_name":"The Woman in Blue","floor":28,"gold_loss":0}],"is_beta":false,"boss_relics":[{"not_picked":["ReplayTheSpireMod:DimensionalGlitch","Velvet Choker","Replay:Wanted Poster"]}],"items_purged_floors":[3,10,11,22,27],"is_endless":false,"potions_floor_spawned":[4,12,16,19,31],"killed_by":"Pondfish","ascension_level":20}}