{"host":"9nt1zhl3k8mtcf72","time":1610941825,"event":{"mods":["Aspiration","BaseMod","BetterRewards","Conjunction","Conspire","Downfall","Energized Spire","Friendly Minions","GifTheSpireLib","Halation","Hubris","Infinite Spire","JesterMod","Mimic Mod","Minty Spire (QoL Compilation)","RatMod","Spikes Relics","StSLib","Stuff the Spire","Trackpad","Useless Jewels Mod","Wandering Minibosses","vexMod"],"gold_per_floor":[99,115,134,134,147,159,159,59,85,85],"floor_reached":9,"language":"ENG","playtime":337,"items_purged":[],"score":63,"play_id":"4e164bbd-ace6-4735-ad6e-4268d2b082a6","local_time":"20210117225025","is_ascension_mode":false,"campfire_choices":[{"floor":1.0,"key":"RECALL"},{"floor":8.0,"key":"REST"}],"circlet_count":0,"master_deck":["jesterMod:Strike","jesterMod:Strike","jesterMod:Strike","jesterMod:Strike","jesterMod:Sickle","jesterMod:Defend","jesterMod:Defend","jesterMod:Defend","jesterMod:Defend","jesterMod:Dodge","jesterMod:RecklessStrike","jesterMod:Rebuff","jesterMod:MudBall","jesterMod:Patience"],"relics":["jesterMod:JesterCap","downfall:HeartBlessingRed","vexMod:RetaliationKit"],"acts_visited":["Exordium"],"potions_floor_usage":[],"damage_taken":[{"damage":8.0,"enemies":"Jaw Worm","floor":2.0,"turns":5.0},{"damage":4.0,"enemies":"Cultist","floor":3.0,"turns":4.0},{"damage":0.0,"enemies":"2 Louse","floor":5.0,"turns":3.0},{"damage":5.0,"enemies":"Red Slaver","floor":6.0,"turns":3.0},{"damage":31,"enemies":"Lagavulin","floor":9,"turns":5}],"seed_played":"-2078417990259869361","potions_obtained":[{"floor":9,"key":"Dexterity Potion"}],"is_trial":false,"path_per_floor":["R","M","M","?","M","M","T","R","E"],"character_chosen":"THE_JESTER","items_purchased":[],"campfire_rested":1,"item_purchase_floors":[],"current_hp_per_floor":[77,69,65,73,73,68,68,77,46,46],"gold":85,"neow_bonus":"TEN_PERCENT_HP_BONUS","is_daily":false,"chose_seed":false,"campfire_upgraded":0,"win_rate":0.0,"timestamp":1610941825,"path_taken":["R","M","M","?","?","M","T","R","E"],"items_purchased_type":[],"build_version":"2020-12-22","purchased_purges":0,"victory":false,"max_hp_per_floor":[77,77,77,77,77,77,77,77,77,77],"card_choices":[{"not_picked":["jesterMod:Prankster","jesterMod:Tinker"],"picked":"jesterMod:RecklessStrike","floor":2.0},{"not_picked":["jesterMod:Disposophobia","jesterMod:Frenzy"],"picked":"jesterMod:Rebuff","floor":3.0},{"not_picked":["jesterMod:SwiftDodge","jesterMod:JugglerBlade","jesterMod:OblivionStrike"],"picked":"SKIP","floor":5.0},{"not_picked":["jesterMod:SelfMockery","jesterMod:JackInTheBox"],"picked":"jesterMod:MudBall","floor":6.0},{"not_picked":["jesterMod:DancingMad","jesterMod:Twirl"],"picked":"jesterMod:Patience","floor":9}],"player_experience":488678,"relics_obtained":[{"floor":9,"key":"vexMod:RetaliationKit"}],"event_choices":[],"is_beta":false,"boss_relics":[],"items_purged_floors":[],"is_endless":false,"potions_floor_spawned":[9],"killed_by":"Lagavulin","ascension_level":0}}