{"host":"wutzay93uet9pf9y","time":1610931632,"event":{"mods":["BaseMod","Colored Map","Downfall","Minty Spire (QoL Compilation)","StSLib"],"gold_per_floor":[118,118,136,136,63,63,98,114,137,161,161,186,186,206,206,302,302,318,52,73,73,98,98,119,152,204,50,50,70,70,114,114,114,114],"floor_reached":33,"language":"ENG","playtime":1039,"items_purged":["Defend_R"],"score":502,"play_id":"6d708788-d302-4615-8f80-93162c16ebc3","local_time":"20210117200032","is_ascension_mode":true,"campfire_choices":[{"floor":13,"key":"REST"},{"floor":15,"key":"REST"},{"data":"Armaments","floor":23,"key":"SMITH"},{"data":"Pommel Strike","floor":28,"key":"SMITH"},{"floor":30,"key":"REST"},{"data":"Pommel Strike","floor":32,"key":"SMITH"}],"circlet_count":0,"master_deck":["AscendersBane","Strike_R","Strike_R+1","Strike_R","Strike_R","Strike_R","Defend_R","Defend_R","Defend_R","Bash+1","Pommel Strike+1","Evolve+1","Spot Weakness","Headbutt","Shrug It Off","Disarm","Thunderclap","Reaper","Armaments+1","Pommel Strike+1","Headbutt"],"relics":["Burning Blood","Red Skull","Golden Idol","Nunchaku","Potion Belt","NlothsMask","Busted Crown","Whetstone","Mercury Hourglass","Happy Flower","Vajra","HornCleat"],"acts_visited":["Exordium","TheCity"],"potions_floor_usage":[10,16,16,18,22,29,33],"damage_taken":[{"damage":19,"enemies":"Jaw Worm","floor":1,"turns":4},{"damage":8,"enemies":"Small Slimes","floor":3,"turns":4},{"damage":25,"enemies":"3 Sentries","floor":7,"turns":6},{"damage":1,"enemies":"Cultist","floor":8,"turns":3},{"damage":13,"enemies":"Red Slaver","floor":10,"turns":4},{"damage":20,"enemies":"Gremlin Gang","floor":12,"turns":5},{"damage":19,"enemies":"Large Slime","floor":14,"turns":5},{"damage":19,"enemies":"Hexaghost","floor":16,"turns":8},{"damage":16,"enemies":"3 Byrds","floor":18,"turns":5},{"damage":23,"enemies":"Spheric Guardian","floor":20,"turns":4},{"damage":13,"enemies":"Centurion and Healer","floor":22,"turns":6},{"damage":12,"enemies":"Cultist and Chosen","floor":24,"turns":4},{"damage":59,"enemies":"Slavers","floor":25,"turns":7},{"damage":19,"enemies":"Snake Plant","floor":29,"turns":2},{"damage":36,"enemies":"Gremlin Leader","floor":31,"turns":5},{"damage":92,"enemies":"Champ","floor":33,"turns":10}],"seed_played":"5147685758259845824","potions_obtained":[{"floor":3,"key":"SpeedPotion"},{"floor":8,"key":"Fire Potion"},{"floor":10,"key":"CultistPotion"},{"floor":16,"key":"AttackPotion"},{"floor":18,"key":"HeartOfIron"},{"floor":25,"key":"champ:CounterPotion"},{"floor":31,"key":"Ancient Potion"}],"is_trial":false,"path_per_floor":["M","?","M","?","$","?","E","M","T","M","?","M","R","M","R","B",null,"M","$","M","?","M","R","M","E","T","$","R","M","R","E","R","B"],"character_chosen":"IRONCLAD","items_purchased":["Spot Weakness","Whetstone","Armaments","Vajra"],"campfire_rested":3,"item_purchase_floors":[5,19,19,27],"current_hp_per_floor":[55,55,53,53,53,46,27,32,32,25,25,11,33,20,42,29,64,64,64,47,47,65,65,75,50,50,50,50,42,64,72,72,0,0],"gold":114,"neow_bonus":"RANDOM_COMMON_RELIC","is_daily":false,"chose_seed":false,"campfire_upgraded":3,"win_rate":0.0,"timestamp":1610931632,"path_taken":["M","?","M","?","$","?","E","M","T","M","?","?","R","M","R","BOSS","M","$","M","?","M","R","?","E","T","?","R","M","R","E","R","BOSS"],"items_purchased_type":["Card","Relic","Card","Relic"],"build_version":"2020-12-22","purchased_purges":1,"victory":false,"max_hp_per_floor":[75,75,75,75,75,75,75,75,75,75,75,75,75,75,75,75,75,75,75,75,75,75,75,75,75,75,75,75,75,75,75,75,75,75],"card_choices":[{"not_picked":["Body Slam","Blood for Blood"],"picked":"Pommel Strike","floor":1},{"not_picked":["Dropkick","Disarm"],"picked":"Evolve","floor":3},{"not_picked":["Havoc","Sword Boomerang"],"picked":"Headbutt","floor":7},{"not_picked":["Iron Wave","Clothesline"],"picked":"Shrug It Off","floor":8},{"not_picked":["True Grit","Blood for Blood"],"picked":"Disarm","floor":10},{"not_picked":["Iron Wave","Sword Boomerang"],"picked":"Thunderclap","floor":12},{"not_picked":["Body Slam","Anger"],"picked":"Clothesline","floor":14},{"not_picked":["Brutality","Barricade"],"picked":"Reaper","floor":16},{"not_picked":["Entrench"],"picked":"SKIP","floor":18},{"not_picked":["Hemokinesis"],"picked":"SKIP","floor":20},{"not_picked":[],"picked":"Pommel Strike","floor":22},{"not_picked":["Flex"],"picked":"SKIP","floor":24},{"not_picked":[],"picked":"Headbutt","floor":25},{"not_picked":["Body Slam"],"picked":"SKIP","floor":29},{"not_picked":["Clothesline"],"picked":"SKIP","floor":31}],"player_experience":306014,"relics_obtained":[{"floor":7,"key":"Nunchaku"},{"floor":9,"key":"Potion Belt"},{"floor":25,"key":"Happy Flower"},{"floor":31,"key":"HornCleat"}],"event_choices":[{"damage_healed":0,"gold_gain":0,"player_choice":"Take Wound","damage_taken":0,"relics_obtained":["Golden Idol"],"max_hp_gain":0,"max_hp_loss":0,"event_name":"Golden Idol","floor":2,"gold_loss":0,"cards_obtained":["Injury"]},{"damage_healed":0,"gold_gain":0,"player_choice":"Grow","damage_taken":0,"max_hp_gain":0,"max_hp_loss":0,"event_name":"Living Wall","floor":4,"gold_loss":0,"cards_upgraded":["Evolve"]},{"cards_removed":["Injury"],"damage_healed":0,"gold_gain":0,"player_choice":"Card Removal","damage_taken":7,"max_hp_gain":0,"max_hp_loss":0,"event_name":"Golden Wing","floor":6,"gold_loss":0},{"damage_healed":0,"gold_gain":0,"player_choice":"Trade","damage_taken":0,"relics_obtained":["NlothsMask"],"max_hp_gain":0,"max_hp_loss":0,"event_name":"FaceTrader","floor":11,"gold_loss":0},{"cards_removed":["Clothesline"],"damage_healed":0,"gold_gain":0,"player_choice":"Gave Card","damage_taken":0,"relics_obtained":["Mercury Hourglass"],"max_hp_gain":0,"max_hp_loss":0,"event_name":"WeMeetAgain","floor":21,"gold_loss":0}],"is_beta":false,"boss_relics":[{"not_picked":["Ectoplasm","Coffee Dripper"],"picked":"Busted Crown"}],"items_purged_floors":[19],"is_endless":false,"potions_floor_spawned":[3,8,10,16,18,25,31],"killed_by":"Champ","ascension_level":15}}