{"host":"uimu98mr9zvwuo5s","time":1610977234,"event":{"mods":["Aspiration","BaseMod","BetterRewards","Conspire","Defective Defect","GifTheSpireLib","Gremlin Mod","Highlight Path","Hubris","Infinite Spire","Jedi Mod","Minty Spire (QoL Compilation)","Replay The Spire","Shop Mod","StSLib","Stuff the Spire","Uncapped"],"gold_per_floor":[110,110,121,137,154,189,189,247,301,206,216,228,246,262,262,357,357,374,374,299,299,315,315,273,273,273,305,331,343,455,483,495,603,615,647,677,689,701,727,816,838,885,897,909,921,933,969,997,1009,1173,1185,1217,1029,1100,1153,1220,1232,1314,1326,1338,1384,1384],"floor_reached":61,"language":"ENG","playtime":3112,"items_purged":["Strike_G","Strike_G","Strike_G"],"score":1270,"play_id":"2a71f0b3-45e5-4612-b259-6a6c9e8dc11b","local_time":"20210118084034","is_ascension_mode":false,"campfire_choices":[{"data":"infinitespire:Neurotoxin","floor":7.0,"key":"SMITH"},{"data":"conspire:Banana","floor":23,"key":"SMITH"},{"data":"StuffTheSpire:ClusterCrunch","floor":25,"key":"SMITH"},{"data":"StuffTheSpire:ReptileScales","floor":29,"key":"SMITH"},{"data":"ReplayTheSpireMod:Scrap Shanks","floor":44,"key":"SMITH"},{"data":"ReplayTheSpireMod:Scrap Shanks","floor":46,"key":"SMITH"},{"floor":49,"key":"DIG"},{"data":"StuffTheSpire:Shiver","floor":57,"key":"SMITH"},{"data":"StuffTheSpire:Incantation","floor":59,"key":"SMITH"}],"circlet_count":0,"master_deck":["Defend_G","Defend_G","Defend_G","Defend_G","Defend_G","Survivor","Neutralize","StuffTheSpire:Shiver+1","infinitespire:Neurotoxin+1","StuffTheSpire:ClusterCrunch+1","conspire:Banana+1","StuffTheSpire:ReptileScales+1","StuffTheSpire:Incantation+1","ReplayTheSpireMod:Scrap Shanks+1","Injury","Doppelganger+1","ReplayTheSpireMod:Scrap Shanks+1","Storm of Steel+1","Reflex+1","Tactician+1","Replay:Bag of Tricks+1","conspire:SpireCoStock+1","conspire:SpireCoStock+1","conspire:SpireCoStock+1","conspire:SpireCoStock+1"],"relics":["Ring of the Snake","MerchantsRug","hubris:SlimyHat","Strange Spoon","hubris:Zylophone","Bag of Preparation","hubris:Towel","Snake Skull","aspiration:HiddenCompartment","StuffTheSpire:Gunfinga","Chemical X","Toxic Egg 2","Runic Dome","jedi:windupbox","Anchor","MawBank","jedi:bottledfury","Thread and Needle","Runic Pyramid","hubris:MobiusCoin","StuffTheSpire:HeavyRock","The Courier","Bottled Flame","Replay:Bandana","aspiration:FetidBarrel","jedi:rubbersling","Replay:Multitool"],"acts_visited":["Exordium","TheCity","TheBeyond","Exordium"],"potions_floor_usage":[40],"damage_taken":[{"damage":6.0,"enemies":"Cultist","floor":1.0,"turns":4.0},{"damage":0.0,"enemies":"Small Slimes","floor":3.0,"turns":4.0},{"damage":0.0,"enemies":"Jaw Worm","floor":4.0,"turns":1.0},{"damage":0.0,"enemies":"Blue Slaver","floor":5.0,"turns":1.0},{"damage":21.0,"enemies":"3 Sentries","floor":6.0,"turns":13.0},{"damage":0.0,"enemies":"Gremlin Nob","floor":8.0,"turns":2.0},{"damage":0.0,"enemies":"Exordium Thugs","floor":11.0,"turns":4.0},{"damage":4.0,"enemies":"2 Fungi Beasts","floor":12.0,"turns":4.0},{"damage":6.0,"enemies":"3 Louse","floor":13.0,"turns":2.0},{"damage":4.0,"enemies":"Large Slime","floor":14.0,"turns":2.0},{"damage":0.0,"enemies":"Fading Forest","floor":16.0,"turns":2.0},{"damage":0.0,"enemies":"Shell Parasite","floor":18.0,"turns":1.0},{"damage":0,"enemies":"Spheric Guardian","floor":22,"turns":1},{"damage":0,"enemies":"Gremlin Leader","floor":27,"turns":2},{"damage":0,"enemies":"Shelled Parasite and Fungi","floor":28,"turns":3},{"damage":0,"enemies":"Colosseum Slavers","floor":30,"turns":4},{"damage":0,"enemies":"Colosseum Nobs","floor":30,"turns":4},{"damage":0,"enemies":"Sentry and Sphere","floor":31,"turns":4},{"damage":0,"enemies":"Champ","floor":33,"turns":1},{"damage":17,"enemies":"3 Darklings","floor":35,"turns":4},{"damage":0,"enemies":"Orb Walker","floor":36,"turns":1},{"damage":3,"enemies":"Spire Growth","floor":39,"turns":2},{"damage":14,"enemies":"Nightmare","floor":40,"turns":4},{"damage":9,"enemies":"Sphere and 2 Shapes","floor":41,"turns":4},{"damage":0,"enemies":"Reptomancer","floor":42,"turns":1},{"damage":0,"enemies":"Transient","floor":48,"turns":2},{"damage":0,"enemies":"Time Eater","floor":50,"turns":1},{"damage":0,"enemies":"Small Slimes","floor":52,"turns":1},{"damage":0,"enemies":"Cultist","floor":55,"turns":2},{"damage":0,"enemies":"conspire:RoseBush","floor":56,"turns":2},{"damage":0,"enemies":"Gremlin Nob","floor":58,"turns":2},{"damage":0,"enemies":"Lagavulin","floor":61,"turns":1}],"seed_played":"-2333328388937102892","potions_obtained":[{"floor":4.0,"key":"BlessingOfTheForge"},{"floor":6.0,"key":"Adrenaline Potion"},{"floor":8.0,"key":"ColorlessPotion"},{"floor":11.0,"key":"SmokeBomb"},{"floor":16.0,"key":"CunningPotion"},{"floor":27,"key":"Ancient Potion"},{"floor":31,"key":"PowerPotion"},{"floor":36,"key":"SpeedPotion"},{"floor":41,"key":"Energy Potion"},{"floor":55,"key":"EssenceOfSteel"},{"floor":58,"key":"Weak Potion"}],"is_trial":false,"path_per_floor":["M","?","M","M","M","E","R","?","T","$","M","M","M","M","R","B",null,"M","?","?","AVR","M","R","$","R","T","E","M","R","?","M","R","B",null,"M","M","?","T","M","NM","M","E","T","R","?","R","T","M","R","B",null,"M","?","$","M","M","R","E","R","T","E"],"character_chosen":"THE_SILENT","items_purchased":["MerchantsRug","StuffTheSpire:Shiver","hubris:SlimyHat","Strange Spoon","infinitespire:Neurotoxin","hubris:Zylophone","BargainBundle","BlessingOfTheForge","SkillPotion","Energy Potion","Bag of Preparation","StuffTheSpire:ClusterCrunch","conspire:Banana","Chemical X"],"campfire_rested":0,"item_purchase_floors":[0,0,0,0,0,0,0,0,0,0,0,0,0,10],"current_hp_per_floor":[65,65,67,67,68,48,48,49,49,49,51,48,42,39,39,39,80,80,80,80,80,80,80,80,80,80,82,84,84,90,92,92,94,94,81,83,83,83,80,68,61,61,61,61,61,61,61,63,63,65,108,110,110,110,112,114,114,116,116,116,116,116],"gold":1384,"neow_bonus":"","is_daily":false,"chose_seed":false,"campfire_upgraded":8,"win_rate":0.0,"timestamp":1610977234,"path_taken":["M","?","M","M","M","E","R","?","T","?","M","?","M","M","R","BOSS","M","?","?","AVR","M","R","$","R","T","E","M","R","?","M","R","BOSS","M","M","?","?","M","NM","M","E","T","R","?","R","?","M","R","BOSS","M","?","$","M","M","R","E","R","T","E"],"items_purchased_type":["Relic","Card","Relic","Relic","Card","Relic","Relic","Potion","Potion","Potion","Relic","Card","Card","Relic"],"build_version":"2020-12-22","purchased_purges":3,"victory":false,"max_hp_per_floor":[71,71,73,73,74,75,75,76,76,76,78,79,79,80,80,80,80,80,80,80,80,80,80,80,80,80,82,84,84,90,92,92,94,94,98,100,100,100,100,102,104,104,104,104,104,104,104,106,106,108,108,110,110,110,112,114,114,116,116,116,116,116],"card_choices":[{"not_picked":["StuffTheSpire:MirrorStance","Acrobatics","StuffTheSpire:Injection"],"picked":"SKIP","floor":1.0},{"not_picked":["Slice","Dagger Spray"],"picked":"StuffTheSpire:ReptileScales","floor":3.0},{"not_picked":["Outmaneuver","StuffTheSpire:Sprint","Predator"],"picked":"SKIP","floor":4.0},{"not_picked":["Blade Dance","Well Laid Plans"],"picked":"StuffTheSpire:Incantation","floor":5.0},{"not_picked":["Endless Agony","conspire:PoisonWeapons"],"picked":"ReplayTheSpireMod:Scrap Shanks","floor":6.0},{"not_picked":["Dagger Throw","Outmaneuver","Footwork"],"picked":"SKIP","floor":11.0},{"not_picked":["Deflect","hubris:Counter","Deadly Poison"],"picked":"SKIP","floor":12.0},{"not_picked":["Quick Slash","Cloak And Dagger","Acrobatics"],"picked":"SKIP","floor":13.0},{"not_picked":["StuffTheSpire:Python","StuffTheSpire:ReptileScales","StuffTheSpire:Injection"],"picked":"SKIP","floor":14.0},{"not_picked":["A Thousand Cuts","infinitespire:Neurotoxin+1"],"picked":"Doppelganger+1","floor":16.0},{"not_picked":["Backflip+1","conspire:DoublingDagger+1","Poisoned Stab"],"picked":"SKIP","floor":18.0},{"not_picked":["StuffTheSpire:Python+1","Prepared+1","Deadly Poison+1"],"picked":"SKIP","floor":22},{"not_picked":["Distraction+1","Venomology+1","Dodge and Roll+1"],"picked":"SKIP","floor":27},{"not_picked":["Hidden Blade+1","Dodge and Roll+1","Flying Knee"],"picked":"SKIP","floor":28},{"not_picked":["Expertise+1","Deadly Poison+1","Setup+1"],"picked":"SKIP","floor":31},{"not_picked":["jedi:brewingpoison+1","Grand Finale"],"picked":"Storm of Steel+1","floor":33},{"not_picked":["Dodge and Roll+1","Poisoned Stab","StuffTheSpire:ClusterCrunch"],"picked":"SKIP","floor":35},{"not_picked":["Deflect+1","hubris:TrickCloak+1"],"picked":"Reflex+1","floor":36},{"not_picked":["Dodge and Roll+1","Prepared+1","Backflip+1"],"picked":"SKIP","floor":39},{"not_picked":["Hidden Blade+1","Outmaneuver+1","Setup+1"],"picked":"SKIP","floor":40},{"not_picked":["conspire:DoublingDagger+1","Acrobatics+1"],"picked":"Tactician+1","floor":41},{"not_picked":["jedi:pocketpoison+1","Eviscerate+1","Choke"],"picked":"SKIP","floor":42},{"not_picked":["Backflip+1","PiercingWail+1","StuffTheSpire:ClusterCrunch"],"picked":"SKIP","floor":48},{"not_picked":["Unload","Venomology+1"],"picked":"Replay:Bag of Tricks+1","floor":50},{"not_picked":["Hidden Blade+1","StuffTheSpire:Injection","Flying Knee"],"picked":"SKIP","floor":52},{"not_picked":["Replay:Poison Smokescreen+1","Dagger Spray","StuffTheSpire:ClusterCrunch"],"picked":"SKIP","floor":55},{"not_picked":["jedi:unstablefumes+1","StuffTheSpire:BumpUp","Replay:Bag of Tricks+1"],"picked":"SKIP","floor":56},{"not_picked":["Outmaneuver+1","ReplayTheSpireMod:Tripwire+1","Dagger Throw"],"picked":"SKIP","floor":58}],"player_experience":231305,"relics_obtained":[{"floor":6.0,"key":"Snake Skull"},{"floor":9.0,"key":"StuffTheSpire:Gunfinga"},{"floor":26,"key":"Anchor"},{"floor":27,"key":"MawBank"},{"floor":30,"key":"jedi:bottledfury"},{"floor":30,"key":"Thread and Needle"},{"floor":38,"key":"hubris:MobiusCoin"},{"floor":40,"key":"StuffTheSpire:HeavyRock"},{"floor":42,"key":"The Courier"},{"floor":43,"key":"Bottled Flame"},{"floor":47,"key":"Replay:Bandana"},{"floor":49,"key":"aspiration:FetidBarrel"},{"floor":58,"key":"jedi:rubbersling"},{"floor":60,"key":"Replay:Multitool"}],"event_choices":[{"damage_healed":0.0,"max_hp_gain":0.0,"max_hp_loss":0.0,"gold_gain":0.0,"event_name":"Dead Adventurer","player_choice":"Searched \u00273\u0027 times","floor":8.0,"gold_loss":0.0,"damage_taken":0.0,"relics_obtained":["aspiration:HiddenCompartment"]},{"cards_removed":["Strike_G"],"damage_healed":0.0,"max_hp_gain":0.0,"max_hp_loss":0.0,"gold_gain":0.0,"event_name":"Beggar","player_choice":"Gave Gold","floor":20.0,"gold_loss":75.0,"damage_taken":0.0},{"damage_healed":0,"gold_gain":0,"player_choice":"Fight","damage_taken":0,"max_hp_gain":0,"max_hp_loss":0,"event_name":"Colosseum","floor":30,"gold_loss":0},{"damage_healed":0,"gold_gain":0,"player_choice":"Fought Nobs","damage_taken":0,"max_hp_gain":0,"max_hp_loss":0,"event_name":"Colosseum","floor":30,"gold_loss":0},{"damage_healed":0,"gold_gain":0,"player_choice":"Memory 1","damage_taken":0,"max_hp_gain":0,"max_hp_loss":0,"event_name":"SensoryStone","floor":37,"gold_loss":0},{"damage_healed":0,"gold_gain":0,"player_choice":"Ignored","damage_taken":0,"max_hp_gain":0,"max_hp_loss":0,"event_name":"Tomb of Lord Red Mask","floor":45,"gold_loss":0},{"damage_healed":0,"gold_gain":0,"player_choice":"Invest 4","damage_taken":0,"max_hp_gain":0,"max_hp_loss":0,"event_name":"conspire:Investor","floor":53,"gold_loss":0}],"is_beta":false,"boss_relics":[{"not_picked":["Replay:Wanted Poster","ChewingGum"],"picked":"Runic Dome"},{"not_picked":["hubris:CrackedHourglass","jedi:hotpepper"],"picked":"Runic Pyramid"},{"not_picked":["aspiration:RitualDagger","aspiration:RunicSpoon","conspire:RunicOctahedron"]}],"items_purged_floors":[0,21,24],"is_endless":true,"potions_floor_spawned":[4,6,8,11,16,27,30,31,36,41,42,50,55,58],"killed_by":"Lagavulin","ascension_level":0}}