{"host":"pec1bvkeldr5yzx1","time":1610980303,"event":{"mods":["ATMod(°¢èªMod)","AchievementEnabler","Act Like it!","Ascension Reborn","Aspiration","BaseMod","Better Altar","Better Match","Better Sensory Stone","Better Skull","Better Vampires","BetterRewards","Conspire","Dota2Spire","Energized Spire","Friendly Minions","GifTheSpireLib","Hubris","Minty Spire (QoL Compilation)","Replay The Spire","Spicy Shops","StSLib","Stuff the Spire","SuperFastMode","vexMod","óô»ðÖ¸ÄÏ"],"gold_per_floor":[110,123,25,25,43,78,78,92,167,182,198,208,208,208,17,120,786,823,823],"floor_reached":18,"language":"ZHS","playtime":1295,"items_purged":["Regret","Regret"],"score":331,"play_id":"e1fd7925-1c4f-4a74-aab9-e70b1c2abe66","local_time":"20210118223143","is_ascension_mode":true,"campfire_choices":[{"floor":7,"key":"RECALL"},{"floor":13,"key":"REST"}],"circlet_count":0,"master_deck":["Strike_B","Strike_B","Strike_B","Strike_B","Defend_B","Defend_B","Defend_B","Defend_B","Zap","Dualcast","Chill+1","Magnetism","hubris:PowerSurge","Turbo","Lockon","Streamline","Crystallizer","Crystallizer","FIFO Queue","Beam Cell","StuffTheSpire:Synthwave","Conserve Battery","Doom and Gloom","BasicCrystalCard","Hello World","StuffTheSpire:NuclearReactor","hubris:SpecializedCircuitry"],"relics":["Cracked Core","AT_ATBox","Membership Card","Dota2Spire:AssaultCuirass","AT_EbonyIvory","MealTicket","Gambling Chip","ReplayFunnel","StuffTheSpire:RedRose","hubris:SoftwareUpdate","StuffTheSpire:HeavyRock","StuffTheSpire:PointBlank","vexMod:RockOfEvil"],"acts_visited":["Exordium","TheCity"],"potions_floor_usage":[18,18],"damage_taken":[{"damage":2,"enemies":"Cultist","floor":1,"turns":3},{"damage":0,"enemies":"2 Louse","floor":2,"turns":2},{"damage":5,"enemies":"Jaw Worm","floor":5,"turns":2},{"damage":3,"enemies":"Replay:BlueRogue","floor":6,"turns":4},{"damage":3,"enemies":"Gremlin Gang","floor":8,"turns":4},{"damage":6,"enemies":"Blue Slaver","floor":10,"turns":3},{"damage":5,"enemies":"Looter","floor":11,"turns":2},{"damage":0,"enemies":"Exordium Thugs","floor":12,"turns":3},{"damage":24,"enemies":"The Guardian","floor":16,"turns":8},{"damage":34,"enemies":"3 Byrds","floor":18,"turns":5}],"seed_played":"-3333765949441390642","potions_obtained":[{"floor":5,"key":"Dota2Spire:HealingSalve"},{"floor":6,"key":"Venom Potion"},{"floor":8,"key":"DuplicationPotion"},{"floor":11,"key":"EssenceOfDarkness"}],"is_trial":false,"path_per_floor":["M","M","$","?","M","E","R","M","T","M","M","M","R","?","R","B",null,"M"],"character_chosen":"DEFECT","items_purchased":["Membership Card","Dota2Spire:AssaultCuirass","AT_EbonyIvory","MealTicket","Chill+1","Magnetism","hubris:PowerSurge","ReplayFunnel","Turbo","Crystallizer","Hello World","StuffTheSpire:PointBlank","StuffTheSpire:NuclearReactor"],"campfire_rested":1,"item_purchase_floors":[0,0,0,0,0,0,0,0,0,3,15,15,15],"current_hp_per_floor":[41,41,56,56,51,48,48,45,45,39,34,34,56,49,49,25,75,41,41],"gold":823,"neow_bonus":"","is_daily":false,"chose_seed":false,"campfire_upgraded":0,"win_rate":0.0,"timestamp":1610980303,"path_taken":["M","?","?","?","M","E","R","M","T","?","?","M","R","?","R","BOSS","M"],"items_purchased_type":["Relic","Relic","Relic","Relic","Card","Card","Card","Relic","Card","Card","Card","Relic","Card"],"build_version":"2020-12-22","purchased_purges":2,"victory":false,"max_hp_per_floor":[75,75,75,75,75,75,75,75,75,75,75,75,75,75,75,75,75,75,75],"card_choices":[{"not_picked":["Tempest","ReplayGash"],"picked":"Lockon","floor":1},{"not_picked":["Conserve Battery","Panic Button"],"picked":"Streamline","floor":2},{"not_picked":["Defragment","Cold Snap"],"picked":"FIFO Queue","floor":5},{"not_picked":["StuffTheSpire:LoadUp","Thunder Strike"],"picked":"Beam Cell","floor":6},{"not_picked":["AT_HeatAcrobatics","Hologram"],"picked":"StuffTheSpire:Synthwave","floor":8},{"not_picked":["Panic Button","AT_RobotInSpace"],"picked":"Conserve Battery","floor":10},{"not_picked":["Double Energy","Ball Lightning"],"picked":"Doom and Gloom","floor":11},{"not_picked":["Compile Driver","StuffTheSpire:ShieldGenerator"],"picked":"BasicCrystalCard","floor":12},{"not_picked":["StuffTheSpire:LaunchingStrike","ReplayTheSpireMod:Fabricate Wheel"],"picked":"hubris:SpecializedCircuitry","floor":16}],"player_experience":85814,"relics_obtained":[{"floor":6,"key":"hubris:SoftwareUpdate"}],"event_choices":[{"damage_healed":0,"gold_gain":0,"player_choice":"Success","damage_taken":7,"relics_obtained":["StuffTheSpire:HeavyRock"],"max_hp_gain":0,"max_hp_loss":0,"event_name":"Scrap Ooze","floor":14,"gold_loss":0}],"is_beta":false,"boss_relics":[{"not_picked":["Snecko Eye","vexMod:ImprovementManual"],"picked":"vexMod:RockOfEvil"}],"items_purged_floors":[3,15],"is_endless":false,"potions_floor_spawned":[5,6,8,11,12],"killed_by":"3 Byrds","ascension_level":1}}