{"host":"qyjrmrr57odine7m","time":1610992120,"event":{"mods":["AchievementEnabler","BaseMod","Bestiary","Block Reminder","Card Forge","Highlight Path","Minty Spire (QoL Compilation)","Permanent Neow","Rare Cards Sparkle","StSLib"],"gold_per_floor":[156,231,261,261,315,393,453,531,531,636,636,720,804,888,888,1182,1182,1236,1287,1287,1341,1029,1104,1104,1182,1205,1307,1388,1490,1568,1652,1652,1955,1955,2000,2045,1893,1938,1989,2076,2154,2259,2283,2385,2607,2607,3057,3105,3105,3105],"floor_reached":51,"language":"ENG","playtime":3245,"items_purged":[],"score":1554,"play_id":"901099f0-2d5d-41e3-80f1-52e47c6f5677","local_time":"20210118174840","daily_mods":["Allstar","Flight","DeadlyEvents","Cursed Run","Elite Swarm","Midas"],"is_ascension_mode":false,"campfire_choices":[{"floor":11,"key":"REST"},{"floor":15,"key":"REST"},{"floor":24,"key":"REST"},{"floor":32,"key":"REST"},{"floor":46,"key":"REST"},{"floor":49,"key":"REST"}],"circlet_count":0,"master_deck":["Vigilance+1","Swift Strike+1","Secret Weapon+1","Consecrate+1","Establishment+1","Protect+1","Wish+1","Ragnarok+1","Wish+1","Alpha+1","Perseverance+1","Wish+1","Evaluate+1","Protect+1","LikeWater+1","Normality"],"relics":["Cursed Key","Darkstone Periapt","Du-Vu Doll","Hammer of Thor","Seething Fire","Anvil of the Gods","WarpedTongs","Turnip","Bird Faced Urn","Molten Egg 2","Blue Candle","Regal Pillow","Mercury Hourglass","Pocketwatch","Fusion Hammer","FossilizedHelix","Mango","Meat on the Bone","Anchor","Matryoshka","Ginger","Prayer Wheel","Red Mask","Lizard Tail","Sozu","Bag of Preparation","Orichalcum","MealTicket","CaptainsWheel","Vajra","Strawberry","Gremlin Horn","Old Coin"],"acts_visited":["Exordium","TheCity","TheBeyond"],"potions_floor_usage":[12,13,16,19,23,30,41],"damage_taken":[{"damage":0.0,"enemies":"2 Louse","floor":1.0,"turns":2.0},{"damage":0.0,"enemies":"Small Slimes","floor":3.0,"turns":2.0},{"damage":0.0,"enemies":"Cultist","floor":5.0,"turns":1.0},{"damage":4.0,"enemies":"3 Sentries","floor":6.0,"turns":6.0},{"damage":0,"enemies":"Gremlin Gang","floor":7,"turns":2},{"damage":28,"enemies":"Gremlin Nob","floor":8,"turns":5},{"damage":0,"enemies":"3 Sentries","floor":10,"turns":5},{"damage":4,"enemies":"Gremlin Nob","floor":12,"turns":3},{"damage":0,"enemies":"Lagavulin","floor":13,"turns":4},{"damage":2,"enemies":"3 Sentries","floor":14,"turns":5},{"damage":0,"enemies":"Slime Boss","floor":16,"turns":2},{"damage":0,"enemies":"3 Byrds","floor":18,"turns":3},{"damage":0,"enemies":"Shell Parasite","floor":19,"turns":3},{"damage":0,"enemies":"Sentry and Sphere","floor":21,"turns":3},{"damage":12,"enemies":"Slavers","floor":23,"turns":4},{"damage":0,"enemies":"Gremlin Leader","floor":25,"turns":5},{"damage":0,"enemies":"Book of Stabbing","floor":27,"turns":5},{"damage":0,"enemies":"Gremlin Leader","floor":28,"turns":5},{"damage":0,"enemies":"Slavers","floor":29,"turns":4},{"damage":0,"enemies":"Masked Bandits","floor":30,"turns":4},{"damage":0,"enemies":"Gremlin Leader","floor":31,"turns":4},{"damage":0,"enemies":"Automaton","floor":33,"turns":6},{"damage":0,"enemies":"3 Shapes","floor":35,"turns":3},{"damage":0,"enemies":"Orb Walker","floor":36,"turns":3},{"damage":0,"enemies":"Spire Growth","floor":38,"turns":5},{"damage":0,"enemies":"Sphere and 2 Shapes","floor":39,"turns":4},{"damage":0,"enemies":"Nemesis","floor":40,"turns":9},{"damage":0,"enemies":"Reptomancer","floor":41,"turns":6},{"damage":0,"enemies":"Nemesis","floor":42,"turns":7},{"damage":0,"enemies":"Giant Head","floor":44,"turns":6},{"damage":0,"enemies":"Mind Bloom Boss Battle","floor":47,"turns":9},{"damage":0,"enemies":"Transient","floor":48,"turns":5},{"damage":0,"enemies":"Awakened One","floor":50,"turns":12}],"seed_played":"-2544362296530074148","potions_obtained":[{"floor":5.0,"key":"FairyPotion"},{"floor":8,"key":"Swift Potion"},{"floor":10,"key":"SteroidPotion"},{"floor":13,"key":"Weak Potion"},{"floor":14,"key":"SteroidPotion"},{"floor":16,"key":"ColorlessPotion"},{"floor":23,"key":"SmokeBomb"},{"floor":25,"key":"Fire Potion"},{"floor":31,"key":"SteroidPotion"}],"is_trial":true,"path_per_floor":["M","?","M","?","M","E","M","E","T","E","R","E","E","E","R","B",null,"M","M","?","M","$","E","R","E","T","E","E","E","?","E","R","B",null,"M","M","$","M","M","E","E","E","T","E","?","R","?","M","R","B",null],"character_chosen":"WATCHER","items_purchased":["FossilizedHelix","Bag of Preparation"],"campfire_rested":6,"item_purchase_floors":[22,37],"current_hp_per_floor":[72,61,61,67,67,63,63,35,41,41,65,63,65,65,81,87,87,87,87,87,87,87,91,101,101,107,107,107,107,107,107,107,113,113,113,113,113,113,113,113,113,113,126,126,126,126,126,126,126,132],"gold":3105,"neow_bonus":"","is_daily":false,"chose_seed":false,"campfire_upgraded":0,"win_rate":0.0,"timestamp":1610992120,"path_taken":["M","?","M","?","?","E","M","E","T","E","R","E","E","E","R","BOSS","M","?","?","?","$","E","R","E","T","E","?","E","?","E","R","BOSS","M","M","$","M","M","E","E","E","T","E","?","R","?","?","R","BOSS"],"items_purchased_type":["Relic","Relic"],"build_version":"2020-12-22","purchased_purges":0,"victory":true,"max_hp_per_floor":[72,72,72,78,78,78,78,78,81,81,81,81,81,81,81,87,87,87,87,87,87,87,101,101,101,107,107,107,107,107,107,107,113,113,113,113,113,113,113,113,113,113,126,126,126,126,126,126,126,132],"card_choices":[{"not_picked":["Halt","ClearTheMind"],"picked":"Consecrate","floor":1.0},{"not_picked":["Crescendo","FlyingSleeves","Tantrum"],"picked":"SKIP","floor":3.0},{"not_picked":["PathToVictory","Indignation","Tantrum"],"picked":"SKIP","floor":5.0},{"not_picked":["MasterReality","Alpha"],"picked":"Establishment","floor":6},{"not_picked":["EmptyFist","FollowUp"],"picked":"Protect","floor":7},{"not_picked":["Ragnarok","MasterReality"],"picked":"Wish","floor":8},{"not_picked":["ConjureBlade","LessonLearned+1","Vault"],"picked":"SKIP","floor":10},{"not_picked":["LessonLearned+1","MasterReality"],"picked":"Ragnarok+1","floor":12},{"not_picked":["Scrawl","Establishment"],"picked":"Wish","floor":13},{"not_picked":["Ragnarok+1","Scrawl","ConjureBlade"],"picked":"SKIP","floor":14},{"not_picked":["Judgement","Omniscience"],"picked":"Alpha","floor":16},{"not_picked":["Adaptation+1","SashWhip+1","Study"],"picked":"SKIP","floor":18},{"not_picked":["TalkToTheHand+1","CutThroughFate+1","MentalFortress+1"],"picked":"SKIP","floor":19},{"not_picked":["PathToVictory+1","Study+1","FlurryOfBlows+1"],"picked":"SKIP","floor":21},{"not_picked":["DevaForm","ConjureBlade","LessonLearned+1"],"picked":"SKIP","floor":23},{"not_picked":["Scrawl","LessonLearned+1"],"picked":"Wish","floor":25},{"not_picked":["Ragnarok+1","DeusExMachina","LessonLearned+1"],"picked":"SKIP","floor":27},{"not_picked":["Scrawl","DevaForm","Omniscience"],"picked":"SKIP","floor":28},{"not_picked":["Brilliance+1","Vault","Ragnarok+1"],"picked":"SKIP","floor":29},{"not_picked":["DeusExMachina","Brilliance+1","Ragnarok+1"],"picked":"SKIP","floor":31},{"not_picked":["TalkToTheHand+1","CutThroughFate+1"],"picked":"Evaluate","floor":35},{"not_picked":["Crescendo+1","BowlingBash+1"],"picked":"Protect","floor":35},{"not_picked":["SashWhip+1","JustLucky+1","Devotion"],"picked":"SKIP","floor":36},{"not_picked":["FlurryOfBlows+1","ThirdEye+1","Adaptation+1"],"picked":"SKIP","floor":36},{"not_picked":["SignatureMove+1","DeceiveReality","FlurryOfBlows+1"],"picked":"SKIP","floor":38},{"not_picked":["SashWhip+1","FollowUp+1","JustLucky+1"],"picked":"SKIP","floor":38},{"not_picked":["JustLucky+1","ClearTheMind","Conclude+1"],"picked":"SKIP","floor":39},{"not_picked":["DeusExMachina","JustLucky+1","ReachHeaven+1"],"picked":"SKIP","floor":39},{"not_picked":["Devotion","Blasphemy","DevaForm"],"picked":"SKIP","floor":40},{"not_picked":["DeusExMachina","Alpha","ConjureBlade"],"picked":"SKIP","floor":41},{"not_picked":["Judgement","LessonLearned+1","ConjureBlade"],"picked":"SKIP","floor":42},{"not_picked":["Omniscience","Judgement","ConjureBlade"],"picked":"SKIP","floor":44},{"not_picked":["Crescendo+1","Adaptation+1"],"picked":"LikeWater+1","floor":47},{"not_picked":["Conclude+1","SashWhip+1","Prostrate"],"picked":"SKIP","floor":48},{"not_picked":["Crescendo","SashWhip+1","WaveOfTheHand+1"],"picked":"SKIP","floor":48}],"player_experience":1255477,"relics_obtained":[{"floor":6,"key":"Turnip"},{"floor":8,"key":"Bird Faced Urn"},{"floor":9,"key":"Molten Egg 2"},{"floor":10,"key":"Blue Candle"},{"floor":12,"key":"Regal Pillow"},{"floor":13,"key":"Mercury Hourglass"},{"floor":14,"key":"Pocketwatch"},{"floor":23,"key":"Mango"},{"floor":25,"key":"Meat on the Bone"},{"floor":26,"key":"Anchor"},{"floor":27,"key":"Matryoshka"},{"floor":28,"key":"Ginger"},{"floor":29,"key":"Prayer Wheel"},{"floor":30,"key":"Red Mask"},{"floor":31,"key":"Lizard Tail"},{"floor":40,"key":"Orichalcum"},{"floor":41,"key":"MealTicket"},{"floor":42,"key":"CaptainsWheel"},{"floor":43,"key":"Vajra"},{"floor":43,"key":"Strawberry"},{"floor":44,"key":"Gremlin Horn"},{"floor":47,"key":"Old Coin"}],"event_choices":[{"damage_healed":0.0,"max_hp_gain":0.0,"max_hp_loss":0.0,"gold_gain":75.0,"event_name":"World of Goop","player_choice":"Gather Gold","floor":2.0,"gold_loss":0.0,"damage_taken":11.0},{"damage_healed":0.0,"max_hp_gain":0.0,"max_hp_loss":0.0,"gold_gain":0.0,"event_name":"Accursed Blacksmith","player_choice":"Rummage","floor":4.0,"gold_loss":0.0,"damage_taken":0.0,"relics_obtained":["WarpedTongs"],"cards_obtained":["Pain"]},{"damage_healed":0,"gold_gain":0,"player_choice":"Read","damage_taken":0,"max_hp_gain":0,"max_hp_loss":0,"event_name":"The Library","floor":20,"gold_loss":0,"cards_obtained":["Perseverance"]},{"damage_healed":0,"gold_gain":0,"player_choice":"Fought Bandits","damage_taken":0,"max_hp_gain":0,"max_hp_loss":0,"event_name":"Masked Bandits","floor":30,"gold_loss":0},{"damage_healed":0,"gold_gain":222,"player_choice":"Wore Mask","damage_taken":0,"max_hp_gain":0,"max_hp_loss":0,"event_name":"Tomb of Lord Red Mask","floor":45,"gold_loss":0},{"damage_healed":0,"gold_gain":0,"player_choice":"Fight","damage_taken":0,"max_hp_gain":0,"max_hp_loss":0,"event_name":"MindBloom","floor":47,"gold_loss":0}],"is_beta":false,"boss_relics":[{"not_picked":["Calling Bell","Snecko Eye"],"picked":"Fusion Hammer"},{"not_picked":["Black Star","Empty Cage"],"picked":"Sozu"}],"items_purged_floors":[],"is_endless":false,"potions_floor_spawned":[5,8,10,13,14,16,23,25,29,31,39,41,42,44],"ascension_level":0}}