{"host":"z0tqw7lu1gwakzxm","time":1610947831,"event":{"mods":["BaseMod","DeckTracker","Lobotomy","Minty Spire (QoL Compilation)","StSLib","slay the spire mod where everything is the same but ironclad has a cowboy hat"],"gold_per_floor":[116,136,236,249,266,266,294,294,294,294,310,310,192,213,213,344,344,368,293,293,308,323,323,283,308,388,89,89,89,132,153,153,153,153],"floor_reached":33,"language":"ENG","playtime":956,"items_purged":["Strike_G"],"score":309,"play_id":"536d3b65-c599-40dc-b2b8-337af4c179d5","local_time":"20210118003031","is_ascension_mode":true,"campfire_choices":[{"data":"Noxious Fumes","floor":6,"key":"SMITH"},{"floor":10,"key":"REST"},{"floor":15,"key":"REST"},{"floor":23,"key":"REST"},{"floor":29,"key":"REST"},{"floor":32,"key":"REST"}],"circlet_count":0,"master_deck":["Strike_G","Strike_G","Strike_G+1","Defend_G","Defend_G","Defend_G","Defend_G","Survivor","Neutralize","Tactician","Bouncing Flask","Dagger Spray","Noxious Fumes+1","Deadly Poison","Dagger Spray+1","Parasite","Poisoned Stab","Dash","After Image+1","Die Die Die","CurseOfTheBell","PiercingWail","Dagger Throw+1","Footwork","Bane+1","Poisoned Stab+1","Escape Plan","Caltrops","Burst","Deadly Poison"],"relics":["Ring of the Snake","Pen Nib","Golden Idol","Mercury Hourglass","Calling Bell","Omamori","Mummified Hand","Tough Bandages","Molten Egg 2","Orrery","Shovel"],"acts_visited":["Exordium","TheCity"],"potions_floor_usage":[7,22,28,33,33],"damage_taken":[{"damage":8,"enemies":"2 Louse","floor":1,"turns":3},{"damage":4,"enemies":"Cultist","floor":2,"turns":4},{"damage":0,"enemies":"Small Slimes","floor":4,"turns":2},{"damage":0,"enemies":"2 Fungi Beasts","floor":5,"turns":3},{"damage":40,"enemies":"Gremlin Nob","floor":7,"turns":5},{"damage":7,"enemies":"Large Slime","floor":11,"turns":4},{"damage":3,"enemies":"Blue Slaver","floor":14,"turns":2},{"damage":11,"enemies":"Slime Boss","floor":16,"turns":9},{"damage":20,"enemies":"Spheric Guardian","floor":18,"turns":4},{"damage":0,"enemies":"Chosen","floor":21,"turns":4},{"damage":19,"enemies":"Snake Plant","floor":22,"turns":3},{"damage":7,"enemies":"Cultist and Chosen","floor":25,"turns":6},{"damage":0,"enemies":"Shelled Parasite and Fungi","floor":28,"turns":2},{"damage":32,"enemies":"Slavers","floor":30,"turns":4},{"damage":12,"enemies":"Snake Plant","floor":31,"turns":3},{"damage":33,"enemies":"Automaton","floor":33,"turns":4}],"seed_played":"4280846941767941888","potions_obtained":[{"floor":2,"key":"FearPotion"},{"floor":5,"key":"SmokeBomb"},{"floor":7,"key":"DistilledChaos"},{"floor":16,"key":"FearPotion"},{"floor":31,"key":"CultistPotion"}],"is_trial":false,"path_per_floor":["M","M","?","M","M","R","E","?","T","R","M","?","$","M","R","B",null,"M","?","?","M","M","R","?","M","T","$","M","R","E","M","R","B"],"character_chosen":"THE_SILENT","items_purchased":["Poisoned Stab","Dash","Footwork","Orrery"],"campfire_rested":5,"item_purchase_floors":[13,13,27,27],"current_hp_per_floor":[62,58,58,58,58,58,18,18,18,37,30,46,46,43,62,51,65,45,45,45,45,26,45,45,38,38,38,38,57,25,13,32,0,0],"gold":153,"neow_bonus":"TRANSFORM_CARD","is_daily":false,"chose_seed":false,"campfire_upgraded":1,"win_rate":0.0,"timestamp":1610947831,"path_taken":["M","M","?","?","M","R","E","?","T","R","M","?","$","M","R","BOSS","M","?","?","?","M","R","?","M","T","$","M","R","E","M","R","BOSS"],"items_purchased_type":["Card","Card","Card","Relic"],"build_version":"2020-12-22","purchased_purges":1,"victory":false,"max_hp_per_floor":[70,70,70,70,70,70,70,65,65,65,65,65,65,65,65,65,65,65,65,65,65,65,65,65,65,65,65,65,65,65,65,65,65,65],"card_choices":[{"not_picked":["Quick Slash","Underhanded Strike"],"picked":"Bouncing Flask","floor":1},{"not_picked":["Sucker Punch","Underhanded Strike","Endless Agony"],"picked":"SKIP","floor":2},{"not_picked":["Quick Slash","Crippling Poison"],"picked":"Dagger Spray","floor":4},{"not_picked":["Leg Sweep","Poisoned Stab"],"picked":"Noxious Fumes","floor":5},{"not_picked":["Choke","Distraction"],"picked":"Deadly Poison","floor":7},{"not_picked":["Slice","Outmaneuver"],"picked":"Dagger Spray","floor":11},{"not_picked":["Flechettes","Slice"],"picked":"After Image","floor":14},{"not_picked":["Unload","Tools of the Trade"],"picked":"Die Die Die","floor":16},{"not_picked":["Blade Dance","Sucker Punch"],"picked":"PiercingWail","floor":18},{"not_picked":["Die Die Die","Cloak And Dagger+1"],"picked":"Dagger Throw+1","floor":21},{"not_picked":["Dodge and Roll","Endless Agony","Dagger Throw"],"picked":"SKIP","floor":22},{"not_picked":["Predator","Setup","Reflex"],"picked":"SKIP","floor":25},{"not_picked":["Outmaneuver","Skewer+1"],"picked":"Bane+1","floor":27},{"not_picked":["Deadly Poison","Dash+1"],"picked":"Poisoned Stab+1","floor":27},{"not_picked":["All Out Attack+1","Dagger Throw+1"],"picked":"Escape Plan","floor":27},{"not_picked":["Slice+1","Dodge and Roll"],"picked":"Caltrops","floor":27},{"not_picked":["Dagger Spray+1","Deadly Poison+1"],"picked":"Burst","floor":27},{"not_picked":["Prepared","Backstab+1","Escape Plan"],"picked":"SKIP","floor":30},{"not_picked":["Setup","Finisher+1"],"picked":"Deadly Poison","floor":31}],"player_experience":340639,"relics_obtained":[{"floor":7,"key":"Pen Nib"},{"floor":9,"key":"Mercury Hourglass"},{"floor":17,"key":"Omamori"},{"floor":17,"key":"Mummified Hand"},{"floor":17,"key":"Tough Bandages"},{"floor":26,"key":"Molten Egg 2"},{"floor":30,"key":"Shovel"}],"event_choices":[{"damage_healed":0,"gold_gain":100,"player_choice":"Pray","damage_taken":0,"max_hp_gain":0,"max_hp_loss":0,"event_name":"Golden Shrine","floor":3,"gold_loss":0},{"damage_healed":0,"gold_gain":0,"player_choice":"Lose Max HP","damage_taken":0,"relics_obtained":["Golden Idol"],"max_hp_gain":0,"max_hp_loss":5,"event_name":"Golden Idol","floor":8,"gold_loss":0},{"damage_healed":16,"gold_gain":0,"player_choice":"Healed and dodged fight","damage_taken":0,"max_hp_gain":0,"max_hp_loss":0,"event_name":"Mushrooms","floor":12,"gold_loss":0,"cards_obtained":["Parasite"]},{"cards_removed":["Strike_G"],"damage_healed":0,"gold_gain":0,"player_choice":"Gave Gold","damage_taken":0,"max_hp_gain":0,"max_hp_loss":0,"event_name":"Beggar","floor":19,"gold_loss":75},{"damage_healed":0,"gold_gain":0,"player_choice":"Upgraded","damage_taken":0,"max_hp_gain":0,"max_hp_loss":0,"event_name":"Upgrade Shrine","floor":20,"gold_loss":0,"cards_upgraded":["After Image"]},{"damage_healed":0,"gold_gain":0,"player_choice":"Upgraded Two","damage_taken":0,"max_hp_gain":0,"max_hp_loss":0,"event_name":"Designer","floor":24,"gold_loss":40,"cards_upgraded":["Strike_G","Dagger Spray"]}],"is_beta":false,"boss_relics":[{"not_picked":["Tiny House","Sozu"],"picked":"Calling Bell"}],"items_purged_floors":[27],"is_endless":false,"potions_floor_spawned":[2,5,7,16,18,31],"killed_by":"Automaton","ascension_level":3}}