{"host":"nrxstibvl428zo7h","time":1610993371,"event":{"mods":["AchievementEnabler","BaseMod","Colored Map","Dark Map","Minty Spire (QoL Compilation)","StSLib"],"gold_per_floor":[119,45,55,71,90,90,100,100,100,100,115,137,137,153,153,249,249,262,262,262,262,275,275,275],"floor_reached":23,"language":"ENG","playtime":873,"items_purged":[],"score":208,"play_id":"bc8b52fe-6a83-4af0-bdd9-bf1a43332265","local_time":"20210118100931","is_ascension_mode":false,"campfire_choices":[{"data":"1","floor":6,"key":"LIFT"},{"data":"2","floor":8,"key":"LIFT"},{"data":"3","floor":15,"key":"LIFT"}],"circlet_count":0,"master_deck":["Strike_B","Strike_B","Strike_B","Strike_B","Defend_B","Defend_B","Defend_B","Defend_B","Zap","Dualcast","CurseOfTheBell","Conserve Battery","Self Repair","Gash","BootSequence","Undo","Gash","Gash","Sweeping Beam","Steam","Beam Cell","Hologram+1","Core Surge","Scrape","Shame","Scrape","Streamline"],"relics":["Calling Bell","Orichalcum","Pear","Girya","Prayer Wheel","Odd Mushroom","Toxic Egg 2","Snecko Eye","HornCleat","CaptainsWheel"],"acts_visited":["Exordium","TheCity"],"potions_floor_usage":[],"damage_taken":[{"damage":10,"enemies":"Cultist","floor":1,"turns":5},{"damage":0,"enemies":"2 Louse","floor":3,"turns":2},{"damage":4,"enemies":"Jaw Worm","floor":4,"turns":5},{"damage":16,"enemies":"Large Slime","floor":5,"turns":8},{"damage":0,"enemies":"2 Fungi Beasts","floor":7,"turns":4},{"damage":2,"enemies":"Blue Slaver","floor":11,"turns":5},{"damage":15,"enemies":"The Mushroom Lair","floor":12,"turns":4},{"damage":0,"enemies":"Looter","floor":14,"turns":4},{"damage":38,"enemies":"The Guardian","floor":16,"turns":9},{"damage":17,"enemies":"3 Byrds","floor":18,"turns":8},{"damage":4,"enemies":"Shell Parasite","floor":22,"turns":6},{"damage":4,"enemies":"Snake Plant","floor":23,"turns":2}],"seed_played":"-7756158969036596481","potions_obtained":[{"floor":4,"key":"Explosive Potion"},{"floor":5,"key":"SteroidPotion"},{"floor":7,"key":"GamblersBrew"},{"floor":12,"key":"SpeedPotion"}],"is_trial":false,"path_per_floor":["M","$","M","M","M","R","M","R","T","?","M","?","T","M","R","B",null,"M","?","?","?","M","M"],"character_chosen":"DEFECT","items_purchased":["Self Repair"],"campfire_rested":0,"item_purchase_floors":[2],"current_hp_per_floor":[75,75,82,85,76,76,83,83,83,88,90,75,75,82,82,51,90,80,80,80,62,58,54,54],"gold":275,"neow_bonus":"BOSS_RELIC","is_daily":false,"chose_seed":false,"campfire_upgraded":0,"win_rate":0.0,"timestamp":1610993371,"path_taken":["M","$","M","?","?","R","M","R","T","?","M","?","?","M","R","BOSS","M","?","?","?","M","M"],"items_purchased_type":["Card"],"build_version":"2020-12-22","purchased_purges":0,"victory":false,"max_hp_per_floor":[85,85,85,85,85,85,85,85,85,90,90,90,90,90,90,90,90,90,90,90,95,95,95,95],"card_choices":[{"not_picked":["Turbo","Steam"],"picked":"Conserve Battery","floor":1},{"not_picked":["Cold Snap","Steam"],"picked":"Gash","floor":3},{"not_picked":["Barrage","Static Discharge"],"picked":"BootSequence","floor":4},{"not_picked":["Capacitor","Chaos"],"picked":"Undo","floor":5},{"not_picked":["Redo","Recycle"],"picked":"Gash","floor":7},{"not_picked":["Doom and Gloom","Sweeping Beam"],"picked":"Gash","floor":11},{"not_picked":["Cold Snap","Ball Lightning"],"picked":"Sweeping Beam","floor":11},{"not_picked":["Leap","Storm"],"picked":"Steam","floor":12},{"not_picked":["Melter","Coolheaded+1"],"picked":"Beam Cell","floor":14},{"not_picked":["Rebound","Blizzard"],"picked":"Hologram+1","floor":14},{"not_picked":["Buffer","Amplify+1"],"picked":"Core Surge","floor":16},{"not_picked":["Chill+1","Go for the Eyes+1"],"picked":"Scrape","floor":18},{"not_picked":["Cold Snap","Stack+1","Coolheaded+1"],"picked":"SKIP","floor":18},{"not_picked":["Cold Snap","Stack+1","Coolheaded+1"],"picked":"SKIP","floor":18},{"not_picked":["Rip and Tear","Sweeping Beam"],"picked":"Scrape","floor":22},{"not_picked":["Steam+1","White Noise+1"],"picked":"Streamline","floor":22}],"player_experience":81943,"relics_obtained":[{"floor":0,"key":"Orichalcum"},{"floor":0,"key":"Pear"},{"floor":0,"key":"Girya"},{"floor":9,"key":"Prayer Wheel"},{"floor":12,"key":"Odd Mushroom"},{"floor":13,"key":"Toxic Egg 2"}],"event_choices":[{"damage_healed":0,"gold_gain":0,"player_choice":"Donut","damage_taken":0,"max_hp_gain":5,"max_hp_loss":0,"event_name":"Big Fish","floor":10,"gold_loss":0},{"damage_healed":0,"gold_gain":0,"player_choice":"Fought Mushrooms","damage_taken":0,"max_hp_gain":0,"max_hp_loss":0,"event_name":"Mushrooms","floor":12,"gold_loss":0},{"damage_healed":0,"gold_gain":0,"player_choice":"Opened","damage_taken":0,"relics_obtained":["HornCleat"],"max_hp_gain":0,"max_hp_loss":0,"event_name":"The Mausoleum","floor":19,"gold_loss":0},{"damage_healed":0,"gold_gain":0,"player_choice":"Stole Relic","damage_taken":0,"relics_obtained":["CaptainsWheel"],"max_hp_gain":0,"max_hp_loss":0,"event_name":"Addict","floor":20,"gold_loss":0,"cards_obtained":["Shame"]},{"damage_healed":0,"gold_gain":0,"player_choice":"Shed Blood","damage_taken":23,"max_hp_gain":5,"max_hp_loss":0,"event_name":"Forgotten Altar","floor":21,"gold_loss":0}],"is_beta":false,"boss_relics":[{"not_picked":["Tiny House","Empty Cage"],"picked":"Snecko Eye"}],"items_purged_floors":[],"is_endless":false,"potions_floor_spawned":[4,5,7,12,22],"killed_by":"Snake Plant","ascension_level":0}}