{"host":"1q02rw1wpi0nrsss","time":1610966493,"event":{"mods":["AchievementEnabler","BaseMod","Better Note","Custom Start","Dark Map","DeckTracker","Disable Question Mark Monsters","Minty Spire (QoL Compilation)","Permanent Neow","Quick Restart","Rare Cards Sparkle","Relic Stats","StSLib"],"gold_per_floor":[111,131,18,93,93,93,105,130,130,147,178,178,178,213,213,313,313,331,331,347,347,365,365,379,414,494,508,508,508,51,79,79,183,183,195,213,138,149,161,161,174,205,205,205,205,218,218,231,231,231],"floor_reached":51,"language":"ENG","playtime":2042,"items_purged":["Injury"],"score":1179,"play_id":"c23ce955-4859-4113-959b-bbc4bed516a9","local_time":"20210118024133","is_ascension_mode":true,"campfire_choices":[{"floor":6,"key":"REST"},{"floor":15,"key":"REST"},{"floor":23,"key":"REST"},{"floor":28,"key":"REST"},{"floor":32,"key":"REST"},{"data":"Apotheosis","floor":40,"key":"SMITH"},{"data":"Berserk","floor":45,"key":"SMITH"},{"data":"1","floor":49,"key":"LIFT"}],"circlet_count":0,"master_deck":["AscendersBane","Bash","Shrug It Off","Headbutt+1","Inflame","Shockwave","Fiend Fire","Spot Weakness","Offering","Feed","Whirlwind+1","Necronomicurse","True Grit+1","Apotheosis+1","Reaper","Barricade","Exhume","Disarm","Cleave","Berserk+1","Feed","Dark Embrace","Flame Barrier","Limit Break","Entrench","Twin Strike+1","Writhe"],"relics":["Burning Blood","Ancient Tea Set","Blood Vial","InkBottle","Dream Catcher","Bottled Tornado","Cursed Key","Necronomicon","Centennial Puzzle","Gremlin Horn","Girya","Pen Nib","Pandora\u0027s Box","Meat on the Bone"],"acts_visited":["Exordium","TheCity","TheBeyond"],"potions_floor_usage":[8,16,22,22,27,33,38,38,41,50,50,50],"damage_taken":[{"damage":3,"enemies":"2 Louse","floor":1,"turns":4},{"damage":11,"enemies":"Jaw Worm","floor":2,"turns":5},{"damage":0,"enemies":"Small Slimes","floor":7,"turns":3},{"damage":18,"enemies":"Gremlin Nob","floor":8,"turns":4},{"damage":8,"enemies":"Looter","floor":10,"turns":3},{"damage":27,"enemies":"3 Sentries","floor":11,"turns":7},{"damage":32,"enemies":"Gremlin Nob","floor":14,"turns":4},{"damage":24,"enemies":"Slime Boss","floor":16,"turns":7},{"damage":13,"enemies":"Chosen","floor":18,"turns":3},{"damage":6,"enemies":"Spheric Guardian","floor":20,"turns":3},{"damage":32,"enemies":"Shelled Parasite and Fungi","floor":22,"turns":3},{"damage":6,"enemies":"Chosen and Byrds","floor":24,"turns":2},{"damage":41,"enemies":"Book of Stabbing","floor":25,"turns":6},{"damage":6,"enemies":"Cultist and Chosen","floor":27,"turns":4},{"damage":46,"enemies":"Slavers","floor":31,"turns":5},{"damage":26,"enemies":"Automaton","floor":33,"turns":6},{"damage":25,"enemies":"3 Darklings","floor":35,"turns":3},{"damage":16,"enemies":"Orb Walker","floor":36,"turns":3},{"damage":90,"enemies":"Transient","floor":38,"turns":5},{"damage":17,"enemies":"Jaw Worm Horde","floor":39,"turns":2},{"damage":16,"enemies":"4 Shapes","floor":41,"turns":1},{"damage":27,"enemies":"Giant Head","floor":42,"turns":5},{"damage":22,"enemies":"Spire Growth","floor":46,"turns":4},{"damage":0,"enemies":"Sphere and 2 Shapes","floor":48,"turns":1},{"damage":72,"enemies":"Time Eater","floor":50,"turns":10}],"seed_played":"-3841439873246785696","potions_obtained":[{"floor":2,"key":"DistilledChaos"},{"floor":14,"key":"Dexterity Potion"},{"floor":16,"key":"Strength Potion"},{"floor":18,"key":"Block Potion"},{"floor":25,"key":"Strength Potion"},{"floor":31,"key":"PowerPotion"},{"floor":33,"key":"EssenceOfSteel"},{"floor":35,"key":"DistilledChaos"},{"floor":39,"key":"Fire Potion"},{"floor":41,"key":"LiquidBronze"},{"floor":48,"key":"EntropicBrew"}],"is_trial":false,"path_per_floor":["M","M","$","?","?","R","M","E","T","M","E","?","?","E","R","B",null,"M","?","M","?","M","R","M","E","T","M","R","?","$","E","R","B",null,"M","M","$","M","M","R","M","E","T","?","R","M","?","M","R","B",null],"character_chosen":"IRONCLAD","items_purchased":["Inflame","Shockwave","Apotheosis","Girya"],"campfire_rested":5,"item_purchase_floors":[3,3,30,30],"current_hp_per_floor":[75,70,70,59,43,67,73,61,61,61,42,62,55,31,54,38,67,62,62,64,48,27,51,53,20,20,25,49,76,76,41,66,69,82,65,90,90,29,57,57,52,52,52,52,52,88,103,103,103,90],"gold":231,"neow_bonus":"RANDOM_COMMON_RELIC","is_daily":false,"chose_seed":false,"campfire_upgraded":2,"win_rate":0.0,"timestamp":1610966493,"path_taken":["M","M","$","?","?","R","M","E","T","M","E","?","?","E","R","BOSS","M","?","?","?","M","R","M","E","T","M","R","?","$","E","R","BOSS","M","M","$","M","M","R","M","E","T","?","R","M","?","M","R","BOSS"],"items_purchased_type":["Card","Card","Card","Relic"],"build_version":"2020-12-22","purchased_purges":1,"victory":true,"max_hp_per_floor":[80,80,80,80,80,80,80,80,80,80,80,80,77,77,77,77,77,77,77,77,77,80,80,80,80,80,83,83,83,83,86,86,86,86,86,90,90,90,90,90,93,93,93,93,93,93,103,103,103,103],"relic_stats":{"Gremlin Horn":[7,7],"counters":[25,103],"Pen Nib":[7],"Cursed Key":2,"Burning Blood":143,"Blood Vial":36,"Dream Catcher":4,"Centennial Puzzle":[33],"Pandora\u0027s Box":["Juggernaut","Exhume","Disarm","Cleave","Berserk","Feed","Dark Embrace","Flame Barrier","Limit Break"],"Necronomicon":[30],"obtain_stats":[{"Girya":30,"Gremlin Horn":26,"Pen Nib":31,"Bottled Tornado":14,"Ancient Tea Set":0,"Cursed Key":17,"Burning Blood":0,"Blood Vial":8,"Dream Catcher":11,"Centennial Puzzle":25,"Pandora\u0027s Box":34,"Necronomicon":21,"InkBottle":9,"Meat on the Bone":42},{"Girya":14,"Gremlin Horn":13,"Pen Nib":15,"Bottled Tornado":7,"Ancient Tea Set":0,"Cursed Key":8,"Burning Blood":0,"Blood Vial":4,"Dream Catcher":6,"Centennial Puzzle":13,"Pandora\u0027s Box":16,"Necronomicon":10,"InkBottle":4,"Meat on the Bone":22},{"Girya":58,"Gremlin Horn":54,"Pen Nib":63,"Bottled Tornado":30,"Ancient Tea Set":0,"Cursed Key":37,"Burning Blood":0,"Blood Vial":16,"Dream Catcher":26,"Centennial Puzzle":54,"Pandora\u0027s Box":69,"Necronomicon":43,"InkBottle":16,"Meat on the Bone":88}],"InkBottle":[31],"Meat on the Bone":0},"card_choices":[{"not_picked":["True Grit","Anger"],"picked":"Shrug It Off","floor":1},{"not_picked":["Feel No Pain","Armaments"],"picked":"Headbutt","floor":2},{"not_picked":["Thunderclap","Warcry","Heavy Blade"],"picked":"SKIP","floor":7},{"not_picked":["Armaments","Flex"],"picked":"Fiend Fire","floor":8},{"not_picked":["Clash","Rupture"],"picked":"Spot Weakness","floor":10},{"not_picked":["Sever Soul","Rage","True Grit"],"picked":"SKIP","floor":11},{"not_picked":["Pommel Strike","Shrug It Off"],"picked":"Offering","floor":14},{"not_picked":["Exhume","Bludgeon"],"picked":"Feed","floor":16},{"not_picked":["Body Slam","Cleave"],"picked":"Whirlwind","floor":18},{"not_picked":["Rage","Shockwave","Heavy Blade"],"picked":"SKIP","floor":20},{"not_picked":["Perfected Strike+1","Flex","Entrench"],"picked":"SKIP","floor":22},{"not_picked":["Sword Boomerang+1","Cleave"],"picked":"True Grit+1","floor":23},{"not_picked":["Sword Boomerang","Power Through","Combust"],"picked":"SKIP","floor":24},{"not_picked":["True Grit","Twin Strike","Double Tap"],"picked":"SKIP","floor":25},{"not_picked":["Sword Boomerang","Clothesline+1","True Grit+1"],"picked":"SKIP","floor":27},{"not_picked":["Cleave","Seeing Red"],"picked":"Reaper","floor":31},{"not_picked":["Feed","Immolate"],"picked":"Barricade","floor":33},{"not_picked":["Intimidate","Searing Blow","Anger+1"],"picked":"SKIP","floor":35},{"not_picked":["Headbutt+1","Body Slam"],"picked":"Entrench","floor":36},{"not_picked":["Warcry","Anger+1"],"picked":"Twin Strike+1","floor":38},{"not_picked":["Double Tap","Body Slam","Armaments+1"],"picked":"SKIP","floor":39},{"not_picked":["True Grit+1","Pummel","Havoc"],"picked":"SKIP","floor":41},{"not_picked":["Barricade","Sword Boomerang+1","Dark Embrace"],"picked":"SKIP","floor":42},{"not_picked":["Sever Soul","Clothesline+1","Anger"],"picked":"SKIP","floor":46},{"not_picked":["Anger","Hemokinesis+1","Headbutt"],"picked":"SKIP","floor":48}],"player_experience":408789,"relics_obtained":[{"floor":8,"key":"Blood Vial"},{"floor":9,"key":"InkBottle"},{"floor":11,"key":"Dream Catcher"},{"floor":14,"key":"Bottled Tornado"},{"floor":21,"key":"Necronomicon"},{"floor":25,"key":"Centennial Puzzle"},{"floor":26,"key":"Gremlin Horn"},{"floor":31,"key":"Pen Nib"},{"floor":42,"key":"Meat on the Bone"}],"event_choices":[{"damage_healed":0,"gold_gain":75,"player_choice":"Gather Gold","damage_taken":11,"max_hp_gain":0,"max_hp_loss":0,"event_name":"World of Goop","floor":4,"gold_loss":0},{"damage_healed":0,"gold_gain":0,"player_choice":"Entered Light","damage_taken":16,"max_hp_gain":0,"max_hp_loss":0,"event_name":"Shining Light","floor":5,"gold_loss":0,"cards_upgraded":["Headbutt","Strike_R"]},{"damage_healed":20,"gold_gain":0,"player_choice":"Healed and dodged fight","damage_taken":0,"max_hp_gain":0,"max_hp_loss":0,"event_name":"Mushrooms","floor":12,"gold_loss":0,"cards_obtained":["Parasite"]},{"cards_removed":["Parasite"],"damage_healed":0,"gold_gain":0,"player_choice":"Card Removal","damage_taken":7,"max_hp_gain":0,"max_hp_loss":0,"event_name":"Golden Wing","floor":13,"gold_loss":0},{"damage_healed":0,"gold_gain":0,"player_choice":"Upgraded","damage_taken":0,"max_hp_gain":0,"max_hp_loss":0,"event_name":"Upgrade Shrine","floor":19,"gold_loss":0,"cards_upgraded":["Whirlwind"]},{"damage_healed":0,"gold_gain":0,"player_choice":"Obtained Book","damage_taken":16,"max_hp_gain":0,"max_hp_loss":0,"event_name":"Cursed Tome","floor":21,"gold_loss":0},{"damage_healed":27,"gold_gain":0,"player_choice":"Heal","damage_taken":0,"max_hp_gain":0,"max_hp_loss":0,"event_name":"The Library","floor":29,"gold_loss":0},{"damage_healed":0,"gold_gain":0,"player_choice":"Memory 1","damage_taken":0,"max_hp_gain":0,"max_hp_loss":0,"event_name":"SensoryStone","floor":44,"gold_loss":0},{"cards_removed":["Juggernaut"],"damage_healed":5,"gold_gain":0,"player_choice":"Offered Rare","damage_taken":0,"max_hp_gain":10,"max_hp_loss":0,"event_name":"Bonfire Elementals","floor":47,"gold_loss":0}],"is_beta":false,"boss_relics":[{"not_picked":["SlaversCollar","Empty Cage"],"picked":"Cursed Key"},{"not_picked":["Runic Dome","Snecko Eye"],"picked":"Pandora\u0027s Box"}],"items_purged_floors":[37],"is_endless":false,"potions_floor_spawned":[2,14,16,18,25,31,33,35,39,41,48],"ascension_level":11}}