{"host":"63rwe7p34ct1i0qu","time":1610938194,"event":{"mods":["BaseMod","Colored Map","DeckTracker","Minty Spire (QoL Compilation)","Permanent Neow","Quick Restart","StSLib"],"gold_per_floor":[16,16,16,16,16,16,41,41,41,41,85,85,110,144,144,270,270,293,314,314,314],"floor_reached":20,"language":"KOR","playtime":872,"items_purged":[],"score":288,"play_id":"5a48b0eb-f127-4e5a-9e11-a690addc36b8","local_time":"20210118114954","is_ascension_mode":true,"campfire_choices":[{"data":"Zap","floor":6,"key":"SMITH"},{"data":"Dualcast","floor":8,"key":"SMITH"},{"floor":12,"key":"REST"},{"data":"Thunder Strike","floor":15,"key":"SMITH"}],"circlet_count":0,"master_deck":["AscendersBane","Strike_B","Strike_B","Strike_B","Defend_B","Defend_B","Defend_B","Defend_B","Zap+1","Dualcast+1","Turbo+1","Recycle+1","Consume+1","Genetic Algorithm+1","Thunder Strike+1","Echo Form","Glacier+1","Leap+1"],"relics":["Cracked Core","Pocketwatch","Golden Idol","Toxic Egg 2","PreservedInsect","StoneCalendar","Centennial Puzzle","Nuclear Battery"],"acts_visited":["Exordium","TheCity"],"potions_floor_usage":[16,16,20],"damage_taken":[{"damage":0,"enemies":"Small Slimes","floor":1,"turns":3},{"damage":7,"enemies":"Jaw Worm","floor":7,"turns":3},{"damage":15,"enemies":"3 Sentries","floor":11,"turns":6},{"damage":1,"enemies":"Cultist","floor":13,"turns":4},{"damage":19,"enemies":"Lagavulin","floor":14,"turns":6},{"damage":28,"enemies":"Slime Boss","floor":16,"turns":7},{"damage":5,"enemies":"Chosen","floor":18,"turns":3},{"damage":12,"enemies":"2 Thieves","floor":19,"turns":5},{"damage":13,"enemies":"3 Cultists","floor":20,"turns":6}],"seed_played":"-4293307476994919937","potions_obtained":[{"floor":11,"key":"Regen Potion"},{"floor":13,"key":"Energy Potion"},{"floor":19,"key":"GamblersBrew"}],"is_trial":false,"path_per_floor":["M","?","?","?","?","R","M","R","T","?","E","R","M","E","R","B",null,"M","M","M"],"character_chosen":"DEFECT","items_purchased":[],"campfire_rested":1,"item_purchase_floors":[],"current_hp_per_floor":[68,50,75,75,57,57,50,50,50,50,35,57,56,37,37,24,62,57,45,32,32],"gold":314,"neow_bonus":"ONE_RARE_RELIC","is_daily":false,"chose_seed":false,"campfire_upgraded":3,"win_rate":0.0,"timestamp":1610938194,"path_taken":["M","?","?","?","?","R","M","R","T","?","E","R","M","E","R","BOSS","M","?","M"],"items_purchased_type":[],"build_version":"2020-12-22","purchased_purges":0,"victory":false,"max_hp_per_floor":[75,75,75,75,75,75,75,75,75,75,75,75,75,75,75,75,75,75,75,75,75],"card_choices":[{"not_picked":["Steam","Steam Power","Beam Cell"],"picked":"SKIP","floor":1},{"not_picked":["Steam Power+1","Beam Cell"],"picked":"Turbo+1","floor":7},{"not_picked":["Doom and Gloom","Turbo+1"],"picked":"Consume+1","floor":11},{"not_picked":["Redo+1","Steam+1"],"picked":"Genetic Algorithm+1","floor":13},{"not_picked":["Sweeping Beam","Beam Cell"],"picked":"Thunder Strike","floor":14},{"not_picked":["Hyperbeam","Fission+1"],"picked":"Echo Form","floor":16},{"not_picked":["Streamline","Redo+1"],"picked":"Glacier+1","floor":18},{"not_picked":["Gash","Streamline"],"picked":"Leap+1","floor":19}],"player_experience":842180,"relics_obtained":[{"floor":9,"key":"PreservedInsect"},{"floor":11,"key":"StoneCalendar"},{"floor":14,"key":"Centennial Puzzle"}],"event_choices":[{"damage_healed":0,"gold_gain":0,"player_choice":"Take Damage","damage_taken":18,"relics_obtained":["Golden Idol"],"max_hp_gain":0,"max_hp_loss":0,"event_name":"Golden Idol","floor":2,"gold_loss":0},{"damage_healed":25,"gold_gain":0,"player_choice":"Banana","damage_taken":0,"max_hp_gain":0,"max_hp_loss":0,"event_name":"Big Fish","floor":3,"gold_loss":0},{"damage_healed":0,"gold_gain":0,"player_choice":"Ignored","damage_taken":0,"max_hp_gain":0,"max_hp_loss":0,"event_name":"Liars Game","floor":4,"gold_loss":0},{"damage_healed":0,"gold_gain":0,"player_choice":"Success","damage_taken":18,"relics_obtained":["Toxic Egg 2"],"max_hp_gain":0,"max_hp_loss":0,"event_name":"Scrap Ooze","floor":5,"gold_loss":0},{"damage_healed":0,"gold_gain":0,"cards_transformed":["Strike_B"],"player_choice":"Transformed","damage_taken":0,"max_hp_gain":0,"max_hp_loss":0,"event_name":"Transmorgrifier","floor":10,"gold_loss":0,"cards_obtained":["Recycle"]}],"is_beta":false,"boss_relics":[{"not_picked":["Calling Bell","Busted Crown"],"picked":"Nuclear Battery"}],"items_purged_floors":[],"is_endless":false,"potions_floor_spawned":[11,13,19],"killed_by":"3 Cultists","ascension_level":12}}