{"host":"4kbqeuw4a1wt9r2z","time":1610971830,"event":{"mods":["Act Like it!","Aspiration","Astrologer","Bard","BaseMod","Chen","Conspire","Downfall","Duelist Mod","Gensokyo","GifTheSpireLib","Googly Eyes","Hallownest","Hermit","Hubris","Koishi","Marisa????????","Minty Spire (QoL Compilation)","Reimu??????","SOS???????","StSLib","The Administrix","The Bug Knight","The Construct","The Cursed","The Disciple","The Forsaken","The Gatherer","The Hierophant","The Necromancer","The Runesmith","The Senshi","The Servant 0.9.4","The Wild Card"],"gold_per_floor":[99,110,127,139,49,69,93,93,93,118,118,151,151,101,120,120,120],"floor_reached":16,"language":"ENG","playtime":736,"items_purged":[],"score":110,"play_id":"a20300cd-7d23-4bf7-b698-30b6d1ea1641","local_time":"20210118151030","is_ascension_mode":false,"campfire_choices":[{"data":"Guardian:TwinSlam","floor":1,"key":"SMITH"},{"data":"Guardian:WalkerClaw","floor":9,"key":"SMITH"},{"data":"Guardian:BodySlam","floor":11,"key":"SMITH"},{"data":"Guardian:BaubleBeam","floor":13,"key":"SMITH"}],"circlet_count":0,"master_deck":["Guardian:Strike_Guardian","Guardian:Strike_Guardian","Guardian:Strike_Guardian","Guardian:Strike_Guardian","Guardian:Defend_Guardian","Guardian:Defend_Guardian","Guardian:Defend_Guardian","Guardian:Defend_Guardian","Guardian:CurlUp","Guardian:TwinSlam+1","Guardian:PiercingHide","Guardian:ShieldCharger","Guardian:WalkerClaw+1","Guardian:BodySlam+1","Guardian:RollAttack","Guardian:BaubleBeam+1","conspire:SpireCoStock","Guardian:Gem_White"],"relics":["Guardian:ModeShifter","Pen Nib","RuthlessExorcism:ReiMu","Toy Ornithopter","Smiling Mask","theSenshi:SailorFukuRelic"],"acts_visited":["Exordium"],"potions_floor_usage":[5,10,16],"damage_taken":[{"damage":5,"enemies":"Jaw Worm","floor":2,"turns":5},{"damage":0,"enemies":"Small Slimes","floor":3,"turns":3},{"damage":0,"enemies":"2 Louse","floor":4,"turns":2},{"damage":10,"enemies":"downfall:FleeingMerchant","floor":5,"turns":4},{"damage":7,"enemies":"Blue Slaver","floor":6,"turns":6},{"damage":18,"enemies":"3 Sentries","floor":10,"turns":4},{"damage":18,"enemies":"Gremlin Nob","floor":12,"turns":4},{"damage":7,"enemies":"2 Fungi Beasts","floor":15,"turns":3},{"damage":34,"enemies":"WA_ARCHETYPE_RETAIN","floor":16,"turns":6}],"seed_played":"636148912095881874","potions_obtained":[{"floor":3,"key":"GrandPatriotsElixir:ReiMu"},{"floor":6,"key":"Regen Potion"},{"floor":10,"key":"Dexterity Potion"}],"is_trial":false,"path_per_floor":["R","M","M","M","$","M","T","?","R","E","R","E","R","?","M","B"],"character_chosen":"GUARDIAN","items_purchased":["Guardian:Gem_Orange"],"campfire_rested":0,"item_purchase_floors":[5],"current_hp_per_floor":[80,75,75,75,65,58,58,55,55,54,54,36,36,36,29,0,0],"gold":120,"neow_bonus":"RANDOM_COMMON_RELIC","is_daily":false,"chose_seed":false,"campfire_upgraded":4,"win_rate":0.0,"timestamp":1610971830,"path_taken":["R","M","M","M","$","M","T","?","R","E","R","E","R","?","M","BOSS"],"items_purchased_type":["Card"],"build_version":"2020-12-22","purchased_purges":0,"victory":false,"max_hp_per_floor":[80,80,80,80,80,80,80,80,80,80,80,80,80,80,80,80,80],"card_choices":[{"not_picked":["Guardian:Gem_Lightblue","Guardian:Suspension"],"picked":"Guardian:PiercingHide","floor":2},{"not_picked":["Guardian:CrystalBeam","Guardian:Reroute"],"picked":"Guardian:ShieldCharger","floor":3},{"not_picked":["Guardian:RefractedBeam","Guardian:Clone"],"picked":"Guardian:WalkerClaw","floor":4},{"not_picked":["Guardian:ArmoredProtocol","Guardian:GuardianWhirl"],"picked":"Guardian:Gem_Red","floor":5},{"not_picked":["Guardian:TemporalStrike","Guardian:Suspension"],"picked":"Guardian:BodySlam","floor":6},{"not_picked":["Guardian:Preprogram","Guardian:StasisField"],"picked":"Guardian:RollAttack","floor":10},{"not_picked":["Guardian:RollAttack","Guardian:BodySlam"],"picked":"Guardian:BaubleBeam","floor":12},{"not_picked":["Guardian:TemporalShield","Guardian:Suspension"],"picked":"Guardian:Gem_White","floor":15}],"player_experience":552744,"relics_obtained":[{"floor":7,"key":"RuthlessExorcism:ReiMu"},{"floor":10,"key":"Smiling Mask"},{"floor":12,"key":"theSenshi:SailorFukuRelic"}],"event_choices":[{"damage_healed":0,"gold_gain":0,"player_choice":"Success","damage_taken":3,"relics_obtained":["Toy Ornithopter"],"max_hp_gain":0,"max_hp_loss":0,"event_name":"Scrap Ooze","floor":8,"gold_loss":0},{"damage_healed":0,"gold_gain":0,"player_choice":"Invest 1","damage_taken":0,"max_hp_gain":0,"max_hp_loss":0,"event_name":"conspire:Investor","floor":14,"gold_loss":0}],"is_beta":false,"boss_relics":[],"items_purged_floors":[],"is_endless":false,"potions_floor_spawned":[3,6,10],"killed_by":"WA_ARCHETYPE_RETAIN","ascension_level":0}}