{"host":"zxkjcgzis4pm3za5","time":1610945707,"event":{"mods":["AchievementEnabler","Act Like it!","BaseMod","Colored Map","Colored Powertips","Friendly Minions","GifTheSpireLib","Minty Spire (QoL Compilation)","Quick Restart","RNG Fix","Random Character Button","Relic Sorter","Relic Stats","StSLib"],"gold_per_floor":[112,123,123,148,223,252,252,5,5,5,5,23,55,74,74,148,148,129,129,129,129,148,148,181,192,192,220,220,235,235,245,245,322,322,336,336,232,249,267,267,284,311,335,347,373,373,373,28,28,28,28,28,28,55,55],"floor_reached":56,"language":"ENG","playtime":2567,"items_purged":["Strike_R","Strike_R","Strike_R"],"score":2135,"play_id":"360a2b27-4f5e-4f1f-95eb-ef4195598457","local_time":"20210118102507","is_ascension_mode":true,"campfire_choices":[{"data":"Spot Weakness","floor":7,"key":"SMITH"},{"data":"Bash","floor":10,"key":"SMITH"},{"data":"Metallicize","floor":15,"key":"SMITH"},{"data":"Limit Break","floor":23,"key":"SMITH"},{"data":"Armaments","floor":28,"key":"SMITH"},{"data":"Dark Embrace","floor":30,"key":"SMITH"},{"data":"Disarm","floor":32,"key":"SMITH"},{"floor":40,"key":"RECALL"},{"data":"Metallicize","floor":47,"key":"SMITH"},{"data":"Mayhem","floor":49,"key":"SMITH"},{"data":"Feel No Pain","floor":52,"key":"SMITH"}],"circlet_count":0,"master_deck":["AscendersBane","Strike_R","Strike_R","Defend_R+1","Defend_R","Defend_R","Defend_R","Bash+1","Cleave","Spot Weakness+1","Reaper","Shrug It Off","Feed","Metallicize+1","Limit Break+1","Armaments+1","Flame Barrier","RitualDagger","Dark Embrace+1","Disarm+1","Pummel","Thunderclap","Second Wind+1","Reaper","Spot Weakness","Limit Break+1","True Grit","Burning Pact+1","Uppercut+1","Metallicize+1","Feel No Pain+1","Sword Boomerang","Finesse","Mayhem+1","Flash of Steel","Evolve","Purity","Inflame"],"relics":["Burning Blood","NeowsBlessing","Oddly Smooth Stone","Anchor","Potion Belt","Lee\u0027s Waffle","Mummified Hand","The Courier","Runic Pyramid","Gambling Chip","Paper Frog","Eternal Feather","Philosopher\u0027s Stone","Gremlin Horn","War Paint","TheAbacus","Red Skull"],"acts_visited":["Exordium","TheCity","TheBeyond","TheEnding"],"potions_floor_usage":[16,24,27,33,55,55,55,55],"damage_taken":[{"damage":0,"enemies":"Cultist","floor":1,"turns":1},{"damage":0,"enemies":"Small Slimes","floor":2,"turns":1},{"damage":0,"enemies":"Gremlin Nob","floor":6,"turns":1},{"damage":0,"enemies":"2 Louse","floor":12,"turns":2},{"damage":19,"enemies":"3 Sentries","floor":13,"turns":6},{"damage":13,"enemies":"Looter","floor":14,"turns":5},{"damage":59,"enemies":"Slime Boss","floor":16,"turns":16},{"damage":15,"enemies":"2 Thieves","floor":18,"turns":4},{"damage":2,"enemies":"3 Byrds","floor":22,"turns":6},{"damage":50,"enemies":"Slavers","floor":24,"turns":7},{"damage":8,"enemies":"Snake Plant","floor":25,"turns":9},{"damage":8,"enemies":"Book of Stabbing","floor":27,"turns":5},{"damage":18,"enemies":"Cultist and Chosen","floor":29,"turns":7},{"damage":74,"enemies":"3 Cultists","floor":31,"turns":9},{"damage":76,"enemies":"Collector","floor":33,"turns":9},{"damage":5,"enemies":"Orb Walker","floor":35,"turns":4},{"damage":3,"enemies":"3 Shapes","floor":38,"turns":5},{"damage":48,"enemies":"Maw","floor":39,"turns":10},{"damage":0,"enemies":"Sphere and 2 Shapes","floor":41,"turns":4},{"damage":84,"enemies":"Reptomancer","floor":42,"turns":9},{"damage":4,"enemies":"Jaw Worm Horde","floor":44,"turns":6},{"damage":46,"enemies":"Giant Head","floor":45,"turns":8},{"damage":66,"enemies":"Donu and Deca","floor":50,"turns":9},{"damage":100,"enemies":"Shield and Spear","floor":54,"turns":7},{"damage":169,"enemies":"The Heart","floor":55,"turns":10}],"seed_played":"-3279330807553138575","potions_obtained":[{"floor":1,"key":"Weak Potion"},{"floor":2,"key":"SkillPotion"},{"floor":13,"key":"LiquidBronze"},{"floor":14,"key":"Regen Potion"},{"floor":18,"key":"LiquidBronze"},{"floor":25,"key":"SpeedPotion"},{"floor":31,"key":"SpeedPotion"},{"floor":42,"key":"SpeedPotion"}],"is_trial":false,"path_per_floor":["M","M","?","T","?","E","R","$","T","R","?","M","E","M","R","B",null,"M","?","?","?","M","R","E","M","T","E","R","M","R","M","R","B",null,"M","?","$","M","M","R","M","E","T","M","E","?","R","$","R","B",null,"R","$","E","B",null],"character_chosen":"IRONCLAD","items_purchased":["Lee\u0027s Waffle","True Grit","Evolve","Purity","TheAbacus"],"campfire_rested":0,"item_purchase_floors":[8,37,48,48,48],"current_hp_per_floor":[74,75,40,40,29,35,35,82,82,82,87,87,87,83,83,48,80,93,93,93,87,96,96,80,91,91,89,101,107,107,58,73,72,101,102,102,102,108,99,117,121,121,121,124,124,114,124,124,124,124,124,124,124,124,17],"gold":55,"neow_bonus":"THREE_ENEMY_KILL","is_daily":false,"chose_seed":false,"campfire_upgraded":10,"win_rate":0.0,"timestamp":1610945707,"path_taken":["M","M","?","?","?","E","R","$","T","R","?","M","E","M","R","BOSS","M","?","?","?","M","R","E","M","T","E","R","M","R","M","R","BOSS","M","?","$","M","M","R","M","E","T","M","E","?","R","?","R","BOSS","R","$","E","BOSS"],"items_purchased_type":["Relic","Card","Card","Card","Relic"],"build_version":"2020-12-22","purchased_purges":3,"victory":true,"max_hp_per_floor":[75,75,75,75,75,75,75,82,82,82,87,87,87,90,90,90,90,93,93,93,93,96,96,100,104,104,104,104,107,107,111,111,111,111,111,111,111,114,118,118,121,121,121,124,124,124,124,124,124,124,124,124,124,124,124],"relic_stats":{"Lee\u0027s Waffle":47,"TheAbacus":[24],"Gremlin Horn":[4,4],"counters":[25,160],"Mummified Hand":[54],"Gambling Chip":[36],"Eternal Feather":55,"War Paint":["Burning Pact","Defend_R"],"obtain_stats":[{"Potion Belt":6,"Lee\u0027s Waffle":8,"NeowsBlessing":0,"Gremlin Horn":42,"Oddly Smooth Stone":3,"Eternal Feather":27,"The Courier":13,"War Paint":45,"Burning Blood":0,"Anchor":4,"TheAbacus":48,"Mummified Hand":9,"Gambling Chip":24,"Philosopher\u0027s Stone":34,"Red Skull":54,"Runic Pyramid":17,"Paper Frog":26},{"Potion Belt":3,"Lee\u0027s Waffle":3,"NeowsBlessing":0,"Gremlin Horn":20,"Oddly Smooth Stone":2,"Eternal Feather":12,"The Courier":5,"War Paint":22,"Burning Blood":0,"Anchor":2,"TheAbacus":22,"Mummified Hand":3,"Gambling Chip":10,"Philosopher\u0027s Stone":15,"Red Skull":24,"Runic Pyramid":7,"Paper Frog":11},{"Potion Belt":3,"Lee\u0027s Waffle":3,"NeowsBlessing":0,"Gremlin Horn":120,"Oddly Smooth Stone":2,"Eternal Feather":63,"The Courier":11,"War Paint":134,"Burning Blood":0,"Anchor":2,"TheAbacus":134,"Mummified Hand":3,"Gambling Chip":49,"Philosopher\u0027s Stone":88,"Red Skull":150,"Runic Pyramid":32,"Paper Frog":58}],"Burning Blood":95},"card_choices":[{"not_picked":["Shockwave","Clash"],"picked":"Cleave","floor":1},{"not_picked":["Anger","Dark Embrace"],"picked":"Spot Weakness","floor":2},{"not_picked":["Pommel Strike","Shockwave"],"picked":"Reaper","floor":6},{"not_picked":["Perfected Strike","Flex"],"picked":"Shrug It Off","floor":12},{"not_picked":["Havoc","Twin Strike"],"picked":"Feed","floor":13},{"not_picked":["Spot Weakness","Dark Embrace"],"picked":"Metallicize","floor":14},{"not_picked":["Brutality","Offering"],"picked":"Limit Break","floor":16},{"not_picked":["Perfected Strike","Searing Blow"],"picked":"Armaments","floor":18},{"not_picked":["Blood for Blood","Headbutt"],"picked":"Dark Embrace","floor":22},{"not_picked":["Corruption","Clothesline"],"picked":"Disarm","floor":24},{"not_picked":["Armaments","Blood for Blood"],"picked":"Pummel","floor":25},{"not_picked":["Flame Barrier","Pummel+1","Twin Strike+1"],"picked":"SKIP","floor":27},{"not_picked":["Anger","Power Through"],"picked":"Thunderclap","floor":29},{"not_picked":["Whirlwind","Thunderclap+1"],"picked":"Second Wind+1","floor":31},{"not_picked":["Feed","Exhume"],"picked":"Reaper","floor":33},{"not_picked":["Twin Strike","Headbutt"],"picked":"Spot Weakness","floor":35},{"not_picked":["Seeing Red+1","Iron Wave+1"],"picked":"Burning Pact","floor":38},{"not_picked":["Carnage","Iron Wave+1"],"picked":"Uppercut+1","floor":39},{"not_picked":["Burning Pact","Double Tap"],"picked":"Metallicize","floor":41},{"not_picked":["Flex","Havoc+1"],"picked":"Feel No Pain","floor":42},{"not_picked":["Twin Strike","Pommel Strike","Infernal Blade"],"picked":"SKIP","floor":44},{"not_picked":["Body Slam","Armaments"],"picked":"Sword Boomerang","floor":45},{"not_picked":["Swift Strike","Secret Technique"],"picked":"Finesse","floor":46},{"not_picked":["Madness","Transmutation"],"picked":"Mayhem","floor":46},{"not_picked":["Jack Of All Trades","Metamorphosis"],"picked":"Flash of Steel","floor":46},{"not_picked":["Headbutt","Iron Wave"],"picked":"Inflame","floor":54}],"player_experience":236555,"relics_obtained":[{"floor":4,"key":"Anchor"},{"floor":6,"key":"Potion Belt"},{"floor":9,"key":"Mummified Hand"},{"floor":13,"key":"The Courier"},{"floor":24,"key":"Gambling Chip"},{"floor":26,"key":"Paper Frog"},{"floor":27,"key":"Eternal Feather"},{"floor":42,"key":"Gremlin Horn"},{"floor":45,"key":"War Paint"},{"floor":54,"key":"Red Skull"}],"event_choices":[{"damage_healed":0,"gold_gain":0,"player_choice":"Success","damage_taken":35,"relics_obtained":["Oddly Smooth Stone"],"max_hp_gain":0,"max_hp_loss":0,"event_name":"Scrap Ooze","floor":3,"gold_loss":0},{"damage_healed":0,"gold_gain":75,"player_choice":"Gather Gold","damage_taken":11,"max_hp_gain":0,"max_hp_loss":0,"event_name":"World of Goop","floor":5,"gold_loss":0},{"damage_healed":0,"gold_gain":0,"player_choice":"Donut","damage_taken":0,"max_hp_gain":5,"max_hp_loss":0,"event_name":"Big Fish","floor":11,"gold_loss":0},{"damage_healed":0,"gold_gain":0,"player_choice":"Ignored","damage_taken":0,"max_hp_gain":0,"max_hp_loss":0,"event_name":"The Mausoleum","floor":19,"gold_loss":0},{"damage_healed":0,"gold_gain":0,"player_choice":"1 cards matched","damage_taken":0,"max_hp_gain":0,"max_hp_loss":0,"event_name":"Match and Keep!","floor":20,"gold_loss":0,"cards_obtained":["Flame Barrier"]},{"damage_healed":0,"gold_gain":0,"player_choice":"Joined the Cult","damage_taken":6,"max_hp_gain":0,"max_hp_loss":0,"event_name":"Nest","floor":21,"gold_loss":0,"cards_obtained":["RitualDagger"]},{"damage_healed":0,"gold_gain":0,"player_choice":"Copied","damage_taken":0,"max_hp_gain":0,"max_hp_loss":0,"event_name":"Duplicator","floor":36,"gold_loss":0,"cards_obtained":["Limit Break"]},{"damage_healed":0,"gold_gain":0,"player_choice":"Memory 3","damage_taken":10,"max_hp_gain":0,"max_hp_loss":0,"event_name":"SensoryStone","floor":46,"gold_loss":0}],"is_beta":false,"boss_relics":[{"not_picked":["Busted Crown","SlaversCollar"],"picked":"Runic Pyramid"},{"not_picked":["Black Blood","Black Star"],"picked":"Philosopher\u0027s Stone"}],"items_purged_floors":[8,37,48],"is_endless":false,"potions_floor_spawned":[1,2,13,14,18,25,31,42,45],"ascension_level":16}}