{"host":"baymyijz6sxaqj5s","time":1610979050,"event":{"mods":["AchievementEnabler","BaseMod","Colored Map","Colored Powertips","DeckTracker","Highlight Path","KOR Keyword Fix","Keyboard Shortcuts","Minty Spire (QoL Compilation)","StSLib","SuperFastMode","everything is the same but u backflip on backflip"],"gold_per_floor":[113,63,63,63,81,81,92,92,168,12,88,103,121,108,108,212,262,273,289,309,321,321,321],"floor_reached":22,"language":"KOR","playtime":709,"items_purged":[],"score":232,"play_id":"6944eed1-95da-457c-a244-81ce6d2512e2","local_time":"20210118231050","is_ascension_mode":true,"campfire_choices":[{"data":"Survivor","floor":6,"key":"SMITH"},{"data":"Footwork","floor":8,"key":"SMITH"},{"floor":15,"key":"REST"}],"circlet_count":0,"master_deck":["Strike_G","Strike_G","Strike_G","Defend_G","Defend_G","Defend_G","Defend_G","Defend_G","Survivor+1","Neutralize","Footwork+1","Poisoned Stab+1","Prepared","Deadly Poison","Tactician","Catalyst"],"relics":["Ring of the Snake","Paper Crane","Bag of Marbles","Blue Candle","Tiny House"],"acts_visited":["Exordium","TheCity"],"potions_floor_usage":[13,16,18,20,21],"damage_taken":[{"damage":2,"enemies":"Small Slimes","floor":1,"turns":5},{"damage":0,"enemies":"Jaw Worm","floor":5,"turns":10},{"damage":0,"enemies":"Cultist","floor":7,"turns":6},{"damage":0,"enemies":"Looter","floor":12,"turns":4},{"damage":15,"enemies":"Gremlin Gang","floor":13,"turns":7},{"damage":7,"enemies":"Exordium Thugs","floor":14,"turns":7},{"damage":26,"enemies":"The Guardian","floor":16,"turns":12},{"damage":41,"enemies":"3 Byrds","floor":18,"turns":9},{"damage":10,"enemies":"Spheric Guardian","floor":19,"turns":6},{"damage":19,"enemies":"Cultist and Chosen","floor":20,"turns":8},{"damage":8,"enemies":"Snake Plant","floor":21,"turns":6},{"damage":15,"enemies":"Snecko","floor":22,"turns":3}],"seed_played":"-6195215912352161","potions_obtained":[{"floor":5,"key":"PowerPotion"},{"floor":13,"key":"FearPotion"},{"floor":17,"key":"Fruit Juice"},{"floor":19,"key":"Block Potion"},{"floor":20,"key":"Block Potion"}],"is_trial":false,"path_per_floor":["M","?","?","?","M","R","M","R","T","$","T","M","M","M","R","B",null,"M","M","M","M","M"],"character_chosen":"THE_SILENT","items_purchased":["Bag of Marbles"],"campfire_rested":1,"item_purchase_floors":[10],"current_hp_per_floor":[75,75,68,68,68,68,68,68,68,68,68,68,53,46,69,43,82,46,36,17,9,0,0],"gold":321,"neow_bonus":"TEN_PERCENT_HP_BONUS","is_daily":false,"chose_seed":false,"campfire_upgraded":2,"win_rate":0.0,"timestamp":1610979050,"path_taken":["M","?","?","?","M","R","M","R","T","$","?","M","M","M","R","BOSS","M","M","?","M","M"],"items_purchased_type":["Relic"],"build_version":"2020-12-22","purchased_purges":0,"victory":false,"max_hp_per_floor":[77,77,77,77,77,77,77,77,77,77,77,77,77,77,77,77,82,87,87,87,87,87,87],"card_choices":[{"not_picked":["PiercingWail","Predator"],"picked":"Footwork","floor":1},{"not_picked":["Calculated Gamble","Quick Slash"],"picked":"Poisoned Stab","floor":5},{"not_picked":["Flying Knee","Dodge and Roll","Skewer"],"picked":"SKIP","floor":7},{"not_picked":["Cloak And Dagger","Predator"],"picked":"Prepared","floor":12},{"not_picked":["Endless Agony","Reflex"],"picked":"Deadly Poison","floor":13},{"not_picked":["Quick Slash","Blade Dance","Distraction"],"picked":"SKIP","floor":14},{"not_picked":["Slice","Acrobatics"],"picked":"Tactician","floor":17},{"not_picked":["Infinite Blades","Flying Knee"],"picked":"Catalyst","floor":18},{"not_picked":["Acrobatics","Blade Dance+1","Underhanded Strike"],"picked":"SKIP","floor":19},{"not_picked":["Prepared","Slice","Tools of the Trade"],"picked":"SKIP","floor":20},{"not_picked":["Concentrate","Underhanded Strike","Flying Knee"],"picked":"SKIP","floor":21}],"player_experience":53118,"relics_obtained":[{"floor":9,"key":"Paper Crane"},{"floor":11,"key":"Blue Candle"}],"event_choices":[{"cards_removed":["Strike_G"],"damage_healed":0,"gold_gain":0,"player_choice":"Card Removal","damage_taken":0,"max_hp_gain":0,"max_hp_loss":0,"event_name":"The Cleric","floor":2,"gold_loss":50},{"cards_removed":["Strike_G"],"damage_healed":0,"gold_gain":0,"player_choice":"Card Removal","damage_taken":7,"max_hp_gain":0,"max_hp_loss":0,"event_name":"Golden Wing","floor":3,"gold_loss":0},{"damage_healed":0,"gold_gain":0,"player_choice":"Ignored","damage_taken":0,"max_hp_gain":0,"max_hp_loss":0,"event_name":"Liars Game","floor":4,"gold_loss":0}],"is_beta":false,"boss_relics":[{"not_picked":["Black Star","Fusion Hammer"],"picked":"Tiny House"}],"items_purged_floors":[],"is_endless":false,"potions_floor_spawned":[5,13,19,20],"killed_by":"Snecko","ascension_level":3}}