{"host":"6ayekdpky30mcb5q","time":1610948003,"event":{"mods":["Act Like it!","Bard","BaseMod","Colored Map","GifTheSpireLib","Gremlin Mod","Hallownest","Hermit","Hero for Fun","Highlight Path","Jorbs\u0027s Wanderer Trilogy","Minty Spire (QoL Compilation)","StSLib","The Bladedancer","The Bug Knight","The Disciple","The Forsaken","WoW Paladin Mod"],"gold_per_floor":[111,130,142,20,32,59,59,86,132,132,132,144,159,159,159,264,264,275,275,275,285,298,332,332,271,271,271,221,140,157,167,167,270,270,280,294,304,41,91,91,102,115,115,131,141,159,159,159,159,159,159],"floor_reached":50,"language":"ENG","playtime":4524,"items_purged":["theForsaken:TheForsaken_Strike","theForsaken:TheForsaken_Strike"],"score":503,"play_id":"c0f3595b-7904-4a7e-bbcc-fde7b4a599e9","local_time":"20210117233323","is_ascension_mode":false,"campfire_choices":[{"data":"theForsaken:WordsOfMight","floor":7,"key":"SMITH"},{"data":"theForsaken:DarkBargain","floor":11,"key":"SMITH"},{"data":"theForsaken:Smite","floor":15,"key":"SMITH"},{"floor":24,"key":"REST"},{"floor":27,"key":"RECALL"},{"floor":32,"key":"REST"},{"floor":40,"key":"REST"},{"floor":47,"key":"REST"},{"floor":49,"key":"REST"}],"circlet_count":0,"master_deck":["theForsaken:TheForsaken_Strike","theForsaken:TheForsaken_Strike","theForsaken:TheForsaken_Defend","theForsaken:TheForsaken_Defend","theForsaken:TheForsaken_Defend","theForsaken:TheForsaken_Defend","theForsaken:Smite+1","theForsaken:Penitence","theForsaken:CowardsBrand","theForsaken:DarkBarrier","theForsaken:RainingSunlight","theForsaken:WordsOfMight+1","theForsaken:HymnOfPatience","theForsaken:DarkBargain+1","theForsaken:AncientWords","theForsaken:DivineGuidance","theForsaken:Backlash","theForsaken:HealingLight","theForsaken:WordsOfMight","theForsaken:NobleSacrifice","theForsaken:SacredOath","theForsaken:RainingSunlight","Mayhem","theForsaken:SpreadingPlague","theForsaken:Enfeeble"],"relics":["theForsaken:JudgementScales","MealTicket","Mummified Hand","Lantern","Anchor","Fusion Hammer","Oddly Smooth Stone","Orichalcum","Sozu","Dead Branch","Du-Vu Doll"],"acts_visited":["Exordium","TheCity","TheBeyond"],"potions_floor_usage":[13,23,23],"damage_taken":[{"damage":1,"enemies":"Cultist","floor":1,"turns":5},{"damage":2,"enemies":"Jaw Worm","floor":2,"turns":4},{"damage":0,"enemies":"2 Louse","floor":3,"turns":3},{"damage":0,"enemies":"Looter","floor":5,"turns":4},{"damage":27,"enemies":"Gremlin Nob","floor":6,"turns":6},{"damage":0,"enemies":"Lagavulin","floor":8,"turns":10},{"damage":4,"enemies":"2 Fungi Beasts","floor":12,"turns":5},{"damage":0,"enemies":"Lots of Slimes","floor":13,"turns":1},{"damage":18,"enemies":"The Guardian","floor":16,"turns":16},{"damage":0,"enemies":"Spheric Guardian","floor":18,"turns":6},{"damage":21,"enemies":"2 Thieves","floor":21,"turns":5},{"damage":0,"enemies":"Snecko","floor":22,"turns":6},{"damage":45,"enemies":"Slavers","floor":23,"turns":6},{"damage":7,"enemies":"Shelled Parasite and Fungi","floor":30,"turns":6},{"damage":22,"enemies":"Sentry and Sphere","floor":31,"turns":7},{"damage":79,"enemies":"Collector","floor":33,"turns":18},{"damage":0,"enemies":"Orb Walker","floor":35,"turns":8},{"damage":27,"enemies":"3 Darklings","floor":36,"turns":9},{"damage":44,"enemies":"Spire Growth","floor":37,"turns":8},{"damage":0,"enemies":"Mind Bloom Boss Battle","floor":39,"turns":10},{"damage":26,"enemies":"Sphere and 2 Shapes","floor":41,"turns":4},{"damage":0,"enemies":"3 Darklings","floor":42,"turns":3},{"damage":25,"enemies":"Transient","floor":44,"turns":5},{"damage":26,"enemies":"Sphere and 2 Shapes","floor":45,"turns":6},{"damage":0,"enemies":"Spire Growth","floor":46,"turns":5},{"damage":90,"enemies":"Awakened One","floor":50,"turns":6}],"seed_played":"-5116141282669898401","potions_obtained":[{"floor":1,"key":"SkillPotion"},{"floor":2,"key":"Dexterity Potion"},{"floor":3,"key":"PowerPotion"},{"floor":5,"key":"DuplicationPotion"},{"floor":22,"key":"SteroidPotion"}],"is_trial":false,"path_per_floor":["M","M","M","$","M","E","R","E","T","?","R","M","M","?","R","B",null,"M","?","?","M","M","E","R","?","T","R","?","$","M","M","R","B",null,"M","M","M","$","?","R","M","M","T","M","M","M","R","?","R","B"],"character_chosen":"THE_FORSAKEN","items_purchased":["theForsaken:RainingSunlight","theForsaken:WordsOfMight","Mayhem"],"campfire_rested":5,"item_purchase_floors":[4,29,38],"current_hp_per_floor":[70,68,71,71,71,47,47,52,52,52,52,51,51,44,44,50,71,71,58,58,43,49,13,35,55,55,55,55,70,70,63,76,32,76,76,63,40,55,76,76,53,58,58,38,23,43,65,65,76,0,0],"gold":159,"neow_bonus":"TEN_PERCENT_HP_BONUS","is_daily":false,"chose_seed":false,"campfire_upgraded":3,"win_rate":0.0,"timestamp":1610948003,"path_taken":["M","M","M","?","M","E","R","E","T","?","R","M","?","?","R","BOSS","M","?","?","M","M","E","R","?","T","R","?","$","?","M","R","BOSS","M","M","M","$","?","R","M","M","T","M","M","M","R","?","R","BOSS"],"items_purchased_type":["Card","Card","Card"],"build_version":"2020-12-22","purchased_purges":2,"victory":false,"max_hp_per_floor":[71,71,71,71,71,71,71,71,71,71,71,71,71,71,71,71,71,71,76,76,76,76,76,76,76,76,76,76,76,76,76,76,76,76,76,76,76,76,76,76,76,76,76,76,76,76,76,76,76,76,76],"card_choices":[{"not_picked":["theForsaken:ShieldCharge","theForsaken:SpinAttack"],"picked":"theForsaken:CowardsBrand","floor":1},{"not_picked":["theForsaken:HorrifyingStrike","theForsaken:BountifulSunlight"],"picked":"theForsaken:DarkBarrier","floor":2},{"not_picked":["theForsaken:PowerUp","theForsaken:CreepingInfection","theForsaken:BlessedWeapon"],"picked":"SKIP","floor":3},{"not_picked":["theForsaken:PanicDive","theForsaken:SolarFlare"],"picked":"theForsaken:WordsOfMight","floor":5},{"not_picked":["theForsaken:FatRoll","theForsaken:Terrorize"],"picked":"theForsaken:HymnOfPatience","floor":6},{"not_picked":["theForsaken:PowerUp","theForsaken:Backlash"],"picked":"theForsaken:DarkBargain","floor":8},{"not_picked":["theForsaken:CreepingInfection","theForsaken:PanicDive","theForsaken:SiphonStrike"],"picked":"SKIP","floor":12},{"not_picked":["theForsaken:PowerUp","theForsaken:Eulogy"],"picked":"theForsaken:AncientWords","floor":13},{"not_picked":["theForsaken:CorruptDeck","theForsaken:DesperatePlea"],"picked":"theForsaken:DivineGuidance","floor":16},{"not_picked":["theForsaken:ChargeAttack+1","theForsaken:CreepingInfection","theForsaken:CleansingLight"],"picked":"SKIP","floor":18},{"not_picked":["theForsaken:ShieldCharge","theForsaken:StoreUp"],"picked":"theForsaken:Backlash","floor":21},{"not_picked":["theForsaken:BlightOfFamine","theForsaken:HymnOfPatience+1","theForsaken:PowerUp"],"picked":"SKIP","floor":22},{"not_picked":["theForsaken:HymnOfRest","theForsaken:RainingSunlight+1"],"picked":"theForsaken:HealingLight","floor":23},{"not_picked":["theForsaken:ChargeAttack+1","theForsaken:Parry","theForsaken:ShieldCharge"],"picked":"SKIP","floor":30},{"not_picked":["theForsaken:RainingSunlight","theForsaken:BlightOfFamine"],"picked":"theForsaken:NobleSacrifice","floor":31},{"not_picked":["theForsaken:SacrificeSoul","theForsaken:DivineGuidance"],"picked":"theForsaken:SacredOath","floor":33},{"not_picked":["theForsaken:ShieldBash+1","theForsaken:BlightOfFamine","theForsaken:HymnOfPatience"],"picked":"SKIP","floor":35},{"not_picked":["theForsaken:FuryStrikes","theForsaken:MagicWeapon"],"picked":"theForsaken:RainingSunlight","floor":36},{"not_picked":["theForsaken:HymnOfRest+1","theForsaken:WordsOfMight","theForsaken:ChargeAttack"],"picked":"SKIP","floor":37},{"not_picked":["theForsaken:ScorchingSunlight+1","theForsaken:PowerUp","theForsaken:BlessedWeapon"],"picked":"SKIP","floor":41},{"not_picked":["theForsaken:RainingSunlight+1","theForsaken:PowerUp+1","theForsaken:LightRoll"],"picked":"SKIP","floor":42},{"not_picked":["theForsaken:NobleSacrifice+1","theForsaken:RainingSunlight"],"picked":"theForsaken:SpreadingPlague","floor":44},{"not_picked":["theForsaken:CleansingLight","theForsaken:Backlash+1"],"picked":"theForsaken:Enfeeble","floor":45},{"not_picked":["theForsaken:HealingLight+1","theForsaken:NobleSacrifice","theForsaken:RainingSunlight"],"picked":"SKIP","floor":46}],"player_experience":573217,"relics_obtained":[{"floor":6,"key":"MealTicket"},{"floor":8,"key":"Mummified Hand"},{"floor":23,"key":"Oddly Smooth Stone"},{"floor":26,"key":"Orichalcum"},{"floor":39,"key":"Dead Branch"},{"floor":43,"key":"Du-Vu Doll"}],"event_choices":[{"damage_healed":0,"gold_gain":0,"player_choice":"Gave Potion","damage_taken":0,"relics_obtained":["Lantern"],"max_hp_gain":0,"max_hp_loss":0,"event_name":"WeMeetAgain","floor":10,"gold_loss":0},{"damage_healed":0,"gold_gain":0,"player_choice":"Success","damage_taken":7,"relics_obtained":["Anchor"],"max_hp_gain":0,"max_hp_loss":0,"event_name":"Scrap Ooze","floor":14,"gold_loss":0},{"damage_healed":0,"gold_gain":0,"player_choice":"Shed Blood","damage_taken":18,"max_hp_gain":5,"max_hp_loss":0,"event_name":"Forgotten Altar","floor":19,"gold_loss":0},{"damage_healed":0,"gold_gain":0,"player_choice":"Ignored","damage_taken":0,"max_hp_gain":0,"max_hp_loss":0,"event_name":"Beggar","floor":20,"gold_loss":0},{"damage_healed":0,"gold_gain":0,"player_choice":"Bet on Murderer","damage_taken":0,"max_hp_gain":0,"max_hp_loss":0,"event_name":"The Joust","floor":28,"gold_loss":50},{"damage_healed":0,"gold_gain":0,"player_choice":"Fight","damage_taken":0,"max_hp_gain":0,"max_hp_loss":0,"event_name":"MindBloom","floor":39,"gold_loss":0},{"damage_healed":0,"gold_gain":0,"player_choice":"Got Potions","damage_taken":0,"max_hp_gain":0,"max_hp_loss":0,"event_name":"Lab","floor":48,"gold_loss":0}],"is_beta":false,"boss_relics":[{"not_picked":["SacredBark","Velvet Choker"],"picked":"Fusion Hammer"},{"not_picked":["Coffee Dripper","Astrolabe"],"picked":"Sozu"}],"items_purged_floors":[4,38],"is_endless":false,"potions_floor_spawned":[1,2,3,5,22,35,39,46],"killed_by":"Awakened One","ascension_level":0}}