{"host":"l6f9mxfwcy2g8901","time":1610940429,"event":{"mods":["100% Spire Juice","2.2 Compatiblity","Act Like it!","BaseMod","Better Altar","Better Match","Better Note","Better Sensory Stone","Better Skull","Better Third Choice","BetterRewards","Colored Map","Colored Powertips","Custom Start","Dark Map","Elementarium","Gensokyo","Hermit","Highlight Path","Hubris","Infinite Spire","Jorbs\u0027s Wanderer Trilogy","Lobotomy","Minty Spire (QoL Compilation)","Permanent Neow","Relic Filter","Relic Stats","Replay The Spire","Spicy Shops","StSLib","The Bladedancer","The Blue Laboratory","TheSwordswoman","Wandering Minibosses"],"gold_per_floor":[115,115,99,99,28,55,55,90,90,107,9,9,28,17,17,121,121,140,150,150,60,135,169,49,83,83,99,99,119,119,74,74,178,58,68,68,83,83,159,159,197,211,259,274,293,328,328,328,328],"floor_reached":48,"language":"ENG","playtime":4018,"items_purged":["ReplayTheSpireMod:Splinters","hubris:Disease"],"score":635,"play_id":"5b8b0d88-1ae1-4b4e-a750-33ee5b768ecc","local_time":"20210117192709","is_ascension_mode":false,"campfire_choices":[{"data":"Moonworks:MetallicMonocoque","floor":7.0,"key":"SMITH"},{"data":"Moonworks:Accelerator","floor":24,"key":"SMITH"},{"data":"Moonworks:CloudOfSeagulls","floor":28,"key":"SMITH"},{"data":"Moonworks:EvilSpyWorkPreparation","floor":32,"key":"SMITH"},{"data":"infinitespire:SevenWalls","floor":40,"key":"SMITH"},{"data":"Moonworks:AnotherUltimateWeapon","floor":47,"key":"SMITH"}],"circlet_count":0,"master_deck":["Moonworks:Strike","Moonworks:Defend+1","Moonworks:Defend","Moonworks:Defend","Moonworks:Ambush","Moonworks:LongDistanceShot","Moonworks:GoAway","Moonworks:ImmovableObject","Moonworks:IntelligenceOfficer+1","Moonworks:EvilSpyWorkPreparation+1","Moonworks:MetallicMonocoque+1","Moonworks:Accelerator+1","Moonworks:EvilSpyWorkPreparation+1","Moonworks:SakisCookie","Moonworks:EvilSpyWorkPreparation","Moonworks:AnotherUltimateWeapon+1","Moonworks:EvilSpyWorkPreparation","Moonworks:CloudOfSeagulls+1","Moonworks:TreasureThief+1","Moonworks:SweetBattle+1","Moonworks:BigBangBell+1","Moonworks:WeAreWaruda","Moonworks:JonathanRush+1","infinitespire:SevenWalls+1","Moonworks:NicePresent+1","Moonworks:Poppoformation","Moonworks:SakisCookie+1"],"relics":["Moonworks:Homemark","Boot","Replay:Bottled Snecko","Eternal Feather","Kunai","Centennial Puzzle","hubris:ScarierMask","hubris:TinFlute","PreservedInsect","hubris:TenFootPole","Blood Vial","Frozen Eye","ReplayTheSpireMod:CursedCoin","hubris:Backtick","Shuriken","wanderingMiniBosses:ThiefScarf","Moonworks:BrokenBomb","Vajra","Lantern","Pet Ghost","Turnip","hubris:EmptyBottle"],"acts_visited":["Exordium","TheCity","TheBeyond"],"potions_floor_usage":[19,23,23,33,42],"damage_taken":[{"damage":0.0,"enemies":"Small Slimes","floor":1.0,"turns":5.0},{"damage":9.0,"enemies":"2 Louse","floor":3.0,"turns":6.0},{"damage":4.0,"enemies":"Lagavulin","floor":6.0,"turns":6.0},{"damage":16.0,"enemies":"3 Sentries","floor":8.0,"turns":5.0},{"damage":4.0,"enemies":"Cultist","floor":10.0,"turns":4.0},{"damage":0.0,"enemies":"Gremlin Gang","floor":13.0,"turns":2.0},{"damage":10.0,"enemies":"Lots of Slimes","floor":14.0,"turns":6.0},{"damage":0,"enemies":"Slime Boss","floor":16,"turns":8},{"damage":8,"enemies":"2 Thieves","floor":18,"turns":3},{"damage":1,"enemies":"Shell Parasite","floor":19,"turns":6},{"damage":6,"enemies":"Replay:Snechameleon","floor":23,"turns":5},{"damage":29,"enemies":"Nightmare","floor":25,"turns":7},{"damage":14,"enemies":"Snake Plant","floor":27,"turns":5},{"damage":10,"enemies":"Cultist and Chosen","floor":29,"turns":4},{"damage":37,"enemies":"Collector","floor":33,"turns":8},{"damage":13,"enemies":"Orb Walker","floor":35,"turns":6},{"damage":0,"enemies":"Orb Walker","floor":36,"turns":2},{"damage":0,"enemies":"3 Darklings","floor":37,"turns":3},{"damage":17,"enemies":"Jaw Worm Horde","floor":39,"turns":4},{"damage":23,"enemies":"Spire Growth","floor":42,"turns":4},{"damage":0,"enemies":"Transient","floor":44,"turns":5},{"damage":3,"enemies":"Sphere and 2 Shapes","floor":45,"turns":2},{"damage":12,"enemies":"Nemesis","floor":46,"turns":3},{"damage":76,"enemies":"Maw","floor":48,"turns":7}],"seed_played":"7078704463881781499","potions_obtained":[{"floor":6.0,"key":"BlessingOfTheForge"},{"floor":10.0,"key":"Explosive Potion"},{"floor":18,"key":"Block Potion"},{"floor":19,"key":"ColorlessPotion"},{"floor":20,"key":"ColorlessPotion"},{"floor":20,"key":"blueLaboratory:StoneskinPotion"},{"floor":23,"key":"Block Potion"},{"floor":29,"key":"Swift Potion"},{"floor":37,"key":"blueLaboratory:BottleOfVodka"},{"floor":39,"key":"Swift Potion"},{"floor":41,"key":"Flashbang"},{"floor":41,"key":"Toxic Potion"},{"floor":44,"key":"Ancient Potion"}],"is_trial":false,"path_per_floor":["M","?","M","?","$","E","R","E","T","M","$","?","M","M","R_BF","B",null,"M","M","?","?","T","E","R","NM","T","M","R","M","AVR","$","R","B",null,"M","?","M","?","M","R","?","M","T","M","M","E","R","M"],"character_chosen":"THE_STARBREAKER","items_purchased":["Boot","Kunai","ReplayTheSpireMod:CursedCoin"],"campfire_rested":0,"item_purchase_floors":[5,11,31],"current_hp_per_floor":[60,60,51,51,51,47,47,31,31,27,27,27,27,19,28,28,60,52,51,51,51,51,47,59,32,32,28,40,32,32,32,44,21,60,60,60,60,53,50,60,53,32,32,46,47,39,54,0,0],"gold":328,"neow_bonus":"TRANSFORM_TWO_CARDS","is_daily":false,"chose_seed":false,"campfire_upgraded":6,"win_rate":0.0,"timestamp":1610940429,"path_taken":["M","?","M","?","$","E","R","E","T","M","$","?","M","M","R_BF","BOSS","M","?","?","?","?","E","R","NM","T","M","R","?","AVR","?","R","BOSS","M","?","M","?","M","R","?","M","T","M","M","E","R","M"],"items_purchased_type":["Relic","Relic","Relic"],"build_version":"2020-12-22","purchased_purges":2,"victory":false,"max_hp_per_floor":[60,60,60,60,60,60,60,60,60,60,60,60,60,60,60,60,60,60,60,60,60,60,60,60,60,60,60,60,60,60,60,60,60,60,60,60,60,60,60,60,60,60,60,60,60,60,60,60,60],"relic_stats":{"Blood Vial":18,"Centennial Puzzle":[38],"counters":[24,116],"Shuriken":[25],"Eternal Feather":70,"PreservedInsect":97,"Turnip":[3],"Kunai":[77],"Boot":[270],"obtain_stats":[{"Lantern":43,"Vajra":6,"Bag of Preparation":46,"hubris:EmptyBottle":48,"Boot":5,"Ancient Tea Set":45,"Pet Ghost":46,"Blood Vial":26,"Frozen Eye":30,"Centennial Puzzle":15,"Replay:Bandana":44,"hubris:Backtick":34,"hubris:ScarierMask":17,"HandDrill":42,"Replay:Bottled Snecko":8,"Kunai":11,"hubris:TinFlute":22,"wanderingMiniBosses:ThiefScarf":39,"ReplayTheSpireMod:CursedCoin":31,"Eternal Feather":9,"PreservedInsect":23,"Shuriken":34,"Moonworks:Homemark":0,"Bird Faced Urn":44,"infinitespire:Satchel":46,"Onion Ring":42,"Turnip":48,"hubris:TenFootPole":25,"Moonworks:BrokenBomb":0,"hubris:Reverence":45},{"Lantern":20,"Vajra":3,"Bag of Preparation":22,"hubris:EmptyBottle":23,"Boot":2,"Ancient Tea Set":21,"Pet Ghost":23,"Blood Vial":12,"Frozen Eye":14,"Centennial Puzzle":7,"Replay:Bandana":20,"hubris:Backtick":15,"hubris:ScarierMask":8,"HandDrill":19,"Replay:Bottled Snecko":4,"Kunai":5,"hubris:TinFlute":10,"wanderingMiniBosses:ThiefScarf":19,"ReplayTheSpireMod:CursedCoin":14,"Eternal Feather":4,"PreservedInsect":11,"Shuriken":15,"Moonworks:Homemark":0,"Bird Faced Urn":20,"infinitespire:Satchel":22,"Onion Ring":19,"Turnip":23,"hubris:TenFootPole":12,"Moonworks:BrokenBomb":0,"hubris:Reverence":21},{"Lantern":99,"Vajra":17,"Bag of Preparation":106,"hubris:EmptyBottle":109,"Boot":11,"Ancient Tea Set":104,"Pet Ghost":109,"Blood Vial":63,"Frozen Eye":72,"Centennial Puzzle":34,"Replay:Bandana":99,"hubris:Backtick":80,"hubris:ScarierMask":42,"HandDrill":95,"Replay:Bottled Snecko":22,"Kunai":26,"hubris:TinFlute":51,"wanderingMiniBosses:ThiefScarf":95,"ReplayTheSpireMod:CursedCoin":72,"Eternal Feather":22,"PreservedInsect":56,"Shuriken":80,"Moonworks:Homemark":0,"Bird Faced Urn":99,"infinitespire:Satchel":106,"Onion Ring":95,"Turnip":109,"hubris:TenFootPole":63,"Moonworks:BrokenBomb":0,"hubris:Reverence":104}]},"card_choices":[{"not_picked":["Moonworks:StiffCrystal","Moonworks:RagingMadness"],"picked":"Moonworks:IntelligenceOfficer","floor":1.0},{"not_picked":["Moonworks:IndiscriminateFireSupport","Moonworks:BindingChains"],"picked":"Moonworks:EvilSpyWorkPreparation","floor":3.0},{"not_picked":["Moonworks:SakisCookie","Moonworks:Dash"],"picked":"Moonworks:MetallicMonocoque","floor":6.0},{"not_picked":["Moonworks:TacticalRetreat","Moonworks:LulusLuckyEgg"],"picked":"Moonworks:Accelerator","floor":8.0},{"not_picked":["Moonworks:JonathanRush","Moonworks:UnluckyCharm"],"picked":"Moonworks:EvilSpyWorkPreparation","floor":10.0},{"not_picked":["Moonworks:Bloodlust","Moonworks:DeployBits"],"picked":"Moonworks:SakisCookie","floor":13.0},{"not_picked":["Moonworks:StiffCrystal","Moonworks:SweetBattle"],"picked":"Moonworks:EvilSpyWorkPreparation","floor":14.0},{"not_picked":["Moonworks:SinkOrSwim","Moonworks:GoAway"],"picked":"Moonworks:AnotherUltimateWeapon","floor":16},{"not_picked":["Moonworks:BeyondHell","Moonworks:ImOnFire"],"picked":"Moonworks:EvilSpyWorkPreparation","floor":18},{"not_picked":["Moonworks:BigMagnum","Moonworks:AwakeningOfTalent"],"picked":"Moonworks:CloudOfSeagulls","floor":19},{"not_picked":["Moonworks:ScrambledEve","Moonworks:ImOnFire"],"picked":"Moonworks:TreasureThief+1","floor":23},{"not_picked":["Moonworks:x16BigRocket","Moonworks:NicePresent"],"picked":"Moonworks:SweetBattle+1","floor":25},{"not_picked":["Moonworks:ScrambledEve","Moonworks:DeployBits"],"picked":"Moonworks:BigBangBell+1","floor":27},{"not_picked":["Moonworks:ExtendedPhotonRifle","Moonworks:ImOnFire","Moonworks:WindyEnchantment"],"picked":"SKIP","floor":29},{"not_picked":["Moonworks:Wanted","Moonworks:AccelHyper"],"picked":"Moonworks:WeAreWaruda","floor":33},{"not_picked":["Moonworks:LulusLuckyEgg","Moonworks:IndiscriminateFireSupport","Moonworks:Assault"],"picked":"SKIP","floor":35},{"not_picked":["Moonworks:ImOnFire+1","Moonworks:LulusLuckyEgg+1"],"picked":"Moonworks:JonathanRush+1","floor":37},{"not_picked":["Replay:Fractal Strike","infinitespire:FutureSight"],"picked":"infinitespire:SevenWalls","floor":38},{"not_picked":["Moonworks:SubspaceTunnel","Moonworks:IndiscriminateFireSupport+1","Moonworks:ScrambledEve"],"picked":"SKIP","floor":39},{"not_picked":["Moonworks:FullSpeedAlicianrone","Moonworks:BigMagnum","Moonworks:SakisCookie"],"picked":"SKIP","floor":42},{"not_picked":["Moonworks:Assault+1","Moonworks:ImOnFire"],"picked":"Moonworks:NicePresent+1","floor":44},{"not_picked":["Moonworks:WindyEnchantment+1","Moonworks:FinalSurgery+1"],"picked":"Moonworks:Poppoformation","floor":45},{"not_picked":["Moonworks:IndiscriminateFireSupport","Moonworks:SealedMemories"],"picked":"Moonworks:SakisCookie+1","floor":46}],"player_experience":246367,"relics_obtained":[{"floor":6.0,"key":"Vajra"},{"floor":8.0,"key":"Replay:Bottled Snecko"},{"floor":9.0,"key":"Eternal Feather"},{"floor":22,"key":"hubris:TinFlute"},{"floor":23,"key":"PreservedInsect"},{"floor":25,"key":"hubris:TenFootPole"},{"floor":26,"key":"Blood Vial"},{"floor":39,"key":"wanderingMiniBosses:ThiefScarf"},{"floor":39,"key":"Moonworks:BrokenBomb"},{"floor":39,"key":"Vajra"},{"floor":43,"key":"Lantern"},{"floor":46,"key":"Pet Ghost"}],"event_choices":[{"damage_healed":0.0,"max_hp_gain":0.0,"max_hp_loss":0.0,"gold_gain":0.0,"event_name":"Upgrade Shrine","player_choice":"Upgraded","floor":12.0,"gold_loss":0.0,"damage_taken":0.0,"cards_upgraded":["Moonworks:EvilSpyWorkPreparation"]},{"damage_healed":0.0,"max_hp_gain":0.0,"max_hp_loss":0.0,"gold_gain":0.0,"event_name":"WeMeetAgain","player_choice":"Gave Potion","floor":15.0,"gold_loss":0.0,"damage_taken":0.0,"relics_obtained":["Centennial Puzzle"]},{"damage_healed":0,"gold_gain":0,"player_choice":"Got Potions","damage_taken":0,"max_hp_gain":0,"max_hp_loss":0,"event_name":"Lab","floor":20,"gold_loss":0},{"cards_removed":["Clumsy"],"damage_healed":0,"gold_gain":0,"player_choice":"Upgrade and Remove","damage_taken":0,"max_hp_gain":0,"max_hp_loss":0,"event_name":"Designer","floor":21,"gold_loss":90,"cards_upgraded":["Moonworks:Defend"]}],"is_beta":false,"boss_relics":[{"not_picked":["AdjustmentMirror","Cursed Key"],"picked":"hubris:ScarierMask"},{"not_picked":["SlaversCollar","SacredBark"],"picked":"hubris:Backtick"}],"items_purged_floors":[30,31],"is_endless":true,"potions_floor_spawned":[6,10,13,18,19,23,29,37,39,44],"killed_by":"Maw","ascension_level":0}}