{"host":"szp1d6dso4pv7ddl","time":1610929104,"event":{"mods":["AchievementEnabler","Alarm Clock","BaseMod","Bestiary","Block Reminder","Colored Map","Colored Powertips","Curses Come First","Dark Map","Displayed Cursed Tome","Highlight Path","Minty Spire (QoL Compilation)","Permanent Neow","Quick Restart","Relic Sorter","Relic Stats","StSLib","Synergy Search"],"gold_per_floor":[113,113,60,73,86,118,118,84,107,119,136,2,2,22,22,127,127,145,145,155,155,173,173,184,184,235,235,245,245,245],"floor_reached":29,"language":"ENG","playtime":1049,"items_purged":[],"score":341,"play_id":"670a0e41-5519-43c0-8e1c-f12201dcd0bf","local_time":"20210117161824","is_ascension_mode":true,"campfire_choices":[{"floor":7,"key":"REST"},{"floor":15,"key":"REST"},{"floor":23,"key":"REST"},{"floor":25,"key":"REST"},{"data":"Streamline","floor":27,"key":"SMITH"}],"circlet_count":0,"master_deck":["AscendersBane","Strike_B","Strike_B","Strike_B+1","Defend_B","Defend_B","Defend_B","Defend_B","Zap","Dualcast","Conserve Battery","Gash","Conserve Battery","Ball Lightning+1","Streamline+1","Go for the Eyes","Sweeping Beam","Swift Strike","Beam Cell","Reboot","Beam Cell","Chaos+1","Go for the Eyes"],"relics":["Cracked Core","Toy Ornithopter","Whetstone","Busted Crown","GremlinMask","Blood Vial"],"acts_visited":["Exordium","TheCity"],"potions_floor_usage":[6,11,18,22,24],"damage_taken":[{"damage":9,"enemies":"Small Slimes","floor":1,"turns":4},{"damage":3,"enemies":"2 Louse","floor":4,"turns":3},{"damage":0,"enemies":"Cultist","floor":5,"turns":3},{"damage":64,"enemies":"Gremlin Nob","floor":6,"turns":6},{"damage":4,"enemies":"Blue Slaver","floor":10,"turns":3},{"damage":8,"enemies":"Gremlin Gang","floor":11,"turns":5},{"damage":5,"enemies":"Lots of Slimes","floor":14,"turns":3},{"damage":27,"enemies":"Slime Boss","floor":16,"turns":9},{"damage":24,"enemies":"Shell Parasite","floor":18,"turns":5},{"damage":15,"enemies":"Spheric Guardian","floor":20,"turns":4},{"damage":32,"enemies":"Snecko","floor":22,"turns":6},{"damage":16,"enemies":"Snake Plant","floor":24,"turns":4},{"damage":12,"enemies":"Centurion and Healer","floor":28,"turns":7},{"damage":50,"enemies":"Snecko","floor":29,"turns":4}],"seed_played":"-6242320670104467604","potions_obtained":[{"floor":4,"key":"LiquidBronze"},{"floor":10,"key":"EssenceOfSteel"},{"floor":11,"key":"GamblersBrew"},{"floor":14,"key":"Swift Potion"},{"floor":18,"key":"SkillPotion"},{"floor":20,"key":"DuplicationPotion"},{"floor":24,"key":"FocusPotion"},{"floor":28,"key":"LiquidBronze"}],"is_trial":false,"path_per_floor":["M","?","$","M","M","E","R","?","T","M","M","$","?","M","R","B",null,"M","?","M","?","M","R","M","R","T","R","M","M"],"character_chosen":"DEFECT","items_purchased":["Gash","Sweeping Beam","Swift Strike"],"campfire_rested":4,"item_purchase_floors":[3,12,12],"current_hp_per_floor":[66,71,71,68,68,4,30,30,30,26,23,23,23,18,44,17,70,51,51,36,36,9,35,24,50,50,50,40,0,0],"gold":245,"neow_bonus":"TEN_PERCENT_HP_BONUS","is_daily":false,"chose_seed":false,"campfire_upgraded":1,"win_rate":0.0,"timestamp":1610929104,"path_taken":["M","?","$","M","M","E","R","?","T","M","M","$","?","M","R","BOSS","M","?","?","?","M","R","M","R","T","R","M","?"],"items_purchased_type":["Card","Card","Card"],"build_version":"2020-12-22","purchased_purges":0,"victory":false,"max_hp_per_floor":[82,87,87,87,87,87,87,87,87,87,87,87,87,87,87,87,87,87,87,87,87,87,87,87,87,87,87,87,87,87],"relic_stats":{"Blood Vial":4,"Busted Crown":10,"counters":[14,66],"Whetstone":["Strike_B","Ball Lightning"],"obtain_stats":[{"Blood Vial":26,"Busted Crown":17,"GremlinMask":19,"Whetstone":9,"Cracked Core":0,"Toy Ornithopter":6},{"Blood Vial":12,"Busted Crown":8,"GremlinMask":9,"Whetstone":4,"Cracked Core":0,"Toy Ornithopter":4},{"Blood Vial":55,"Busted Crown":36,"GremlinMask":41,"Whetstone":16,"Cracked Core":0,"Toy Ornithopter":16}],"Toy Ornithopter":20},"card_choices":[{"not_picked":["Steam","Storm"],"picked":"Conserve Battery","floor":1},{"not_picked":["Consume","Blizzard","Barrage"],"picked":"SKIP","floor":4},{"not_picked":["Consume","Coolheaded"],"picked":"Conserve Battery","floor":5},{"not_picked":["Double Energy","Rebound"],"picked":"Ball Lightning","floor":6},{"not_picked":["Blizzard","Stack"],"picked":"Streamline","floor":10},{"not_picked":["Rebound","Thunder Strike"],"picked":"Go for the Eyes","floor":11},{"not_picked":["Stack","Lockon"],"picked":"Beam Cell","floor":14},{"not_picked":["Biased Cognition","Meteor Strike"],"picked":"Reboot","floor":16},{"not_picked":[],"picked":"Beam Cell","floor":18},{"not_picked":[],"picked":"Chaos+1","floor":20},{"not_picked":[],"picked":"Go for the Eyes","floor":22},{"not_picked":["White Noise"],"picked":"SKIP","floor":24},{"not_picked":["Conserve Battery"],"picked":"SKIP","floor":28}],"player_experience":1209265,"relics_obtained":[{"floor":6,"key":"Toy Ornithopter"},{"floor":9,"key":"Whetstone"},{"floor":26,"key":"Blood Vial"}],"event_choices":[{"damage_healed":0,"gold_gain":0,"player_choice":"Donut","damage_taken":0,"max_hp_gain":5,"max_hp_loss":0,"event_name":"Big Fish","floor":2,"gold_loss":0},{"damage_healed":0,"gold_gain":0,"player_choice":"Left Gold","damage_taken":0,"max_hp_gain":0,"max_hp_loss":0,"event_name":"World of Goop","floor":8,"gold_loss":34},{"damage_healed":0,"gold_gain":0,"player_choice":"Ignored","damage_taken":0,"max_hp_gain":0,"max_hp_loss":0,"event_name":"Shining Light","floor":13,"gold_loss":0},{"damage_healed":0,"gold_gain":0,"player_choice":"Trade","damage_taken":0,"relics_obtained":["GremlinMask"],"max_hp_gain":0,"max_hp_loss":0,"event_name":"FaceTrader","floor":19,"gold_loss":0},{"cards_removed":["Strike_B"],"damage_healed":0,"gold_gain":0,"player_choice":"Purged","damage_taken":0,"max_hp_gain":0,"max_hp_loss":0,"event_name":"Purifier","floor":21,"gold_loss":0}],"is_beta":false,"boss_relics":[{"not_picked":["Ectoplasm","SacredBark"],"picked":"Busted Crown"}],"items_purged_floors":[],"is_endless":false,"potions_floor_spawned":[4,10,11,14,18,20,24,28],"killed_by":"Snecko","ascension_level":10}}