{"host":"7l2t4psy44vpcd9q","time":1610949371,"event":{"mods":["AchievementEnabler","BaseMod","DeckTracker","Minty Spire (QoL Compilation)","SuperFastMode"],"gold_per_floor":[118,65,65,77,24,24,52,62,62,139,139,166,166,176,176,249,249,265,284,284,284],"floor_reached":20,"language":"KOR","playtime":554,"items_purged":[],"score":414,"play_id":"f72f35d1-00ea-457e-ac86-e8e138e7990e","local_time":"20210118145611","is_ascension_mode":true,"campfire_choices":[{"data":"Self Repair","floor":6,"key":"SMITH"},{"data":"Zap","floor":11,"key":"SMITH"},{"data":"Reboot","floor":13,"key":"SMITH"},{"data":"Streamline","floor":15,"key":"SMITH"}],"circlet_count":0,"master_deck":["AscendersBane","Strike_B","Strike_B","Strike_B","Strike_B","Defend_B","Defend_B","Defend_B","Defend_B","Zap+1","Dualcast","Self Repair+1","Pain","Streamline+1","Go for the Eyes","Rebound","Reboot+1","Gash","Machine Learning","Turbo","Glacier"],"relics":["Cracked Core","NeowsBlessing","WarpedTongs","Kunai","PreservedInsect","Symbiotic Virus","Du-Vu Doll","SlaversCollar"],"acts_visited":["Exordium","TheCity"],"potions_floor_usage":[16,16,19],"damage_taken":[{"damage":0,"enemies":"Jaw Worm","floor":1,"turns":1},{"damage":0,"enemies":"Small Slimes","floor":4,"turns":1},{"damage":2,"enemies":"Gremlin Nob","floor":7,"turns":1},{"damage":7,"enemies":"Cultist","floor":8,"turns":4},{"damage":22,"enemies":"Lagavulin","floor":12,"turns":4},{"damage":21,"enemies":"Exordium Thugs","floor":14,"turns":4},{"damage":33,"enemies":"Slime Boss","floor":16,"turns":6},{"damage":34,"enemies":"3 Byrds","floor":18,"turns":4},{"damage":13,"enemies":"Shell Parasite","floor":19,"turns":3},{"damage":16,"enemies":"3 Cultists","floor":20,"turns":3}],"seed_played":"4786395370658826410","potions_obtained":[{"floor":4,"key":"Ancient Potion"},{"floor":7,"key":"Swift Potion"},{"floor":16,"key":"SneckoOil"}],"is_trial":false,"path_per_floor":["M","?","?","M","$","R","E","M","T","T","R","E","R","M","R","B",null,"M","M","M"],"character_chosen":"DEFECT","items_purchased":["Fire Potion"],"campfire_rested":0,"item_purchase_floors":[5],"current_hp_per_floor":[64,64,64,64,64,64,62,65,65,65,65,53,53,42,42,9,56,22,9,0,0],"gold":284,"neow_bonus":"THREE_ENEMY_KILL","is_daily":false,"chose_seed":false,"campfire_upgraded":4,"win_rate":0.0,"timestamp":1610949371,"path_taken":["M","?","?","?","?","R","E","M","T","?","R","E","R","M","R","BOSS","M","M","M"],"items_purchased_type":["Potion"],"build_version":"2020-12-22","purchased_purges":0,"victory":false,"max_hp_per_floor":[71,71,71,71,71,71,71,71,71,71,71,71,71,71,71,71,71,71,71,71,71],"card_choices":[{"not_picked":["Hologram","Conserve Battery"],"picked":"Self Repair","floor":1},{"not_picked":["Hello World","Blizzard"],"picked":"Streamline","floor":4},{"not_picked":["Steam","Conserve Battery"],"picked":"Go for the Eyes","floor":7},{"not_picked":["Sunder","Force Field"],"picked":"Rebound","floor":8},{"not_picked":["Compile Driver","Conserve Battery"],"picked":"Reboot","floor":12},{"not_picked":["Barrage","Melter"],"picked":"Gash","floor":14},{"not_picked":["Fission","Buffer"],"picked":"Machine Learning","floor":16},{"not_picked":["Leap","Ball Lightning"],"picked":"Turbo","floor":18},{"not_picked":["Barrage","Stack"],"picked":"Glacier","floor":19}],"player_experience":1258565,"relics_obtained":[{"floor":7,"key":"Kunai"},{"floor":9,"key":"PreservedInsect"},{"floor":10,"key":"Symbiotic Virus"},{"floor":12,"key":"Du-Vu Doll"}],"event_choices":[{"damage_healed":0,"gold_gain":0,"player_choice":"Left Gold","damage_taken":0,"max_hp_gain":0,"max_hp_loss":0,"event_name":"World of Goop","floor":2,"gold_loss":53},{"damage_healed":0,"gold_gain":0,"player_choice":"Rummage","damage_taken":0,"relics_obtained":["WarpedTongs"],"max_hp_gain":0,"max_hp_loss":0,"event_name":"Accursed Blacksmith","floor":3,"gold_loss":0,"cards_obtained":["Pain"]}],"is_beta":false,"boss_relics":[{"not_picked":["Velvet Choker","Philosopher\u0027s Stone"],"picked":"SlaversCollar"}],"items_purged_floors":[],"is_endless":false,"potions_floor_spawned":[4,7,16],"killed_by":"3 Cultists","ascension_level":20}}