{"host":"7z347kdhnquy3q4q","time":1610982862,"event":{"mods":["Act Like it!","Aspiration","BaseMod","Hubris","Minty Spire (QoL Compilation)","MostiFishMod","Permanent Neow","Potionbrewer","Replay The Spire","Robot Space Explorer","Spicy Shops","StSLib","Wandering Minibosses"],"gold_per_floor":[113,113,263,15,28,28,56,56,80,106,106,106,106,106,106,183,183,194,208,208,108,119,145,145,177,177,177,196,227,70,102,102,177,177,195,120,23,33,0,34,34,49,49,62,62,62,136,11,11,11,11],"floor_reached":52,"language":"ENG","playtime":1008,"items_purged":["Doubt","Strike_R","Strike_R"],"score":2670,"play_id":"3f8d93c0-1cfb-4748-bac6-650152dc23bd","local_time":"20210118091422","is_ascension_mode":true,"campfire_choices":[{"data":"Defend_R","floor":6,"key":"SMITH"},{"data":"hubris:DuctTapeCard","floor":8,"key":"SMITH"},{"data":"Whirlwind","floor":13,"key":"SMITH"},{"data":"Defend_R","floor":15,"key":"SMITH"},{"data":"MostiFishMod:404NotFound","floor":24,"key":"SMITH"},{"data":"Burning Pact","floor":27,"key":"SMITH"},{"data":"Shrug It Off","floor":32,"key":"SMITH"},{"floor":41,"key":"RECALL"},{"floor":49,"key":"REST"}],"circlet_count":0,"master_deck":["AscendersBane","Strike_R","Strike_R","Defend_R+1","Defend_R+1","Defend_R+1","MostiFishMod:404NotFound+1","MostiFishMod:404NotFound+1","hubris:DuctTapeCard+2","Whirlwind+1","MostiFishMod:404NotFound+1","Shrug It Off+1","Burning Pact+1","Fiend Fire+1","Intimidate+1","Survey Options+1","Warcry+1","Shrug It Off+1"],"relics":["Burning Blood","DaveBox","HollowDreamFlower","SynthV:TestCard","DollysMirror","hubris:DuctTape","Boot","Regal Pillow","Replay:Bottled Steam","hubris:Towel","hubris:Stopwatch","aspiration:RitualStick","hubris:ToyBattleship","Unceasing Top","Replay:Wax Seal","Golden Egg","Medical Kit","Nunchaku","ChiXiaoBlade","Red Mask","ReplayFunnel","Potion Belt","hubris:Icosahedron","War Paint"],"acts_visited":["Exordium","TheCity","TheBeyond"],"potions_floor_usage":[31],"damage_taken":[{"damage":0,"enemies":"Small Slimes","floor":1,"turns":1},{"damage":2,"enemies":"2 Louse","floor":5,"turns":2},{"damage":0,"enemies":"Gremlin Nob","floor":7,"turns":1},{"damage":0,"enemies":"3 Sentries","floor":10,"turns":1},{"damage":0,"enemies":"Hexaghost","floor":16,"turns":1},{"damage":0,"enemies":"Spheric Guardian","floor":18,"turns":1},{"damage":0,"enemies":"Shell Parasite","floor":19,"turns":1},{"damage":0,"enemies":"Shelled Parasite and Fungi","floor":22,"turns":1},{"damage":0,"enemies":"Slavers","floor":23,"turns":1},{"damage":0,"enemies":"Gremlin Leader","floor":25,"turns":1},{"damage":0,"enemies":"Snecko","floor":28,"turns":1},{"damage":0,"enemies":"Replay:Snechameleon","floor":29,"turns":1},{"damage":0,"enemies":"Gremlin Leader","floor":31,"turns":1},{"damage":0,"enemies":"hubris:MusketHawk","floor":33,"turns":1},{"damage":0,"enemies":"3 Darklings","floor":35,"turns":1},{"damage":0,"enemies":"Orb Walker","floor":38,"turns":1},{"damage":0,"enemies":"Nemesis","floor":40,"turns":1},{"damage":0,"enemies":"Maw","floor":42,"turns":1},{"damage":0,"enemies":"Spire Growth","floor":44,"turns":2},{"damage":0,"enemies":"hubris:GrandSnecko","floor":50,"turns":1},{"damage":0,"enemies":"Awakened One","floor":51,"turns":2}],"seed_played":"-7342931377856064375","potions_obtained":[{"floor":5,"key":"Block Potion"},{"floor":7,"key":"ColorlessPotion"},{"floor":25,"key":"Swift Potion"},{"floor":40,"key":"SteroidPotion"},{"floor":44,"key":"Cursed Concoction"},{"floor":47,"key":"EssenceOfSteel"},{"floor":47,"key":"Toxic Potion"}],"is_trial":false,"path_per_floor":["M","?","?","$","M","R","E","R","T","E","?","T","R","?","R","B",null,"M","M","?","$","M","E","R","E","T","R","M","E","$","E","R","B",null,"M","?","$","M","?","E","R","M","T","M","?","?","?","$","R","B","B",null],"character_chosen":"IRONCLAD","items_purchased":["DollysMirror","Medical Kit","Survey Options"],"campfire_rested":1,"item_purchase_floors":[4,30,37],"current_hp_per_floor":[75,75,75,75,75,75,75,75,75,75,75,75,75,75,75,75,75,75,75,56,56,66,75,75,75,75,75,75,75,75,75,75,75,75,75,75,75,75,75,75,75,75,75,75,71,71,48,48,71,71,71],"gold":11,"neow_bonus":"ONE_RANDOM_RARE_CARD","is_daily":false,"chose_seed":false,"campfire_upgraded":7,"win_rate":0.0,"timestamp":1610982862,"path_taken":["M","?","?","$","M","R","E","R","T","E","?","?","R","?","R","BOSS","M","M","?","$","M","E","R","E","T","R","M","E","$","E","R","BOSS","M","?","$","?","?","E","R","M","T","M","?","?","?","$","R","BOSS","BOSS"],"items_purchased_type":["Relic","Relic","Card"],"build_version":"2020-12-22","purchased_purges":3,"victory":true,"max_hp_per_floor":[75,75,75,75,75,75,75,75,75,75,75,75,75,75,75,75,75,75,75,75,75,75,75,75,75,75,75,75,75,75,75,75,75,75,75,75,75,75,75,75,75,75,75,75,71,71,71,71,71,71,71],"card_choices":[{"not_picked":["Sword Boomerang","Replay:Undeath\u0027s Touch","Fire Breathing"],"picked":"SKIP","floor":1},{"not_picked":["hubris:ReadiedAction","Headbutt","Shrug It Off","Pommel Strike","Fire Breathing"],"picked":"SKIP","floor":5},{"not_picked":["Seeing Red","Clothesline","Iron Wave","Wild Strike"],"picked":"Warcry","floor":7},{"not_picked":["Hemogenesis","Massacre","Abandon","Cleave"],"picked":"Whirlwind","floor":10},{"not_picked":["Hemogenesis","MostiFishMod:CullingBlade","Limit Break","Eclipse"],"picked":"MostiFishMod:404NotFound","floor":16},{"not_picked":["Inflame","Havoc","Evolve","Sword Boomerang"],"picked":"Shrug It Off","floor":18},{"not_picked":["Havoc","Replay:Undeath\u0027s Touch","Cleave","hubris:SharpeningStone+1","Dual Wield"],"picked":"SKIP","floor":19},{"not_picked":["Rampage","Reckless Charge+1","ReplayTheSpireMod:Strike From Hell","Thunderclap"],"picked":"Burning Pact","floor":22},{"not_picked":["Rage","Flex","Wild Strike","Warcry","Body Slam"],"picked":"SKIP","floor":23},{"not_picked":["Twin Strike","Perfected Strike","Pommel Strike","Run Through","Rampage"],"picked":"SKIP","floor":25},{"not_picked":["MostiFishMod:BrandingRite","Limit Break","Sentinel","Bloodletting+1","Hemokinesis"],"picked":"SKIP","floor":28},{"not_picked":["Clash","Reckless Charge","Shrug It Off","Heavy Blade"],"picked":"Fiend Fire","floor":29},{"not_picked":["Thunderclap","Anger","Twin Strike","Wild Strike"],"picked":"Intimidate+1","floor":31},{"not_picked":["Armaments","ReplayTheSpireMod:Stacked","Uppercut","Body Slam","Iron Wave"],"picked":"SKIP","floor":35},{"not_picked":["Power Through","Pommel Strike","Replay:Undeath\u0027s Touch","Feel No Pain","Evolve+1"],"picked":"SKIP","floor":38},{"not_picked":["ReplayTheSpireMod:Muscle Training","ReplayTheSpireMod:Stacked","MostiFishMod:RacingGame","Burning Pact","Metallicize"],"picked":"SKIP","floor":40},{"not_picked":["Uppercut","Iron Wave","hubris:ReadiedAction","Flex"],"picked":"Warcry+1","floor":42},{"not_picked":["Clash+1","Armaments","Combust","Pommel Strike"],"picked":"Shrug It Off+1","floor":44}],"player_experience":1935872,"relics_obtained":[{"floor":1,"key":"SynthV:TestCard"},{"floor":7,"key":"hubris:DuctTape"},{"floor":9,"key":"Boot"},{"floor":10,"key":"Regal Pillow"},{"floor":12,"key":"Replay:Bottled Steam"},{"floor":23,"key":"hubris:ToyBattleship"},{"floor":25,"key":"Unceasing Top"},{"floor":26,"key":"Replay:Wax Seal"},{"floor":29,"key":"Golden Egg"},{"floor":31,"key":"Nunchaku"},{"floor":40,"key":"ReplayFunnel"},{"floor":43,"key":"Potion Belt"},{"floor":47,"key":"War Paint"}],"event_choices":[{"damage_healed":0,"gold_gain":0,"player_choice":"Grow","damage_taken":0,"max_hp_gain":0,"max_hp_loss":0,"event_name":"Living Wall","floor":2,"gold_loss":0,"cards_upgraded":["MostiFishMod:404NotFound"]},{"damage_healed":0,"gold_gain":150,"player_choice":"AGREE","damage_taken":0,"max_hp_gain":0,"max_hp_loss":0,"event_name":"Liars Game","floor":3,"gold_loss":0,"cards_obtained":["Doubt"]},{"cards_removed":["Strike_R"],"damage_healed":0,"gold_gain":0,"player_choice":"Single Remove","damage_taken":0,"max_hp_gain":0,"max_hp_loss":0,"event_name":"Designer","floor":36,"gold_loss":75},{"damage_healed":0,"gold_gain":0,"player_choice":"Paid","damage_taken":0,"relics_obtained":["Red Mask"],"max_hp_gain":0,"max_hp_loss":0,"event_name":"Tomb of Lord Red Mask","floor":39,"gold_loss":33},{"damage_healed":0,"gold_gain":0,"player_choice":"Max HP","damage_taken":0,"max_hp_gain":0,"max_hp_loss":4,"event_name":"Winding Halls","floor":45,"gold_loss":0}],"is_beta":false,"boss_relics":[{"not_picked":["TakeMeEscape","OneHitWonderSystem"],"picked":"hubris:Stopwatch"},{"not_picked":["SynthV:MejaisSoulstealer","FrostBlade"],"picked":"ChiXiaoBlade"}],"items_purged_floors":[4,21,48],"is_endless":false,"potions_floor_spawned":[5,7,16,23,25,28,40,44],"ascension_level":20}}