{"host":"0mk07bycsqo1qk03","time":1610969286,"event":{"mods":["BaseMod","Downfall","Hermit","Hubris","Minty Spire (QoL Compilation)","StSLib","The Cursed"],"gold_per_floor":[113,26,26,42,42,86,86,115,141,159,174,249,264,299,299,390,390,415,415,415,179,195,195,218,218,218,218,218],"floor_reached":27,"language":"ENG","playtime":745,"items_purged":["Writhe"],"score":492,"play_id":"fdb384d9-4ed7-40c7-a5f4-809e7cc8e662","local_time":"20210118122806","is_ascension_mode":true,"campfire_choices":[{"data":"Rupture","floor":7,"key":"SMITH"},{"floor":15,"key":"REST"},{"floor":23,"key":"REST"},{"floor":25,"key":"REST"}],"circlet_count":0,"master_deck":["AscendersBane","Strike_R","Strike_R","Strike_R","Strike_R","Strike_R","Defend_R","Defend_R","Defend_R","Defend_R","Bash","Combust","Rupture+1","Intimidate","hubris:CleavingFinish","Shrug It Off","Rupture","Rupture","Berserk","Disarm","Metallicize+1"],"relics":["Burning Blood","NeowsBlessing","hubris:Towel","Golden Idol","hubris:Spice","Odd Mushroom","Bag of Marbles","Centennial Puzzle"],"acts_visited":["Exordium","TheCity"],"potions_floor_usage":[16,22,27],"damage_taken":[{"damage":0.0,"enemies":"2 Louse","floor":1.0,"turns":2.0},{"damage":0.0,"enemies":"Small Slimes","floor":4.0,"turns":1.0},{"damage":0.0,"enemies":"Gremlin Nob","floor":6.0,"turns":1.0},{"damage":16,"enemies":"The Mushroom Lair","floor":8,"turns":4},{"damage":18,"enemies":"Jaw Worm","floor":10,"turns":4},{"damage":1,"enemies":"3 Louse","floor":11,"turns":2},{"damage":3,"enemies":"Large Slime","floor":13,"turns":6},{"damage":12,"enemies":"Lagavulin","floor":14,"turns":7},{"damage":44,"enemies":"The Guardian","floor":16,"turns":11},{"damage":43,"enemies":"2 Thieves","floor":18,"turns":5},{"damage":32,"enemies":"Shell Parasite","floor":22,"turns":10},{"damage":34,"enemies":"Snecko","floor":24,"turns":6},{"damage":45,"enemies":"Centurion and Healer","floor":27,"turns":5}],"seed_played":"2367755655738768741","potions_obtained":[{"floor":1.0,"key":"sneckomod:MuddlingPotion"},{"floor":13,"key":"Swift Potion"},{"floor":14,"key":"LiquidBronze"},{"floor":24,"key":"PowerPotion"}],"is_trial":false,"path_per_floor":["M","$","?","M","?","E","R","?","T","M","M","?","M","E","R","B",null,"M","?","?","$","M","R","M","R","T","M"],"character_chosen":"IRONCLAD","items_purchased":["Rupture","CultistPotion","BloodPotion"],"campfire_rested":3,"item_purchase_floors":[2,21,21],"current_hp_per_floor":[74,74,74,75,49,63,63,53,61,49,54,43,46,40,67,29,70,33,33,33,33,20,40,12,32,32,0,0],"gold":218,"neow_bonus":"THREE_ENEMY_KILL","is_daily":false,"chose_seed":false,"campfire_upgraded":1,"win_rate":0.0,"timestamp":1610969286,"path_taken":["M","$","?","M","?","E","R","?","T","?","M","?","M","E","R","BOSS","M","?","?","$","M","R","M","R","T","M"],"items_purchased_type":["Card","Potion","Potion"],"build_version":"2020-12-22","purchased_purges":1,"victory":false,"max_hp_per_floor":[75,75,75,75,75,83,83,83,91,91,91,91,91,91,91,91,83,75,67,67,67,67,67,67,67,67,67,67],"card_choices":[{"not_picked":["Fire Breathing","Blood for Blood"],"picked":"Combust","floor":1.0},{"not_picked":["Cleave","Clothesline"],"picked":"Intimidate","floor":4.0},{"not_picked":["True Grit","Combust"],"picked":"hubris:CleavingFinish","floor":6},{"not_picked":["Perfected Strike","Headbutt","Body Slam"],"picked":"SKIP","floor":10},{"not_picked":["Bloodletting","Sword Boomerang"],"picked":"Shrug It Off","floor":11},{"not_picked":["Twin Strike","Perfected Strike"],"picked":"Rupture","floor":13},{"not_picked":["Sever Soul","Cleave"],"picked":"Rupture","floor":14},{"not_picked":["Double Tap","Offering"],"picked":"Berserk","floor":16},{"not_picked":["Warcry","Wild Strike"],"picked":"hubris:SpiceAddiction","floor":18},{"not_picked":["Cleave","Perfected Strike"],"picked":"Disarm","floor":22},{"not_picked":["Infernal Blade","True Grit"],"picked":"Metallicize+1","floor":24}],"player_experience":913076,"relics_obtained":[{"floor":6,"key":"hubris:Spice"},{"floor":8,"key":"Odd Mushroom"},{"floor":9,"key":"hubris:Spice"},{"floor":14,"key":"Bag of Marbles"},{"floor":26,"key":"Centennial Puzzle"}],"event_choices":[{"damage_healed":0.0,"max_hp_gain":0.0,"max_hp_loss":0.0,"gold_gain":0.0,"event_name":"Golden Idol","player_choice":"Take Damage","floor":5.0,"gold_loss":0.0,"damage_taken":26.0,"relics_obtained":["Golden Idol"]},{"damage_healed":0,"gold_gain":0,"player_choice":"Fought Mushrooms","damage_taken":0,"max_hp_gain":0,"max_hp_loss":0,"event_name":"Mushrooms","floor":8,"gold_loss":0},{"damage_healed":0,"gold_gain":75,"player_choice":"Gather Gold","damage_taken":11,"max_hp_gain":0,"max_hp_loss":0,"event_name":"World of Goop","floor":12,"gold_loss":0},{"damage_healed":0,"gold_gain":0,"player_choice":"Opened","damage_taken":0,"relics_obtained":["hubris:Spice"],"max_hp_gain":0,"max_hp_loss":0,"event_name":"The Mausoleum","floor":19,"gold_loss":0,"cards_obtained":["Writhe"]},{"damage_healed":0,"gold_gain":0,"player_choice":"Ignored","damage_taken":0,"max_hp_gain":0,"max_hp_loss":0,"event_name":"Cursed Tome","floor":20,"gold_loss":0}],"is_beta":false,"boss_relics":[{"not_picked":["hubris:Spice","Astrolabe"],"picked":"hubris:Spice"}],"items_purged_floors":[21],"is_endless":false,"potions_floor_spawned":[1,13,14,24],"killed_by":"Centurion and Healer","ascension_level":20}}