{"host":"dcj2yvrgcvh5dl2s","time":1610970172,"event":{"mods":["BaseMod","Better Note","Block Reminder","Colored Powertips","DeckTracker","Minty Spire (QoL Compilation)","Quick Restart","Rare Cards Sparkle","Relic Stats","StSLib"],"gold_per_floor":[117,66,66,16,35,63,238,268,280,292,292],"floor_reached":10,"language":"ENG","playtime":315,"items_purged":[],"score":129,"play_id":"47eb7f53-2f5c-4c1a-96b3-099aaf000218","local_time":"20210118214252","is_ascension_mode":true,"campfire_choices":[],"circlet_count":0,"master_deck":["Strike_G","Strike_G","Strike_G","Strike_G","Strike_G","Defend_G","Defend_G","Defend_G","Defend_G","Defend_G","Survivor","Neutralize","Flying Knee","Dagger Spray","Deflect","Blade Dance","Distraction","Doubt","Caltrops"],"relics":["Ring of the Snake","NeowsBlessing","Bird Faced Urn","The Courier","MawBank","CaptainsWheel"],"acts_visited":["Exordium"],"potions_floor_usage":[8],"damage_taken":[{"damage":0,"enemies":"Small Slimes","floor":1,"turns":1},{"damage":0,"enemies":"2 Louse","floor":5,"turns":1},{"damage":0,"enemies":"3 Sentries","floor":6,"turns":1},{"damage":49,"enemies":"Lagavulin","floor":8,"turns":12},{"damage":16,"enemies":"3 Sentries","floor":10,"turns":6}],"seed_played":"5999139807257883045","potions_obtained":[{"floor":1,"key":"Energy Potion"},{"floor":5,"key":"PowerPotion"}],"is_trial":false,"path_per_floor":["M","$","?","$","M","E","?","E","T","E"],"character_chosen":"THE_SILENT","items_purchased":["Dagger Spray","Deflect"],"campfire_rested":0,"item_purchase_floors":[2,4],"current_hp_per_floor":[63,63,60,60,60,60,60,13,13,0,0],"gold":292,"neow_bonus":"THREE_ENEMY_KILL","is_daily":false,"chose_seed":false,"campfire_upgraded":0,"win_rate":0.0,"timestamp":1610970172,"path_taken":["M","$","?","$","M","E","?","E","T","E"],"items_purchased_type":["Card","Card"],"build_version":"2020-12-22","purchased_purges":0,"victory":false,"max_hp_per_floor":[70,70,70,70,70,70,70,70,70,70,70],"relic_stats":{"counters":[5,21],"Bird Faced Urn":[4],"MawBank":24,"obtain_stats":[{"CaptainsWheel":9,"NeowsBlessing":0,"Bird Faced Urn":3,"The Courier":6,"MawBank":8,"Ring of the Snake":0},{"CaptainsWheel":4,"NeowsBlessing":0,"Bird Faced Urn":1,"The Courier":3,"MawBank":4,"Ring of the Snake":0},{"CaptainsWheel":15,"NeowsBlessing":0,"Bird Faced Urn":1,"The Courier":3,"MawBank":15,"Ring of the Snake":0}],"Ring of the Snake":[10]},"card_choices":[{"not_picked":["Endless Agony","Dagger Throw"],"picked":"Flying Knee","floor":1},{"not_picked":["Bane","Quick Slash"],"picked":"Blade Dance","floor":5},{"not_picked":["Dagger Throw","Prepared"],"picked":"Distraction","floor":6},{"not_picked":["Tactician","Acrobatics"],"picked":"Caltrops","floor":8}],"player_experience":2240899,"relics_obtained":[{"floor":6,"key":"The Courier"},{"floor":8,"key":"MawBank"},{"floor":9,"key":"CaptainsWheel"}],"event_choices":[{"damage_healed":0,"gold_gain":0,"player_choice":"Success","damage_taken":3,"relics_obtained":["Bird Faced Urn"],"max_hp_gain":0,"max_hp_loss":0,"event_name":"Scrap Ooze","floor":3,"gold_loss":0},{"damage_healed":0,"gold_gain":175,"player_choice":"AGREE","damage_taken":0,"max_hp_gain":0,"max_hp_loss":0,"event_name":"Liars Game","floor":7,"gold_loss":0,"cards_obtained":["Doubt"]}],"is_beta":false,"boss_relics":[],"items_purged_floors":[],"is_endless":false,"potions_floor_spawned":[1,5],"killed_by":"3 Sentries","ascension_level":6}}