{"host":"3j2m8n0ywf988fwb","time":1610946083,"event":{"mods":["2.2 Compatiblity","AchievementEnabler","Aspiration","BaseMod","Bestiary","Better Altar","Better Match","Better Note","Better Sensory Stone","Better Skull","Better Third Choice","CCEM","Colored Map","Colored Powertips","Dark Map","Googly Eyes","Halation","HexUI Lib","Highlight Path","Hubris","Infinite Spire","Jedi Mod","Marked Mod","Mimic Mod","Minty Spire (QoL Compilation)","Random Character Button","Relic Stats","Replay The Spire","Shop Mod","StS++","StSLib","Unceasing Turn Reminder","everything is the same but u backflip on backflip"],"gold_per_floor":[112,112,112,112,138,138,164,164,164,194,215,215,215,232,232,241,241],"floor_reached":16,"language":"ENG","playtime":529,"items_purged":[],"score":127,"play_id":"e0c86d23-7378-4241-80be-a2ec05554836","local_time":"20210117230123","is_ascension_mode":true,"campfire_choices":[{"data":"Zap","floor":6,"key":"SMITH"},{"floor":8,"key":"REST"},{"data":"Dualcast","floor":12,"key":"SMITH"},{"data":"Fusion","floor":15,"key":"SMITH"}],"circlet_count":0,"master_deck":["Strike_B","Strike_B","Strike_B","Strike_B","Defend_B+1","Defend_B","Defend_B","Defend_B","Zap+1","Dualcast+1","Injury","Shame","Leap","Injury","FIFO Queue+1","aspiration:Polymerization","Fusion+1"],"relics":["Cracked Core","halation:PinkAlligatorPlush","halation:EternalFortune","Frozen Egg 2","Strawberry","Garlic","halation:IllGainedPizza"],"acts_visited":["Exordium"],"potions_floor_usage":[16,16],"damage_taken":[{"damage":11,"enemies":"Jaw Worm","floor":1,"turns":2},{"damage":58,"enemies":"Replay:BlueRogue","floor":7,"turns":6},{"damage":41,"enemies":"3 Sentries","floor":10,"turns":5},{"damage":9,"enemies":"2 Louse","floor":11,"turns":3},{"damage":3,"enemies":"Cultist","floor":14,"turns":4},{"damage":108,"enemies":"Fading Forest","floor":16,"turns":10}],"seed_played":"-6234146100711549372","potions_obtained":[{"floor":7,"key":"Energy Potion"},{"floor":11,"key":"Swift Potion"},{"floor":14,"key":"FearPotion"}],"is_trial":false,"path_per_floor":["M","?","?","?","T","R","E","R","T","E","M","R","?","M","R","B"],"character_chosen":"DEFECT","items_purchased":[],"campfire_rested":1,"item_purchase_floors":[],"current_hp_per_floor":[64,67,67,67,67,67,16,41,41,88,79,79,79,76,76,0,0],"gold":241,"neow_bonus":"CURSED_BOSS_RELIC","is_daily":false,"chose_seed":false,"campfire_upgraded":3,"win_rate":0.0,"timestamp":1610946083,"path_taken":["M","?","?","?","?","R","E","R","T","E","?","R","?","M","R","BOSS"],"items_purchased_type":[],"build_version":"2020-12-22","purchased_purges":0,"victory":false,"max_hp_per_floor":[75,78,78,78,78,78,85,85,85,88,88,88,88,88,88,88,88],"relic_stats":{"counters":[6,30],"obtain_stats":[{"Strawberry":7,"halation:EternalFortune":2,"halation:IllGainedPizza":10,"halation:PinkAlligatorPlush":0,"Garlic":9,"Frozen Egg 2":3,"Cracked Core":0},{"Strawberry":2,"halation:EternalFortune":1,"halation:IllGainedPizza":3,"halation:PinkAlligatorPlush":0,"Garlic":2,"Frozen Egg 2":1,"Cracked Core":0},{"Strawberry":8,"halation:EternalFortune":2,"halation:IllGainedPizza":13,"halation:PinkAlligatorPlush":0,"Garlic":8,"Frozen Egg 2":2,"Cracked Core":0}]},"card_choices":[{"not_picked":["Steam","ReplaySolidLightProjector"],"picked":"Leap","floor":1},{"not_picked":["Conserve Battery","jedi:BurstLightning"],"picked":"FIFO Queue+1","floor":7},{"not_picked":["jedi:BurstLightning","Seek"],"picked":"aspiration:Polymerization","floor":10},{"not_picked":["Sweeping Beam","Streamline","ReplayTheSpireMod:Reroute Power"],"picked":"SKIP","floor":11},{"not_picked":["Conserve Battery","Beam Cell"],"picked":"Fusion","floor":14}],"player_experience":753231,"relics_obtained":[{"floor":7,"key":"Strawberry"},{"floor":9,"key":"Garlic"},{"floor":10,"key":"halation:EternalFortune"},{"floor":10,"key":"halation:IllGainedPizza"}],"event_choices":[],"is_beta":false,"boss_relics":[],"items_purged_floors":[],"is_endless":true,"potions_floor_spawned":[7,11,14],"killed_by":"Fading Forest","ascension_level":4}}