{"host":"jg1kdgv8lq0s5kn4","time":1610996112,"event":{"mods":["ATMod(阿瑾Mod)","AchievementEnabler","Act Like it!","Alarm Clock","AlwaysNeverKeys","BaseMod","Colored Powertips","FoggyMod","Gensokyo","Gold Saver","HumanHunterMod(怪物杀人mod)","Marisa（F雨　魔理沙）","Minty Spire (QoL Compilation)","MostiFishMod","Remove Card Discount Mod","Shop Mod","Spicy Shops","StSLib","SuperFastMode","TestMod","【功能Mod】Neow奖励","【功能Mod】强力的原版药水","【遗物Mod】简单游戏","没有小屋子和绿帽子啦","篝火指南"],"gold_per_floor":[2203,1365,1365,1765,1777,1777,1809,1809,1859,1883,1883,1883,1342,421,421,518,518,529,929,929,15,15,15,44,44,44,276,18,31,104,85,85,510,510,523,34,34,14,14,107,107,107,156,156,533,267,392,530,530,803,803,803,731,856,976],"floor_reached":56,"language":"ZHS","playtime":3020,"items_purged":["testmod-Wrath","testmod-Gluttony","testmod-Gluttony","testmod-Greed","testmod-Envy","testmod-Sloth","testmod-Lust","MasterSpark","Strike_MRS","Defend_MRS","Pride","Strike_MRS","Defend_MRS","ShootingEcho","Strike_MRS","Clumsy","Pain","Strike_MRS","Defend_MRS","Singularity+1","Regret"],"score":2667,"play_id":"0365c3e3-c804-4ede-ab59-dd938543930c","local_time":"20210119025512","is_ascension_mode":true,"campfire_choices":[{"data":"UpSweep","floor":6.0,"key":"SMITH"},{"data":"MagicChant","floor":12.0,"key":"SMITH"},{"data":"Singularity","floor":15.0,"key":"SMITH"},{"data":"EscapeVelocity","floor":23.0,"key":"SMITH"},{"data":"Night Terror","floor":32.0,"key":"SMITH"},{"data":"6A","floor":42.0,"key":"SMITH"},{"data":"WitchOfGreed","floor":44.0,"key":"SMITH"},{"data":"testmod-BackupPower","floor":49.0,"key":"SMITH"},{"data":"ShootTheMoon","floor":52.0,"key":"SMITH"}],"circlet_count":0,"master_deck":["Defend_MRS+1","UpSweep+1","AT_FamilyPortrait+1","6A+1","AT_FamilyPortrait+1","WitchLeyline+1","EscapeVelocity+1","Night Terror+1","MagicAbsorber+1","SuperNova+1","ShootTheMoon+1","WitchOfGreed+1","WitchLeyline+1","WitchOfGreed+1","SuperNova+1","UltimateShortwave+1","WitchLeyline+1","Parasite","Parasite","DarkMatter+1","testmod-BackupPower+1","CollectingQuirk+1"],"relics":["MiniHakkero","EasyRelic","DaveBox","AT_ATBox","testmod-TestBox","OriginationStaff","NeowsBlessing","SynthV:TestCard","Dodecahedron","Shuriken","Anchor","War Paint","Gensokyo:NagashiBinaDoll","InkBottle","AT_SunfireAegis","Potion Belt","Pantograph","Boot","ChiLing","Chi","Ling","Civilization","Medical Kit","Ying","TimeFreeze","HandDrill","RhineSuit","BrkXgEgg","TheAbacus","testmod-Charity","SynthV","Orrery","SacredBark","AT_ArcaneBoots","Gensokyo:DirgeOfMelancholy","Bag of Preparation","Happy Flower","testmod-OneHitWonder","Membership Card","testmod-Antiphasic","AT_ChloranthyRing","StoneCalendar","AT_ImmortalShieldbow","Sundial","AT_MibuBalloonWealth","MetatronsCube","Gensokyo:EmptyGrave","Pear","ShroomBag","Letter Opener","testmod-CrystalShield","Omamori","Pocketwatch","MealTicket","Technique","AT_SilverBalance"],"acts_visited":["Exordium","Gensokyo:Gensokyo","Gensokyo:Gensokyoer","TheEnding"],"potions_floor_usage":[55,55,55,55,55,55,55],"damage_taken":[{"damage":1.0,"enemies":"Gensokyo:Python","floor":1.0,"turns":1.0},{"damage":0.0,"enemies":"Gensokyo:3_Fairies","floor":5.0,"turns":1.0},{"damage":0.0,"enemies":"Gensokyo:Cirno","floor":7.0,"turns":2.0},{"damage":4.0,"enemies":"Gensokyo:Kokoro","floor":16.0,"turns":3.0},{"damage":7.0,"enemies":"Gensokyo:Chomper","floor":18.0,"turns":4.0},{"damage":5.0,"enemies":"Gensokyo:Koishi","floor":24.0,"turns":1.0},{"damage":13.0,"enemies":"Gensokyo:Tenshi","floor":27.0,"turns":2.0},{"damage":3.0,"enemies":"Gensokyo:AngelMirror","floor":29.0,"turns":1.0},{"damage":3.0,"enemies":"Gensokyo:Koishi","floor":30.0,"turns":3.0},{"damage":7.0,"enemies":"Gensokyo:Eiki","floor":33.0,"turns":3.0},{"damage":0.0,"enemies":"Gensokyo:3_Boulders","floor":35.0,"turns":1.0},{"damage":2.0,"enemies":"Gensokyo:Marisa","floor":40.0,"turns":3.0},{"damage":6.0,"enemies":"Gensokyo:Doremy","floor":45.0,"turns":3.0},{"damage":3.0,"enemies":"Gensokyo:Kasen","floor":47.0,"turns":2.0},{"damage":22.0,"enemies":"Gensokyo:3_Bats","floor":48.0,"turns":6.0},{"damage":6.0,"enemies":"Gensokyo:Yuyuko","floor":50.0,"turns":2.0},{"damage":79.0,"enemies":"Shield and Spear","floor":54.0,"turns":10.0},{"damage":78,"enemies":"The Heart","floor":55,"turns":14}],"seed_played":"-3815567131061749045","potions_obtained":[{"floor":16.0,"key":"testmod-TestPotion"},{"floor":24.0,"key":"SkillPotion"},{"floor":29.0,"key":"GamblersBrew"},{"floor":30.0,"key":"SpeedPotion"},{"floor":33.0,"key":"Strength Potion"},{"floor":40.0,"key":"Explosive Potion"},{"floor":40.0,"key":"PowerPotion"},{"floor":40.0,"key":"Fire Potion"},{"floor":47.0,"key":"Fruit Juice"},{"floor":48.0,"key":"EssenceOfSteel"},{"floor":48.0,"key":"PowerPotion"},{"floor":54.0,"key":"Regen Potion"},{"floor":54.0,"key":"Energy Potion"}],"is_trial":false,"path_per_floor":["M","$","?","?","M","R","E","?","T","T","T","R","$","COS","R","B",null,"M","?","?","COS","?","R","E","?","T","E","$","M","E","?","R","B",null,"M","$","?","COS","?","E","?","R","T","R","E","$","E","M","R","B",null,"R","$","E","B",null],"character_chosen":"MARISA","items_purchased":["Dodecahedron","6A","Shuriken","Anchor","War Paint","DollysMirror","AT_Kusabimaru","Boot","ChiLing","Singularity","Acceleration","Membership Card","testmod-Antiphasic","AT_ChloranthyRing","AT_MibuBalloonWealth","MetatronsCube","testmod-CrystalShield","Omamori","testmod-BackupPower","Technique"],"campfire_rested":0,"item_purchase_floors":[2,2,2,2,2,2,13,13,13,13,13,28,28,28,36,36,46,46,46,53],"current_hp_per_floor":[122,80,86,86,86,86,86,86,86,86,86,86,86,86,86,83,87,86,86,78,78,78,78,77,77,77,70,70,73,76,77,77,102,118,124,124,124,124,115,130,130,132,133,133,135,135,155,142,142,142,181,181,181,111,149],"gold":976,"neow_bonus":"THREE_ENEMY_KILL","is_daily":false,"chose_seed":false,"campfire_upgraded":9,"win_rate":0.0,"timestamp":1610996112,"path_taken":["M","$","?","?","?","R","E","?","T","?","?","R","?","COS","R","BOSS","M","?","?","COS","?","R","E","?","T","E","$","?","E","?","R","BOSS","M","?","?","COS","?","E","?","R","T","R","E","?","E","?","R","BOSS","R","$","E","BOSS"],"items_purchased_type":["Relic","Card","Relic","Relic","Relic","Relic","Relic","Relic","Relic","Card","Card","Relic","Relic","Relic","Relic","Relic","Relic","Relic","Card","Relic"],"build_version":"2020-12-22","purchased_purges":21,"victory":true,"max_hp_per_floor":[123,80,86,86,86,86,86,86,86,86,86,86,86,86,86,87,87,89,89,89,89,89,89,93,93,93,99,99,105,111,111,111,118,118,124,124,124,124,115,132,132,132,133,133,141,141,160,169,169,181,181,181,181,189,199],"card_choices":[{"not_picked":["GravityBeat","EnergyRecoil"],"picked":"ShootingEcho","floor":1.0},{"not_picked":["ShootingEcho","DC","LuminesStrike","AsteroidBelt"],"picked":"WitchLeyline","floor":5.0},{"not_picked":["OneTimeOff","AsteroidBelt","DC","DragonMeteor"],"picked":"MagicChant","floor":7.0},{"not_picked":["ManaRampage","BigCrunch","BinaryStars","SatelliteIllusion"],"picked":"EscapeVelocity","floor":16.0},{"not_picked":["MilkyWay","PowerUp","WitchLeyline","DC"],"picked":"ShootingEcho","floor":18.0},{"not_picked":["StarlightTyphoon","DarkMatter","PowerUp","MagicChant"],"picked":"MagicAbsorber+1","floor":21.0},{"not_picked":["GasGiant+1","LuminesStrike","Orbital","6A"],"picked":"SuperNova+1","floor":21.0},{"not_picked":["DarkSpark+1","6A","Occultation","NonDirectionalLaser"],"picked":"ShootTheMoon","floor":21.0},{"not_picked":["NonDirectionalLaser","EnergyFlow","ChargingUp+1","MysteriousBeam"],"picked":"WitchOfGreed","floor":21.0},{"not_picked":["MachineGunSpark","Occultation","FairyDestructionRay","EnergyRecoil"],"picked":"WitchLeyline","floor":21.0},{"not_picked":["BinaryStars+1","SatelliteIllusion+1","DarkSpark","NonDirectionalLaser"],"picked":"WitchOfGreed+1","floor":24.0},{"not_picked":["EventHorizon","AsteroidBelt+1","DoubleSpark","StarBarrage+1"],"picked":"SuperNova+1","floor":27.0},{"not_picked":["EventHorizon","PulseMagic","MagicAbsorber+1","LuminesStrike","SuperPerseids"],"picked":"SKIP","floor":29.0},{"not_picked":["MilkyWay","ShootTheMoon","LuminesStrike","DC","ChargeUpSpray"],"picked":"SKIP","floor":30.0},{"not_picked":["ManaRampage+1","BlazingStar+1","SuperNova+1","BigCrunch+1"],"picked":"UltimateShortwave+1","floor":33.0},{"not_picked":["Acceleration","WitchOfGreed+1","Occultation","GalacticHalo+1","UnstableBomb"],"picked":"SKIP","floor":35.0},{"not_picked":["GrandCross+1","WitchOfGreed+1","ChargingUp+1","DragonMeteor+1"],"picked":"WitchLeyline+1","floor":40.0},{"not_picked":["Singularity","UnstableBomb","IllusionStar+1","MilkyWay+1"],"picked":"DarkMatter+1","floor":45.0},{"not_picked":["BinaryStars+1","IllusionStar+1","TreasureHunter+1","OpenUniverse","EnergyFlow"],"picked":"SKIP","floor":47.0},{"not_picked":["MysteriousBeam","OrrerysSun","PowerUp","6A","EnergyRecoil"],"picked":"SKIP","floor":48.0},{"not_picked":["DC","AsteroidBelt+1","UnstableBomb+1","DarkSpark"],"picked":"CollectingQuirk+1","floor":54.0}],"player_experience":51638,"relics_obtained":[{"floor":1.0,"key":"SynthV:TestCard"},{"floor":7.0,"key":"InkBottle"},{"floor":9.0,"key":"AT_SunfireAegis"},{"floor":10.0,"key":"Potion Belt"},{"floor":11.0,"key":"Pantograph"},{"floor":24.0,"key":"AT_SpeedBoots"},{"floor":26.0,"key":"Bag of Preparation"},{"floor":27.0,"key":"testmod-OneHitWonder"},{"floor":30.0,"key":"AT_ImmortalShieldbow"},{"floor":40.0,"key":"Pear"},{"floor":43.0,"key":"ShroomBag"},{"floor":45.0,"key":"Letter Opener"},{"floor":47.0,"key":"MealTicket"},{"floor":54.0,"key":"AT_SilverBalance"}],"event_choices":[{"damage_healed":0.0,"max_hp_gain":0.0,"max_hp_loss":0.0,"gold_gain":400.0,"event_name":"恩洛斯的盘子","player_choice":"Sell","floor":4.0,"relics_lost":["testmod-SevenDeadlySins"],"gold_loss":0.0,"damage_taken":0.0},{"damage_healed":0.0,"max_hp_gain":0.0,"max_hp_loss":0.0,"gold_gain":0.0,"event_name":"给自己的盒子","player_choice":"Swap Relic","floor":22.0,"relics_lost":["DollysMirror"],"gold_loss":0.0,"damage_taken":0.0,"relics_obtained":["SacredBark"]}],"is_beta":false,"boss_relics":[{"not_picked":["JellyFishMachine","Runic Dome"],"picked":"RhineSuit"},{"not_picked":["Snecko Eye","xbg","testmod-KeyOfTheVoid"]}],"items_purged_floors":[2,2,2,2,2,2,2,2,2,2,2,2,2,2,2,13,13,13,28,28,28],"is_endless":false,"potions_floor_spawned":[16,24,29,33,40,47],"ascension_level":3}}