{"host":"qqgw5gp46oujbhdl","time":1610974414,"event":{"mods":["Aspiration","BaseMod","BetterRewards","Downfall","Hermit","Infinite Spire","Melee Mod","Minty Spire (QoL Compilation)","StSLib","The Death Knight","The Disciple","The Forsaken","The Hierophant","The Servant 0.9.4","The Spell Scribe","The Valiant","TheBandit","Wandering Minibosses"],"gold_per_floor":[99,111,21,37,37,37,118,152,152,152,52,69,69,69,86,174,174,74,86,95,105,105,105,105,105,59,59,59,59,69,90,96,197,197,197,202,218,237,1042,1042,1066,1080,638,638,638,651,318,318,338,338],"floor_reached":51,"language":"POL","playtime":3843,"items_purged":["bronze:Strike","bronze:Strike","bronze:Defend"],"score":996,"play_id":"6b744745-33f2-4b75-b2d0-9485ffe83cd2","local_time":"20210118135334","is_ascension_mode":false,"campfire_choices":[{"data":"bronze:HardenedForm","floor":1.0,"key":"SMITH"},{"floor":6.0,"key":"REST"},{"floor":11.0,"key":"RECALL"},{"data":"bronze:Replicate","floor":13.0,"key":"SMITH"},{"data":"bronze:Mutator","floor":18.0,"key":"SMITH"},{"floor":25,"key":"REST"},{"data":"infinitespire:DeathsTouch","floor":29,"key":"SMITH"},{"data":"bronze:Defend","floor":35,"key":"PURGE"},{"floor":40,"key":"REST"},{"data":"bronze:Branch","floor":45,"key":"SMITH"}],"circlet_count":0,"master_deck":["bronze:Defend+1","bronze:Defend+1","bronze:Replicate+1","bronze:Goto","bronze:HardenedForm+1","bronze:CutThrough","bronze:Repair","bronze:FollowUp+1","bronze:Branch+1","bronze:Mutator+1","bronze:Break","bronze:ChildClass","Necronomicurse","infinitespire:DeathsTouch+1","bronze:Flail+1","Flying Knee+1","Quick Slash+1","bronze:DelayedSlice+1","Master of Strategy"],"relics":["bronze:BronzeCore","aspiration:FrozenJewel","Oddly Smooth Stone","downfall:HeartBlessingBlue","aspiration:SilentSkillbook","downfall:HeartBlessingRed","Necronomicon","Sundial","Peace Pipe","SlaversCollar","Molten Egg 2","bronze:MakeshiftBattery","wanderingMiniBosses:MasterThiefsPresence","aspiration:ChemicalBlood","Akabeko","Lee\u0027s Waffle","War Paint","Prayer Wheel"],"acts_visited":["Exordium","TheCity","TheBeyond"],"potions_floor_usage":[26,33,33,39,39,42,50],"damage_taken":[{"damage":5.0,"enemies":"Small Slimes","floor":2.0,"turns":4.0},{"damage":5.0,"enemies":"downfall:FleeingMerchant","floor":3.0,"turns":4.0},{"damage":11.0,"enemies":"Jaw Worm","floor":4.0,"turns":2.0},{"damage":8.0,"enemies":"Gremlin Nob","floor":8.0,"turns":5.0},{"damage":0.0,"enemies":"2 Louse","floor":12.0,"turns":2.0},{"damage":0.0,"enemies":"2 Fungi Beasts","floor":14.0,"turns":6.0},{"damage":0.0,"enemies":"3 Louse","floor":15.0,"turns":3.0},{"damage":10.0,"enemies":"SI_SHIV_ARCHETYPE","floor":16.0,"turns":8.0},{"damage":3.0,"enemies":"Spheric Guardian","floor":19.0,"turns":3.0},{"damage":0.0,"enemies":"Chosen","floor":20.0,"turns":3.0},{"damage":24,"enemies":"Sentry and Sphere","floor":21,"turns":6},{"damage":10,"enemies":"Snake Plant","floor":26,"turns":5},{"damage":3,"enemies":"Snecko","floor":30,"turns":3},{"damage":0,"enemies":"Slavers","floor":31,"turns":3},{"damage":8,"enemies":"Chosen and Byrds","floor":32,"turns":3},{"damage":11,"enemies":"IC_MUSHROOM_ARCHETYPE","floor":33,"turns":3},{"damage":37,"enemies":"3 Shapes","floor":36,"turns":3},{"damage":0,"enemies":"Orb Walker","floor":37,"turns":1},{"damage":13,"enemies":"3 Darklings","floor":38,"turns":2},{"damage":29,"enemies":"Jaw Worm Horde","floor":39,"turns":3},{"damage":0,"enemies":"4 Shapes","floor":42,"turns":1},{"damage":0,"enemies":"downfall:FleeingMerchant","floor":43,"turns":4},{"damage":0,"enemies":"Maw","floor":46,"turns":3},{"damage":0,"enemies":"Transient","floor":49,"turns":5},{"damage":28,"enemies":"WA_ARCHETYPE_DIVINITY","floor":50,"turns":4}],"seed_played":"-7432590199112645443","potions_obtained":[{"floor":4.0,"key":"SpeedPotion"},{"floor":12.0,"key":"bronze:BurnAndBuffPotion"},{"floor":14.0,"key":"SteroidPotion"},{"floor":20,"key":"bronze:BuildAFunctionPotion"},{"floor":30,"key":"bronze:BurnAndBuffPotion"},{"floor":32,"key":"Fire Potion"},{"floor":37,"key":"champ:CounterPotion"},{"floor":38,"key":"SkillPotion"},{"floor":39,"key":"DistilledChaos"},{"floor":49,"key":"ColorlessPotion"}],"is_trial":false,"path_per_floor":["R","M","$","M","?","R","T","E","T","?","R","M","R","M","M","B",null,"R","M","M","M","?","?","T","R","M","AVR","?","R","M","E","M","B",null,"R","M","M","M","M","R","T","M","$","?","R","M","?","AVR","M","B",null],"character_chosen":"THE_AUTOMATON","items_purchased":["Akabeko","Lee\u0027s Waffle","War Paint","Master of Strategy"],"campfire_rested":3,"item_purchase_floors":[43,43,43,43],"current_hp_per_floor":[49,44,39,28,28,49,49,48,48,48,58,65,65,72,79,70,80,80,77,80,56,56,40,40,64,54,54,54,54,51,51,43,39,80,80,50,50,37,15,39,39,39,87,87,87,87,98,98,98,70],"gold":338,"neow_bonus":"THREE_RARE_CARDS","is_daily":false,"chose_seed":false,"campfire_upgraded":5,"win_rate":0.0,"timestamp":1610974414,"path_taken":["R","M","$","M","?","R","T","E","?","?","R","M","R","M","M","BOSS","R","M","M","M","?","?","T","R","M","AVR","?","R","?","E","M","BOSS","R","M","M","M","M","R","T","M","$","?","R","?","?","AVR","M","BOSS"],"items_purchased_type":["Relic","Relic","Relic","Card"],"build_version":"2020-12-22","purchased_purges":3,"victory":true,"max_hp_per_floor":[70,70,70,70,70,70,70,70,70,70,80,80,80,80,80,80,80,80,80,80,80,80,80,80,80,80,80,80,80,80,80,80,80,80,80,80,80,80,80,80,80,80,87,87,87,87,98,98,98,98],"card_choices":[{"not_picked":["bronze:AlphaBuild","bronze:SpaghettiCode"],"picked":"bronze:HardenedForm","floor":0.0},{"not_picked":["bronze:CloningBeam","bronze:BugBarrage"],"picked":"bronze:CutThrough","floor":2.0},{"not_picked":["bronze:HardenedForm","bronze:MaxOutput","bronze:Invalidate"],"picked":"SKIP","floor":3.0},{"not_picked":["bronze:Fortify","bronze:Iterate"],"picked":"bronze:Repair","floor":4.0},{"not_picked":["bronze:BitShift","bronze:Separator"],"picked":"bronze:FollowUp","floor":8.0},{"not_picked":["bronze:Philosophize","bronze:DarkDash","bronze:BuggyMess"],"picked":"SKIP","floor":12.0},{"not_picked":["bronze:WildBeam","bronze:FineTuning"],"picked":"bronze:Branch","floor":14.0},{"not_picked":["bronze:DarkDash","bronze:Fortify"],"picked":"bronze:Mutator","floor":15.0},{"not_picked":["bronze:ThunderWave","bronze:HyperBeam"],"picked":"bronze:Break","floor":16.0},{"not_picked":["bronze:Allocate","Flechettes","bronze:FineTuning"],"picked":"bronze:ChildClass","floor":19.0},{"not_picked":["Slice","Deadly Poison","Expertise","Infinite Blades"],"picked":"SKIP","floor":20},{"not_picked":["bronze:BugBarrage","All Out Attack","bronze:WildBeam","Prepared"],"picked":"SKIP","floor":21},{"not_picked":["Bouncing Flask","Cloak And Dagger","bronze:DelayedSlice","bronze:DelayedGuard"],"picked":"SKIP","floor":26},{"not_picked":["Dagger Throw","Setup","bronze:DelayedSlice"],"picked":"bronze:Flail+1","floor":30},{"not_picked":["bronze:Separator+1","bronze:NullPointer+1","Deadly Poison"],"picked":"Flying Knee+1","floor":31},{"not_picked":["bronze:Frontload","Finisher+1","infinitespire:Neurotoxin","Calculated Gamble+1"],"picked":"SKIP","floor":32},{"not_picked":["bronze:BugBarrage+1","Expertise+1","bronze:DelayedGuard+1","bronze:DigitalCarnage+1"],"picked":"SKIP","floor":36},{"not_picked":["bronze:DelayedGuard","Bouncing Flask+1","bronze:BronzeArmor"],"picked":"Quick Slash+1","floor":37},{"not_picked":["Caltrops+1","bronze:BugBarrage+1","bronze:Backtrace+1","bronze:Overheat+1"],"picked":"SKIP","floor":38},{"not_picked":["bronze:OilSpill+1","bronze:Separator+1","infinitespire:Neurotoxin","Leg Sweep+1"],"picked":"SKIP","floor":39},{"not_picked":["bronze:FineTuning","Choke+1","Calculated Gamble","bronze:Safeguard"],"picked":"SKIP","floor":42},{"not_picked":["All Out Attack+1","bronze:Flail+1","bronze:WhirlingStrike+1"],"picked":"bronze:DelayedSlice+1","floor":43},{"not_picked":["bronze:Overload","bronze:Iterate+1","Flying Knee+1","Dagger Throw+1"],"picked":"SKIP","floor":46},{"not_picked":["Backflip","bronze:Branch+1","bronze:FollowUp+1","bronze:Backtrace+1"],"picked":"SKIP","floor":49},{"not_picked":["bronze:Overheat+1","Sucker Punch+1","Quick Slash+1","bronze:OilSpill+1"],"picked":"SKIP","floor":49}],"player_experience":383139,"relics_obtained":[{"floor":7.0,"key":"aspiration:FrozenJewel"},{"floor":8.0,"key":"Oddly Smooth Stone"},{"floor":23,"key":"Necronomicon"},{"floor":24,"key":"Sundial"},{"floor":31,"key":"Molten Egg 2"},{"floor":39,"key":"wanderingMiniBosses:MasterThiefsPresence"},{"floor":41,"key":"aspiration:ChemicalBlood"}],"event_choices":[{"cards_removed":["bronze:Strike"],"damage_healed":0.0,"max_hp_gain":0.0,"max_hp_loss":0.0,"gold_gain":0.0,"event_name":"The Cleric","player_choice":"Card Removal","floor":10.0,"gold_loss":0.0,"damage_taken":0.0}],"is_beta":false,"boss_relics":[{"not_picked":["Snecko Eye","Velvet Choker"],"picked":"aspiration:SilentSkillbook"},{"not_picked":["Empty Cage","theForsaken:PaleLantern"],"picked":"bronze:MakeshiftBattery"}],"items_purged_floors":[3,27,43],"is_endless":false,"potions_floor_spawned":[4,12,14,20,30,32,37,38,39,49],"ascension_level":0}}