{"host":"6749gst1gzuv21qf","time":1610944896,"event":{"mods":["BaseMod","Better Altar","Better Match","Better Note","Better Sensory Stone","Better Skull","Better Third Choice","BetterRewards","Colored Map","Colored Powertips","Downfall","Hermit","Highlight Path","Minty Spire (QoL Compilation)","Permanent Neow","Shop Mod","Spicy Shops","StSLib","The Cursed"],"gold_per_floor":[99,112,129,149,167,167,167,192,207,207,217,217,228,138,151,252,252,252,270,270,281,206,206,206],"floor_reached":23,"language":"ENG","playtime":1397,"items_purged":[],"score":195,"play_id":"9701bf4e-9cec-4847-8e22-851f996c08db","local_time":"20210117234136","is_ascension_mode":false,"campfire_choices":[{"data":"bronze:Replicate","floor":1,"key":"SMITH"},{"data":"Magnetism","floor":10,"key":"SMITH"},{"data":"bronze:Goto","floor":18,"key":"SMITH"}],"circlet_count":0,"master_deck":["bronze:Strike","bronze:Strike","bronze:Strike","bronze:Strike","bronze:Defend","bronze:Defend","bronze:Defend","bronze:Defend","bronze:Replicate+1","bronze:Goto+1","bronze:Separator+1","bronze:FollowUp","bronze:Allocate","bronze:ChosenStrike","bronze:Boost","Magnetism+1","bronze:Iterate+1","bronze:OilSpill","bronze:Constructor+1","bronze:DarkDash","bronze:Boost","bronze:ItsAFeature","bronze:FineTuning","bronze:Break","bronze:BugBarrage","bronze:BuggyMess","bronze:CutThrough","Enlightenment","bronze:WildBeam"],"relics":["bronze:BronzeCore","Sundial","Ice Cream","Cursed Key","downfall:KnowingSkull"],"acts_visited":["Exordium","TheCity"],"potions_floor_usage":[8,8,16,16,21,23,23],"damage_taken":[{"damage":5,"enemies":"Small Slimes","floor":2,"turns":3},{"damage":3,"enemies":"2 Louse","floor":3,"turns":2},{"damage":1,"enemies":"Cultist","floor":4,"turns":3},{"damage":5,"enemies":"Exordium Thugs","floor":5,"turns":3},{"damage":15,"enemies":"Gremlin Nob","floor":8,"turns":4},{"damage":2,"enemies":"Large Slime","floor":9,"turns":6},{"damage":7,"enemies":"Blue Slaver","floor":11,"turns":2},{"damage":0,"enemies":"2 Fungi Beasts","floor":13,"turns":3},{"damage":5,"enemies":"downfall:FleeingMerchant","floor":14,"turns":4},{"damage":9,"enemies":"3 Louse","floor":15,"turns":3},{"damage":11,"enemies":"IC_STATUS_ARCHETYPE","floor":16,"turns":8},{"damage":21,"enemies":"Shell Parasite","floor":19,"turns":3},{"damage":22,"enemies":"Spheric Guardian","floor":21,"turns":5},{"damage":29,"enemies":"Book of Stabbing","floor":23,"turns":3}],"seed_played":"3874494685913760402","potions_obtained":[{"floor":3,"key":"Regen Potion"},{"floor":5,"key":"EssenceOfSteel"},{"floor":8,"key":"Energy Potion"},{"floor":15,"key":"Block Potion"},{"floor":21,"key":"bronze:BurnAndBuffPotion"}],"is_trial":false,"path_per_floor":["R","M","M","M","M","?","T","E","M","R","M","?","M","$","M","B",null,"R","M","?","M","?","E"],"character_chosen":"THE_AUTOMATON","items_purchased":["bronze:ItsAFeature"],"campfire_rested":0,"item_purchase_floors":[14],"current_hp_per_floor":[70,65,62,61,56,56,56,53,51,51,44,44,44,39,30,19,70,70,49,42,20,20,0,0],"gold":206,"neow_bonus":"THREE_CARDS","is_daily":false,"chose_seed":false,"campfire_upgraded":3,"win_rate":0.0,"timestamp":1610944896,"path_taken":["R","M","M","M","M","?","T","E","M","R","M","?","?","$","M","BOSS","R","M","?","M","?","E"],"items_purchased_type":["Card"],"build_version":"2020-12-22","purchased_purges":0,"victory":false,"max_hp_per_floor":[70,70,70,70,70,70,70,70,70,70,70,70,70,70,70,70,70,70,70,70,70,70,70,70],"card_choices":[{"not_picked":["bronze:BitShift","bronze:Turbo"],"picked":"bronze:Separator","floor":0},{"not_picked":["bronze:BuggyMess","bronze:DelayedSlice"],"picked":"bronze:FollowUp","floor":2},{"not_picked":["bronze:DelayedSlice","bronze:Shield"],"picked":"bronze:Allocate","floor":3},{"not_picked":["bronze:Invalidate","bronze:BuggyMess"],"picked":"bronze:ChosenStrike","floor":4},{"not_picked":["bronze:NullPointer","bronze:DigitalCarnage"],"picked":"bronze:Boost","floor":5},{"not_picked":["Dark Shackles","Jack Of All Trades"],"picked":"Magnetism","floor":6},{"not_picked":["bronze:Separator","bronze:Overload"],"picked":"bronze:Iterate","floor":8},{"not_picked":["bronze:Frontload","bronze:Deprecate"],"picked":"bronze:OilSpill","floor":9},{"not_picked":["bronze:Overheat","bronze:BuggyMess"],"picked":"bronze:Constructor","floor":11},{"not_picked":["bronze:OilSpill","bronze:Backtrace"],"picked":"bronze:DarkDash","floor":13},{"not_picked":["bronze:ThunderWave","bronze:Overheat"],"picked":"bronze:Boost","floor":14},{"not_picked":["bronze:Philosophize","bronze:DelayedSlice"],"picked":"bronze:FineTuning","floor":15},{"not_picked":["bronze:Virus","bronze:HyperBeam"],"picked":"bronze:Break","floor":16},{"not_picked":["bronze:Overheat","bronze:Turbo"],"picked":"bronze:BugBarrage","floor":19},{"not_picked":["bronze:BitShift","bronze:Separator"],"picked":"bronze:BuggyMess","floor":21},{"not_picked":["bronze:DelayedSlice","bronze:Shield"],"picked":"bronze:CutThrough","floor":22},{"not_picked":["Finesse","Madness"],"picked":"Enlightenment","floor":22},{"not_picked":["bronze:DelayedSlice","bronze:BuggyMess"],"picked":"bronze:WildBeam","floor":22}],"player_experience":715039,"relics_obtained":[{"floor":7,"key":"Sundial"},{"floor":8,"key":"Ice Cream"}],"event_choices":[{"damage_healed":0,"gold_gain":1,"player_choice":"1","damage_taken":0,"max_hp_gain":0,"max_hp_loss":0,"event_name":"betterStone:BetterStone","floor":6,"gold_loss":0},{"damage_healed":0,"gold_gain":0,"player_choice":"1","damage_taken":0,"max_hp_gain":0,"max_hp_loss":0,"event_name":"betterMatch:BetterMatch","floor":22,"gold_loss":0,"cards_obtained":["betterMatch:CommonCard","betterMatch:ColorlessUncommonCard","betterMatch:CommonCard"]}],"is_beta":false,"boss_relics":[{"not_picked":["Fusion Hammer","Velvet Choker"],"picked":"Cursed Key"}],"items_purged_floors":[],"is_endless":false,"potions_floor_spawned":[3,5,8,15,21],"killed_by":"Book of Stabbing","ascension_level":0}}