{"host":"f0gpob8hq9vgebej","time":1610944322,"event":{"mods":["AchievementEnabler","BaseMod","Minty Spire (QoL Compilation)","Quick Restart","SuperFastMode"],"gold_per_floor":[359,375,144,144,162,162,180,213,282,309,57,132,160,180,180,280,280,298,313,313,348,365,365,455,455,525,525,542,348,348,362,362,463,463,482,8,28,28,47,72,84,102,171,15,25,25,75,89,89,89],"floor_reached":51,"language":"KOR","playtime":1986,"items_purged":["Decay","Strike_B","Doom and Gloom","Defend_B"],"score":943,"play_id":"1ffc0c21-d4bb-4c5e-a25d-490e65f633b1","local_time":"20210118133202","is_ascension_mode":true,"campfire_choices":[{"data":"Zap","floor":6,"key":"SMITH"},{"data":"Defragment","floor":15,"key":"SMITH"},{"data":"Static Discharge","floor":23,"key":"SMITH"},{"data":"Biased Cognition","floor":25,"key":"SMITH"},{"data":"Electrodynamics","floor":27,"key":"SMITH"},{"data":"Conserve Battery","floor":30,"key":"SMITH"},{"data":"Heatsinks","floor":32,"key":"SMITH"},{"data":"Buffer","floor":46,"key":"SMITH"},{"data":"Ball Lightning","floor":49,"key":"SMITH"}],"circlet_count":0,"master_deck":["Defend_B","Zap+1","Dualcast","Static Discharge+1","Ball Lightning+1","Ball Lightning","Conserve Battery+1","Defragment+1","Biased Cognition+1","Electrodynamics+1","Hello World+1","Echo Form+1","Turbo+1","Conserve Battery+1","Steam Power+1","Cold Snap","Chill+1","BootSequence+1","Amplify+1","Heatsinks+1","Seek+1","Genetic Algorithm+1","Buffer+1","Force Field+1","Consume+1"],"relics":["Cracked Core","DataDisk","Toxic Egg 2","Bag of Preparation","Lee\u0027s Waffle","Toy Ornithopter","Astrolabe","Red Mask","Eternal Feather","Inserter","Cables","Art of War","Molten Egg 2","Runic Capacitor","Mango"],"acts_visited":["Exordium","TheCity","TheBeyond"],"potions_floor_usage":[10,16,21,50,50,50],"damage_taken":[{"damage":0,"enemies":"2 Louse","floor":1,"turns":3},{"damage":2,"enemies":"Small Slimes","floor":2,"turns":3},{"damage":1,"enemies":"Cultist","floor":5,"turns":3},{"damage":12,"enemies":"Looter","floor":7,"turns":2},{"damage":20,"enemies":"3 Sentries","floor":8,"turns":5},{"damage":16,"enemies":"Gremlin Nob","floor":10,"turns":2},{"damage":23,"enemies":"3 Sentries","floor":13,"turns":5},{"damage":9,"enemies":"Lots of Slimes","floor":14,"turns":2},{"damage":10,"enemies":"Slime Boss","floor":16,"turns":6},{"damage":7,"enemies":"Shell Parasite","floor":18,"turns":3},{"damage":1,"enemies":"Spheric Guardian","floor":19,"turns":3},{"damage":0,"enemies":"Masked Bandits","floor":21,"turns":1},{"damage":0,"enemies":"3 Cultists","floor":22,"turns":2},{"damage":0,"enemies":"Snake Plant","floor":28,"turns":3},{"damage":2,"enemies":"Centurion and Healer","floor":31,"turns":3},{"damage":25,"enemies":"Automaton","floor":33,"turns":5},{"damage":1,"enemies":"Orb Walker","floor":35,"turns":3},{"damage":0,"enemies":"3 Shapes","floor":37,"turns":2},{"damage":0,"enemies":"Transient","floor":39,"turns":5},{"damage":0,"enemies":"Reptomancer","floor":40,"turns":3},{"damage":6,"enemies":"Jaw Worm Horde","floor":41,"turns":3},{"damage":0,"enemies":"4 Shapes","floor":42,"turns":3},{"damage":0,"enemies":"Spire Growth","floor":45,"turns":3},{"damage":0,"enemies":"Mind Bloom Boss Battle","floor":47,"turns":4},{"damage":6,"enemies":"Writhing Mass","floor":48,"turns":4},{"damage":43,"enemies":"Time Eater","floor":50,"turns":6}],"seed_played":"5325126213043896544","potions_obtained":[{"floor":5,"key":"SteroidPotion"},{"floor":10,"key":"BlessingOfTheForge"},{"floor":16,"key":"Fruit Juice"},{"floor":19,"key":"PowerPotion"},{"floor":31,"key":"Weak Potion"},{"floor":33,"key":"DistilledChaos"},{"floor":41,"key":"PowerPotion"}],"is_trial":false,"path_per_floor":["M","M","$","?","M","R","M","E","T","E","$","?","E","M","R","B",null,"M","M","?","?","M","R","?","R","T","R","M","$","R","M","R","B",null,"M","$","M","?","M","E","M","M","T","$","M","R","?","M","R","B",null],"character_chosen":"DEFECT","items_purchased":["DataDisk","Lee\u0027s Waffle","Amplify+1","Cables","Genetic Algorithm+1","Runic Capacitor"],"campfire_rested":0,"item_purchase_floors":[3,11,29,36,36,44],"current_hp_per_floor":[75,73,73,73,72,72,60,40,40,24,82,71,48,39,39,39,75,68,67,67,72,72,72,60,60,60,72,72,72,84,82,87,62,81,80,80,80,80,80,80,74,74,74,74,74,86,100,94,101,68],"gold":89,"neow_bonus":"TWO_FIFTY_GOLD","is_daily":false,"chose_seed":false,"campfire_upgraded":9,"win_rate":0.0,"timestamp":1610944322,"path_taken":["M","M","$","?","M","R","M","E","T","E","$","?","E","M","R","BOSS","M","M","?","?","M","R","?","R","T","R","?","$","R","M","R","BOSS","M","$","M","?","M","E","M","?","T","$","M","R","?","M","R","BOSS"],"items_purchased_type":["Relic","Relic","Card","Relic","Card","Relic"],"build_version":"2020-12-22","purchased_purges":4,"victory":true,"max_hp_per_floor":[75,75,75,75,75,75,75,75,75,75,82,82,82,82,82,87,87,87,87,87,87,87,87,87,87,87,87,87,87,87,87,87,87,87,87,87,87,87,87,87,87,87,87,87,87,87,101,101,101,101],"card_choices":[{"not_picked":["Beam Cell","Sweeping Beam"],"picked":"Static Discharge","floor":1},{"not_picked":["Stack","Turbo","Redo"],"picked":"SKIP","floor":2},{"not_picked":["Recycle","FTL"],"picked":"Ball Lightning","floor":5},{"not_picked":["Chaos","Barrage"],"picked":"Ball Lightning","floor":7},{"not_picked":["Go for the Eyes","Leap"],"picked":"Conserve Battery","floor":8},{"not_picked":["Conserve Battery+1","Steam+1"],"picked":"Defragment","floor":10},{"not_picked":["Genetic Algorithm+1","Turbo+1"],"picked":"Biased Cognition","floor":13},{"not_picked":["Static Discharge","Go for the Eyes","Turbo+1"],"picked":"SKIP","floor":14},{"not_picked":["Buffer","Echo Form"],"picked":"Electrodynamics","floor":16},{"not_picked":["Go for the Eyes+1","Cold Snap"],"picked":"Conserve Battery+1","floor":18},{"not_picked":["Coolheaded+1","Compile Driver"],"picked":"Steam Power+1","floor":19},{"not_picked":["Stack+1","Coolheaded+1"],"picked":"Chill+1","floor":21},{"not_picked":["Beam Cell","Redo+1"],"picked":"BootSequence+1","floor":22},{"not_picked":["Beam Cell","BootSequence+1","Hologram+1"],"picked":"SKIP","floor":28},{"not_picked":["Steam+1","FTL"],"picked":"Heatsinks","floor":31},{"not_picked":["Rainbow+1","All For One"],"picked":"Seek+1","floor":33},{"not_picked":["Redo+1","Ball Lightning+1","Gash+1"],"picked":"SKIP","floor":35},{"not_picked":["Compile Driver+1","Hello World"],"picked":"Buffer","floor":37},{"not_picked":["Beam Cell+1","Rebound"],"picked":"Force Field+1","floor":39},{"not_picked":["Ball Lightning","Cold Snap","Coolheaded+1"],"picked":"SKIP","floor":40},{"not_picked":["Sweeping Beam+1","Undo+1","Core Surge"],"picked":"SKIP","floor":41},{"not_picked":["Chill+1","Compile Driver+1","Leap+1"],"picked":"SKIP","floor":42},{"not_picked":["Gash+1","Meteor Strike+1","Compile Driver+1"],"picked":"SKIP","floor":45},{"not_picked":["Stack+1","Reprogram+1"],"picked":"Consume+1","floor":47},{"not_picked":["Leap+1","Rip and Tear+1","Ball Lightning+1"],"picked":"SKIP","floor":48}],"player_experience":165378,"relics_obtained":[{"floor":9,"key":"Toxic Egg 2"},{"floor":10,"key":"Bag of Preparation"},{"floor":13,"key":"Toy Ornithopter"},{"floor":21,"key":"Red Mask"},{"floor":26,"key":"Eternal Feather"},{"floor":40,"key":"Art of War"},{"floor":43,"key":"Molten Egg 2"},{"floor":47,"key":"Mango"}],"event_choices":[{"damage_healed":0,"gold_gain":0,"player_choice":"Ignored","damage_taken":0,"max_hp_gain":0,"max_hp_loss":0,"event_name":"Liars Game","floor":4,"gold_loss":0},{"damage_healed":0,"gold_gain":75,"player_choice":"Gather Gold","damage_taken":11,"max_hp_gain":0,"max_hp_loss":0,"event_name":"World of Goop","floor":12,"gold_loss":0},{"damage_healed":0,"gold_gain":0,"cards_transformed":["Strike_B","Defend_B"],"player_choice":"Became Test Subject","damage_taken":0,"max_hp_gain":0,"max_hp_loss":0,"event_name":"Drug Dealer","floor":20,"gold_loss":0,"cards_obtained":["Doom and Gloom","Cold Snap"]},{"damage_healed":0,"gold_gain":0,"player_choice":"Fought Bandits","damage_taken":0,"max_hp_gain":0,"max_hp_loss":0,"event_name":"Masked Bandits","floor":21,"gold_loss":0},{"damage_healed":0,"gold_gain":90,"player_choice":"GOLD ","damage_taken":12,"max_hp_gain":0,"max_hp_loss":0,"event_name":"Knowing Skull","floor":24,"potions_obtained":[],"gold_loss":0,"cards_obtained":[]},{"damage_healed":0,"gold_gain":0,"player_choice":"Ignored","damage_taken":0,"max_hp_gain":0,"max_hp_loss":0,"event_name":"SecretPortal","floor":38,"gold_loss":0},{"damage_healed":0,"gold_gain":0,"player_choice":"Fight","damage_taken":0,"max_hp_gain":0,"max_hp_loss":0,"event_name":"MindBloom","floor":47,"gold_loss":0}],"is_beta":false,"boss_relics":[{"not_picked":["Black Star","Runic Dome"],"picked":"Astrolabe"},{"not_picked":["Pandora\u0027s Box","Tiny House"],"picked":"Inserter"}],"items_purged_floors":[3,11,29,36],"is_endless":false,"potions_floor_spawned":[5,10,16,19,31,33,39,41,42,48],"ascension_level":5}}