{"host":"uqu4g15d3w1vnax3","time":1610936787,"event":{"mods":["BaseMod","KOR Keyword Fix","Minty Spire (QoL Compilation)","Replay The Spire","StSLib"],"gold_per_floor":[114,129,148,148,148,148,71,102,102,102,102,113,125,144,156,176,176,176,176],"floor_reached":18,"language":"KOR","playtime":745,"items_purged":[],"score":133,"play_id":"8694031e-1e14-486f-8edf-6549a3347a8d","local_time":"20210118112627","is_ascension_mode":true,"campfire_choices":[{"floor":9,"key":"REST"},{"floor":17,"key":"REST"}],"circlet_count":0,"master_deck":["Strike_R","Strike_R","Strike_R","Defend_R","Defend_R","Defend_R","Defend_R","Bash","Run Through","Replay:Undeath\u0027s Touch+1","Run Through","Second Wind","Cleave","Replay:Undeath\u0027s Touch","Armaments","ReplayTheSpireMod:Strike From Hell"],"relics":["Burning Blood","Replay:Wax Seal","Counterbalance","Bird Faced Urn"],"acts_visited":["Exordium"],"potions_floor_usage":[14,14,18],"damage_taken":[{"damage":11,"enemies":"Jaw Worm","floor":1,"turns":4},{"damage":7,"enemies":"Small Slimes","floor":2,"turns":4},{"damage":1,"enemies":"Cultist","floor":3,"turns":3},{"damage":45,"enemies":"3 Sentries","floor":8,"turns":12},{"damage":0,"enemies":"Large Slime","floor":12,"turns":6},{"damage":16,"enemies":"Exordium Thugs","floor":13,"turns":4},{"damage":0,"enemies":"2 Fungi Beasts","floor":14,"turns":2},{"damage":17,"enemies":"Exordium Wildlife","floor":15,"turns":5},{"damage":14,"enemies":"Blue Slaver","floor":16,"turns":4},{"damage":50,"enemies":"Slime Boss","floor":18,"turns":12}],"seed_played":"5580862751669476662","potions_obtained":[{"floor":1,"key":"Strength Potion"},{"floor":2,"key":"Elixir"},{"floor":3,"key":"Strength Potion"},{"floor":10,"key":"Flashbang"},{"floor":12,"key":"Toxic Potion"},{"floor":15,"key":"SpeedPotion"}],"is_trial":false,"path_per_floor":["M","M","M","PTL","PTL","?","$","E","R","?","T","M","M","M","M","M","R","B"],"character_chosen":"IRONCLAD","items_purchased":["Replay:Wax Seal"],"campfire_rested":2,"item_purchase_floors":[7],"current_hp_per_floor":[51,50,55,55,55,55,55,16,40,40,40,46,36,42,31,23,47,0,0],"gold":176,"neow_bonus":"REMOVE_TWO","is_daily":false,"chose_seed":false,"campfire_upgraded":0,"win_rate":0.0,"timestamp":1610936787,"path_taken":["M","M","M","PTL","PTL","?","$","E","R","?","T","M","M","M","M","M","R","BOSS"],"items_purchased_type":["Relic"],"build_version":"2020-12-22","purchased_purges":0,"victory":false,"max_hp_per_floor":[80,80,80,80,80,80,80,80,80,80,80,80,80,80,80,80,80,80,80],"card_choices":[{"not_picked":["Massacre","Shockwave"],"picked":"Run Through","floor":1},{"not_picked":["Body Slam","ReplayTheSpireMod:Limb From Limb"],"picked":"Replay:Undeath\u0027s Touch","floor":2},{"not_picked":["Thunderclap","Anger"],"picked":"Run Through","floor":3},{"not_picked":["Carnage","Sword Boomerang"],"picked":"Second Wind","floor":8},{"not_picked":["Shockwave","Brutality"],"picked":"Cleave","floor":12},{"not_picked":["Body Slam","Perfected Strike"],"picked":"Replay:Undeath\u0027s Touch","floor":13},{"not_picked":["Replay:Undeath\u0027s Touch","Hemogenesis"],"picked":"Armaments","floor":14},{"not_picked":["Armaments","Battle Trance"],"picked":"ReplayTheSpireMod:Strike From Hell","floor":15},{"not_picked":["Body Slam","Run Through","ReplayTheSpireMod:Strike From Hell"],"picked":"SKIP","floor":16}],"player_experience":294300,"relics_obtained":[{"floor":8,"key":"Counterbalance"},{"floor":11,"key":"Bird Faced Urn"}],"event_choices":[{"damage_healed":0,"gold_gain":0,"player_choice":"Grow","damage_taken":0,"max_hp_gain":0,"max_hp_loss":0,"event_name":"Living Wall","floor":6,"gold_loss":0,"cards_upgraded":["Replay:Undeath\u0027s Touch"]},{"damage_healed":0,"gold_gain":0,"player_choice":"Got Potions","damage_taken":0,"max_hp_gain":0,"max_hp_loss":0,"event_name":"Lab","floor":10,"gold_loss":0}],"is_beta":false,"boss_relics":[],"items_purged_floors":[],"is_endless":false,"potions_floor_spawned":[1,2,3,12,15],"killed_by":"Slime Boss","ascension_level":3}}