{"host":"t4313i2190y6fz3q","time":1610943009,"event":{"mods":["2.2 Compatiblity","AchievementEnabler","Act Like it!","BaseMod","Colored Powertips","Downfall","Highlight Path","Minty Spire (QoL Compilation)","Permanent Neow","Quick Restart","Rare Cards Sparkle","StSLib"],"gold_per_floor":[110,122,297,315,315,343,343,372,372,389,12,36,36,70,70,175,175,193,292,274,301,211,211,211,211],"floor_reached":24,"language":"ENG","playtime":636,"items_purged":["Doubt"],"score":339,"play_id":"aa4a92d6-a4cb-4942-9628-e687518ccca7","local_time":"20210117201009","is_ascension_mode":true,"campfire_choices":[{"data":"Defragment","floor":7.0,"key":"SMITH"},{"data":"Self Repair","floor":13.0,"key":"SMITH"},{"floor":15.0,"key":"REST"},{"floor":23.0,"key":"REST"}],"circlet_count":0,"master_deck":["AscendersBane","Strike_B+1","Strike_B","Strike_B","Defend_B","Defend_B","Defend_B","Defend_B","Zap","Dualcast","Defragment+1","Cold Snap","Doom and Gloom","Ball Lightning","Cold Snap","Rebound","BootSequence","Self Repair+1","Machine Learning","Storm","Darkness"],"relics":["Cracked Core","Tiny Chest","Mummified Hand","Lantern","ClockworkSouvenir","Omamori","Potion Belt","Philosopher\u0027s Stone","CeramicFish"],"acts_visited":["Exordium","TheCity"],"potions_floor_usage":[],"damage_taken":[{"damage":1.0,"enemies":"Cultist","floor":1.0,"turns":3.0},{"damage":0.0,"enemies":"2 Louse","floor":2.0,"turns":3.0},{"damage":7.0,"enemies":"Jaw Worm","floor":4.0,"turns":3.0},{"damage":28.0,"enemies":"Gremlin Nob","floor":6.0,"turns":4.0},{"damage":17.0,"enemies":"3 Sentries","floor":8.0,"turns":4.0},{"damage":19.0,"enemies":"Large Slime","floor":10.0,"turns":5.0},{"damage":17.0,"enemies":"Lagavulin","floor":14.0,"turns":5.0},{"damage":29.0,"enemies":"Slime Boss","floor":16.0,"turns":6.0},{"damage":41.0,"enemies":"3 Byrds","floor":18.0,"turns":4.0},{"damage":24.0,"enemies":"2 Thieves","floor":20.0,"turns":4.0},{"damage":0,"enemies":"Book of Stabbing","floor":24,"turns":1}],"seed_played":"7327314847580627563","potions_obtained":[{"floor":1.0,"key":"PowerPotion"},{"floor":5.0,"key":"FairyPotion"},{"floor":6.0,"key":"Explosive Potion"},{"floor":8.0,"key":"hexamod:SoulburnPotion"},{"floor":14.0,"key":"EssenceOfSteel"},{"floor":20.0,"key":"DistilledChaos"}],"is_trial":false,"path_per_floor":["M","M","?","M","?","E","R","E","T","M","$","T","R","E","R","B",null,"M","?","M","T","?","R","E"],"character_chosen":"DEFECT","items_purchased":["BootSequence","Self Repair","ClockworkSouvenir"],"campfire_rested":2,"item_purchase_floors":[11,11,11],"current_hp_per_floor":[67,67,67,60,60,32,32,15,15,22,22,22,22,15,37,18,61,30,30,16,16,16,38,38,38],"gold":211,"neow_bonus":"THREE_CARDS","is_daily":false,"chose_seed":false,"campfire_upgraded":2,"win_rate":0.0,"timestamp":1610943009,"path_taken":["M","M","?","M","?","E","R","E","T","?","$","?","R","E","R","BOSS","M","?","M","?","?","R","E"],"items_purchased_type":["Card","Card","Relic"],"build_version":"2020-12-22","purchased_purges":1,"victory":false,"max_hp_per_floor":[75,75,75,75,75,75,75,75,75,75,75,75,75,75,75,75,75,75,75,75,75,75,75,75,75],"card_choices":[{"not_picked":["Go for the Eyes","Force Field"],"picked":"Defragment","floor":0.0},{"not_picked":["Melter","Hello World"],"picked":"Cold Snap","floor":1.0},{"not_picked":["Force Field","Rebound"],"picked":"Doom and Gloom","floor":2.0},{"not_picked":["Rebound","Cold Snap"],"picked":"Ball Lightning","floor":4.0},{"not_picked":["Fusion","Leap"],"picked":"Cold Snap","floor":6.0},{"not_picked":["Streamline","Cold Snap"],"picked":"Rebound","floor":8.0},{"not_picked":["Chaos","Ball Lightning","Recycle"],"picked":"SKIP","floor":10.0},{"not_picked":["Sweeping Beam","Hello World","Streamline"],"picked":"SKIP","floor":14.0},{"not_picked":["Reboot","Buffer"],"picked":"Machine Learning","floor":16.0},{"not_picked":["Blizzard","Leap+1"],"picked":"Storm","floor":18.0},{"not_picked":["Redo+1","Skim"],"picked":"Darkness","floor":20.0}],"player_experience":224565,"relics_obtained":[{"floor":6.0,"key":"Tiny Chest"},{"floor":8.0,"key":"Mummified Hand"},{"floor":9.0,"key":"Lantern"},{"floor":12.0,"key":"Omamori"},{"floor":14.0,"key":"Potion Belt"},{"floor":21.0,"key":"CeramicFish"}],"event_choices":[{"damage_healed":0.0,"max_hp_gain":0.0,"max_hp_loss":0.0,"gold_gain":175.0,"event_name":"Liars Game","player_choice":"AGREE","floor":3.0,"gold_loss":0.0,"damage_taken":0.0,"cards_obtained":["Doubt"]},{"damage_healed":0.0,"max_hp_gain":0.0,"max_hp_loss":0.0,"gold_gain":0.0,"event_name":"Lab","player_choice":"Got Potions","floor":5.0,"gold_loss":0.0,"damage_taken":0.0},{"damage_healed":0.0,"max_hp_gain":0.0,"max_hp_loss":0.0,"gold_gain":99.0,"event_name":"Nest","player_choice":"Stole From Cult","floor":19.0,"gold_loss":0.0,"damage_taken":0.0},{"cards_removed":["Strike_B"],"damage_healed":0.0,"max_hp_gain":0.0,"max_hp_loss":0.0,"gold_gain":0.0,"event_name":"Designer","player_choice":"Upgrade and Remove","floor":22.0,"gold_loss":90.0,"damage_taken":0.0,"cards_upgraded":["Strike_B"]}],"is_beta":false,"boss_relics":[{"not_picked":["Ectoplasm","Black Star"],"picked":"Philosopher\u0027s Stone"}],"items_purged_floors":[11],"is_endless":false,"potions_floor_spawned":[1,6,8,14,20],"killed_by":"Book of Stabbing","ascension_level":12}}