{"host":"i7jfea87xc8lz16p","time":1610930953,"event":{"mods":["AchievementEnabler","BaseMod","Colored Powertips","Minty Spire (QoL Compilation)","Relic Stats"],"gold_per_floor":[111,124,49,49,49,49,75,106,141,153,165,204,216,243,255,341,353,379,401,13,24,24,49,49,78,78,96,111,111,25,35,35,35,35],"floor_reached":33,"language":"ENG","playtime":993,"items_purged":["Strike_B","Strike_B"],"score":640,"play_id":"805def6e-a73b-4954-b45f-c6260db6950b","local_time":"20210118014913","is_ascension_mode":true,"campfire_choices":[{"floor":6,"key":"REST"},{"data":"Doom and Gloom","floor":10,"key":"SMITH"},{"data":"Static Discharge","floor":13,"key":"SMITH"},{"floor":15,"key":"REST"},{"floor":24,"key":"REST"},{"data":"Biased Cognition","floor":29,"key":"SMITH"},{"data":"Capacitor","floor":32,"key":"SMITH"}],"circlet_count":0,"master_deck":["AscendersBane","Defend_B","Defend_B","Defend_B","Defend_B","Zap","Dualcast","Ball Lightning","Rebound","BootSequence","Doom and Gloom+1","Static Discharge+1","Ball Lightning","Biased Cognition+1","Go for the Eyes+1","Self Repair","Loop","Barrage","Leap","Cold Snap","Capacitor+1"],"relics":["Cracked Core","NeowsBlessing","Pantograph","Ginger","MawBank","Anchor","Blood Vial","Velvet Choker","OrangePellets","Shuriken","HornCleat","Emotion Chip"],"acts_visited":["Exordium","TheCity"],"potions_floor_usage":[19,21,25,33],"damage_taken":[{"damage":0,"enemies":"Cultist","floor":1,"turns":1},{"damage":0,"enemies":"Small Slimes","floor":2,"turns":1},{"damage":0,"enemies":"3 Sentries","floor":7,"turns":1},{"damage":0,"enemies":"Jaw Worm","floor":8,"turns":3},{"damage":15,"enemies":"Lagavulin","floor":12,"turns":5},{"damage":12,"enemies":"Gremlin Gang","floor":14,"turns":3},{"damage":34,"enemies":"Hexaghost","floor":16,"turns":5},{"damage":19,"enemies":"Chosen","floor":18,"turns":4},{"damage":0,"enemies":"3 Byrds","floor":19,"turns":2},{"damage":15,"enemies":"Cultist and Chosen","floor":21,"turns":4},{"damage":20,"enemies":"Slavers","floor":23,"turns":3},{"damage":18,"enemies":"Book of Stabbing","floor":25,"turns":4},{"damage":4,"enemies":"Shelled Parasite and Fungi","floor":27,"turns":4},{"damage":2,"enemies":"Snecko","floor":28,"turns":3},{"damage":0,"enemies":"Centurion and Healer","floor":31,"turns":6},{"damage":78,"enemies":"Automaton","floor":33,"turns":8}],"seed_played":"-991669035456974371","potions_obtained":[{"floor":2,"key":"LiquidBronze"},{"floor":16,"key":"SteroidPotion"},{"floor":23,"key":"ColorlessPotion"},{"floor":25,"key":"Strength Potion"},{"floor":27,"key":"Block Potion"}],"is_trial":false,"path_per_floor":["M","M","$","T","?","R","E","M","T","R","?","E","R","M","R","B",null,"M","M","$","M","?","E","R","E","T","M","M","R","$","M","R","B"],"character_chosen":"DEFECT","items_purchased":["OrangePellets","Loop","SkillPotion","Capacitor"],"campfire_rested":3,"item_purchase_floors":[20,20,20,30],"current_hp_per_floor":[64,64,64,64,29,50,50,50,50,50,50,35,35,25,46,37,63,46,48,48,42,42,31,52,43,43,48,55,55,55,64,64,0,0],"gold":35,"neow_bonus":"THREE_ENEMY_KILL","is_daily":false,"chose_seed":false,"campfire_upgraded":4,"win_rate":0.0,"timestamp":1610930953,"path_taken":["M","?","$","?","?","R","E","M","T","R","?","E","R","M","R","BOSS","M","?","?","M","?","E","R","E","T","?","M","R","$","M","R","BOSS"],"items_purchased_type":["Relic","Card","Potion","Card"],"build_version":"2020-12-22","purchased_purges":2,"victory":false,"max_hp_per_floor":[71,71,71,71,71,71,71,71,71,71,71,71,71,71,71,71,71,71,71,71,71,71,71,71,71,71,71,71,71,71,71,71,71,71],"relic_stats":{"Blood Vial":22,"OrangePellets":[11],"Emotion Chip":[14,13,0,1,0],"counters":[16,57],"Shuriken":[4],"Pantograph":28,"Ginger":[10],"MawBank":156,"obtain_stats":[{"Blood Vial":12,"OrangePellets":20,"Anchor":9,"Emotion Chip":26,"HornCleat":25,"NeowsBlessing":0,"Shuriken":23,"Pantograph":4,"Velvet Choker":17,"Ginger":5,"Cracked Core":0,"MawBank":7},{"Blood Vial":5,"OrangePellets":9,"Anchor":4,"Emotion Chip":12,"HornCleat":12,"NeowsBlessing":0,"Shuriken":11,"Pantograph":2,"Velvet Choker":7,"Ginger":2,"Cracked Core":0,"MawBank":3},{"Blood Vial":11,"OrangePellets":25,"Anchor":6,"Emotion Chip":36,"HornCleat":36,"NeowsBlessing":0,"Shuriken":32,"Pantograph":2,"Velvet Choker":19,"Ginger":2,"Cracked Core":0,"MawBank":3}]},"card_choices":[{"not_picked":["Cold Snap","Leap"],"picked":"Ball Lightning","floor":1},{"not_picked":["Leap","Stack"],"picked":"Rebound","floor":2},{"not_picked":["White Noise","Fusion"],"picked":"BootSequence","floor":7},{"not_picked":["Echo Form","Leap"],"picked":"Doom and Gloom","floor":8},{"not_picked":["Skim","Hyperbeam"],"picked":"Static Discharge","floor":12},{"not_picked":["Storm","Scrape"],"picked":"Ball Lightning","floor":14},{"not_picked":["Machine Learning","Buffer"],"picked":"Biased Cognition","floor":16},{"not_picked":["Ball Lightning","BootSequence"],"picked":"Go for the Eyes+1","floor":18},{"not_picked":["Loop","Steam+1"],"picked":"Self Repair","floor":19},{"not_picked":["Leap","Capacitor"],"picked":"Barrage","floor":21},{"not_picked":["Static Discharge","Ball Lightning+1"],"picked":"Cold Snap","floor":23},{"not_picked":["Static Discharge","White Noise","Storm"],"picked":"SKIP","floor":25},{"not_picked":["Beam Cell","Compile Driver","Turbo"],"picked":"SKIP","floor":27},{"not_picked":["Melter","Turbo","Stack"],"picked":"SKIP","floor":28},{"not_picked":["Recycle","Capacitor","BootSequence"],"picked":"SKIP","floor":31}],"player_experience":1804196,"relics_obtained":[{"floor":4,"key":"Pantograph"},{"floor":7,"key":"MawBank"},{"floor":9,"key":"Anchor"},{"floor":12,"key":"Blood Vial"},{"floor":23,"key":"Shuriken"},{"floor":25,"key":"HornCleat"},{"floor":26,"key":"Emotion Chip"}],"event_choices":[{"damage_healed":0,"gold_gain":0,"player_choice":"Success","damage_taken":35,"relics_obtained":["Ginger"],"max_hp_gain":0,"max_hp_loss":0,"event_name":"Scrap Ooze","floor":5,"gold_loss":0},{"cards_removed":["Strike_B"],"damage_healed":0,"gold_gain":0,"player_choice":"Offered Basic","damage_taken":0,"max_hp_gain":0,"max_hp_loss":0,"event_name":"Bonfire Elementals","floor":11,"gold_loss":0},{"damage_healed":0,"gold_gain":0,"cards_transformed":["Strike_B"],"player_choice":"Transformed","damage_taken":0,"max_hp_gain":0,"max_hp_loss":0,"event_name":"Transmorgrifier","floor":22,"gold_loss":0,"cards_obtained":["Leap"]}],"is_beta":false,"boss_relics":[{"not_picked":["Sozu","FrozenCore"],"picked":"Velvet Choker"}],"items_purged_floors":[3,20],"is_endless":false,"potions_floor_spawned":[2,16,18,23,25,27],"killed_by":"Automaton","ascension_level":20}}