{"host":"pl1fbpkom0aq337f","time":1610969504,"event":{"mods":["AchievementEnabler","BaseMod","Colored Map","Minty Spire (QoL Compilation)"],"gold_per_floor":[112,112,412,422,68,102,102,121,148,148,163,195,123,123,123,123,194,194,212,225,225,225,242,277,277,307,382,396,136,149,64,64,64,135,135,152,162,162,174,174,174,204,219,219,219,246,272,272,172,192,192,82,82,82,82,82,82,44,76,76,76],"floor_reached":60,"language":"ENG","playtime":2450,"items_purged":["Decay","Pain"],"score":1544,"play_id":"dc82dd9c-e4e4-4fb4-bd8e-06eb059c5aaa","local_time":"20210118123144","is_ascension_mode":true,"campfire_choices":[{"data":"Defragment","floor":7.0,"key":"SMITH"},{"data":"Dualcast","floor":10.0,"key":"SMITH"},{"data":"Coolheaded","floor":15.0,"key":"SMITH"},{"data":"Doom and Gloom","floor":16.0,"key":"SMITH"},{"data":"Defragment","floor":25,"key":"SMITH"},{"data":"Fission","floor":33,"key":"SMITH"},{"floor":41,"key":"REST"},{"data":"Biased Cognition","floor":44,"key":"SMITH"},{"data":"Blizzard","floor":51,"key":"SMITH"},{"floor":54,"key":"RECALL"},{"data":"Defragment","floor":57,"key":"SMITH"}],"circlet_count":0,"master_deck":["AscendersBane","Strike_B+1","Strike_B+1","Strike_B+1","Strike_B+1","Defend_B+1","Defend_B+1","Defend_B+1","Defend_B+1","Zap+1","Dualcast+1","Ball Lightning","Defragment+1","Glacier","Compile Driver","Coolheaded+1","Ball Lightning","Glacier","Doom and Gloom+1","Biased Cognition+1","Conserve Battery","Defragment+1","White Noise","Force Field+1","Self Repair","Fission+1","Cold Snap","Echo Form","Blizzard+1","Coolheaded+1","Genetic Algorithm+1","Hologram+1","Decay","Electrodynamics","Blizzard+1","Glacier+1","Defragment+1","Capacitor"],"relics":["Cracked Core","NeowsBlessing","Old Coin","Darkstone Periapt","Akabeko","War Paint","Potion Belt","Cursed Key","Nloth\u0027s Gift","Ornamental Fan","Eternal Feather","Bottled Flame","Toxic Egg 2","SlaversCollar","Dream Catcher","Dead Branch","StoneCalendar","Mango"],"acts_visited":["Exordium","TheCity","TheBeyond","TheEnding"],"potions_floor_usage":[24,24,24,26,38,39,39,43,55,60,60],"damage_taken":[{"damage":0.0,"enemies":"Small Slimes","floor":1.0,"turns":1.0},{"damage":0.0,"enemies":"Jaw Worm","floor":4.0,"turns":1.0},{"damage":0.0,"enemies":"Gremlin Nob","floor":6.0,"turns":1.0},{"damage":1.0,"enemies":"Cultist","floor":8.0,"turns":3.0},{"damage":2.0,"enemies":"3 Louse","floor":11.0,"turns":2.0},{"damage":18.0,"enemies":"3 Sentries","floor":12.0,"turns":4.0},{"damage":0.0,"enemies":"Slime Boss","floor":17.0,"turns":7.0},{"damage":0,"enemies":"Spheric Guardian","floor":19,"turns":3},{"damage":3,"enemies":"2 Thieves","floor":20,"turns":3},{"damage":1,"enemies":"Snake Plant","floor":23,"turns":4},{"damage":14,"enemies":"Slavers","floor":24,"turns":4},{"damage":21,"enemies":"Book of Stabbing","floor":26,"turns":5},{"damage":0,"enemies":"Snecko","floor":28,"turns":5},{"damage":7,"enemies":"3 Cultists","floor":30,"turns":5},{"damage":6,"enemies":"Automaton","floor":34,"turns":12},{"damage":16,"enemies":"3 Shapes","floor":36,"turns":3},{"damage":7,"enemies":"Orb Walker","floor":37,"turns":3},{"damage":0,"enemies":"Writhing Mass","floor":38,"turns":1},{"damage":53,"enemies":"Transient","floor":39,"turns":5},{"damage":18,"enemies":"Giant Head","floor":42,"turns":9},{"damage":28,"enemies":"Jaw Worm Horde","floor":43,"turns":4},{"damage":57,"enemies":"Reptomancer","floor":47,"turns":6},{"damage":3,"enemies":"Maw","floor":50,"turns":8},{"damage":5,"enemies":"Donu and Deca","floor":55,"turns":10},{"damage":54,"enemies":"Shield and Spear","floor":59,"turns":6},{"damage":64,"enemies":"The Heart","floor":60,"turns":3}],"seed_played":"-5413297893429677132","potions_obtained":[{"floor":6.0,"key":"LiquidBronze"},{"floor":12.0,"key":"FearPotion"},{"floor":17.0,"key":"Strength Potion"},{"floor":19,"key":"Strength Potion"},{"floor":24,"key":"SmokeBomb"},{"floor":28,"key":"SteroidPotion"},{"floor":34,"key":"Energy Potion"},{"floor":39,"key":"Ancient Potion"},{"floor":42,"key":"DistilledChaos"},{"floor":43,"key":"CultistPotion"},{"floor":50,"key":"Strength Potion"}],"is_trial":false,"path_per_floor":["M","?","T","M","$","E","R","M","T","R","M","E","$","?","R","R","B",null,"M","M","?","?","M","E","R","E","T","M","$","M","?","?","R","B",null,"M","M","M","M","?","R","E","M","R","T","T","E","?","$","M","R","$","?","R","B",null,"R","$","E","B"],"character_chosen":"DEFECT","items_purchased":["Glacier","Matryoshka","Compile Driver","Doom and Gloom","Self Repair","Fission","Cold Snap","Glacier+1","Defragment","Capacitor"],"campfire_rested":1,"item_purchase_floors":[5,5,5,13,29,29,29,52,52,58],"current_hp_per_floor":[64,64,64,64,64,64,64,63,63,63,61,43,43,43,43,43,43,64,64,61,61,61,60,46,46,25,31,31,31,31,31,31,46,47,70,61,54,54,1,22,64,60,46,64,70,76,26,26,26,30,51,51,51,72,74,90,95,95,62,0,0],"gold":76,"neow_bonus":"THREE_ENEMY_KILL","is_daily":false,"chose_seed":false,"campfire_upgraded":9,"win_rate":0.0,"timestamp":1610969504,"path_taken":["M","?","?","?","$","E","R","M","T","R","M","E","$","?","R","R","BOSS","M","M","?","?","?","E","R","E","T","M","$","M","?","?","R","BOSS","M","M","M","M","?","R","E","M","R","T","T","E","?","$","M","R","$","?","R","BOSS","R","$","E","BOSS"],"items_purchased_type":["Card","Relic","Card","Card","Card","Card","Card","Card","Card","Card"],"build_version":"2020-12-22","purchased_purges":2,"victory":false,"max_hp_per_floor":[71,71,71,71,71,71,71,71,71,71,71,71,71,71,71,71,71,71,71,71,71,71,71,71,71,71,77,77,77,77,77,77,77,77,77,77,77,77,77,83,83,83,83,83,89,95,95,95,95,95,95,95,95,95,95,95,95,95,109,109,109],"card_choices":[{"not_picked":["Gash","Steam"],"picked":"Ball Lightning","floor":1.0},{"not_picked":["Compile Driver","Hologram"],"picked":"Defragment","floor":4.0},{"not_picked":["Steam Power","Thunder Strike","Stack"],"picked":"SKIP","floor":6.0},{"not_picked":["Gash","Beam Cell"],"picked":"Coolheaded","floor":8.0},{"not_picked":["Static Discharge","Stack"],"picked":"Ball Lightning","floor":11.0},{"not_picked":["Consume","Storm"],"picked":"Glacier","floor":12.0},{"not_picked":["Reboot","Hyperbeam"],"picked":"Biased Cognition","floor":17.0},{"not_picked":["Melter","Leap","Redo"],"picked":"SKIP","floor":19},{"not_picked":["Steam","Skim"],"picked":"Conserve Battery","floor":20},{"not_picked":["Beam Cell","All For One"],"picked":"Defragment","floor":23},{"not_picked":["Leap","Meteor Strike"],"picked":"White Noise","floor":24},{"not_picked":["Streamline","Beam Cell"],"picked":"Force Field+1","floor":26},{"not_picked":["Reprogram+1","Go for the Eyes+1","Steam+1"],"picked":"SKIP","floor":28},{"not_picked":["Consume","Go for the Eyes","Machine Learning"],"picked":"SKIP","floor":30},{"not_picked":["Multi-Cast+1","Fission+1"],"picked":"Echo Form","floor":34},{"not_picked":["Sweeping Beam+1","Ball Lightning+1"],"picked":"Blizzard+1","floor":36},{"not_picked":["Redo+1","Reprogram+1","Compile Driver"],"picked":"SKIP","floor":37},{"not_picked":["Rip and Tear+1","Streamline"],"picked":"Coolheaded+1","floor":39},{"not_picked":["Reprogram+1","Rebound"],"picked":"Genetic Algorithm+1","floor":42},{"not_picked":["Stack+1","Doom and Gloom"],"picked":"Hologram+1","floor":43},{"not_picked":["FTL+1","Leap+1"],"picked":"Electrodynamics","floor":47},{"not_picked":["Turbo+1","Glacier+1"],"picked":"Blizzard","floor":50},{"not_picked":["Reboot+1","Glacier+1","Thunder Strike"],"picked":"SKIP","floor":59}],"player_experience":469495,"relics_obtained":[{"floor":3.0,"key":"Old Coin"},{"floor":6.0,"key":"Darkstone Periapt"},{"floor":9.0,"key":"Akabeko"},{"floor":9.0,"key":"War Paint"},{"floor":12.0,"key":"Potion Belt"},{"floor":24,"key":"Ornamental Fan"},{"floor":26,"key":"Eternal Feather"},{"floor":27,"key":"Bottled Flame"},{"floor":42,"key":"Dream Catcher"},{"floor":45,"key":"Dead Branch"},{"floor":47,"key":"StoneCalendar"},{"floor":59,"key":"Mango"}],"event_choices":[{"damage_healed":0.0,"max_hp_gain":0.0,"max_hp_loss":0.0,"gold_gain":0.0,"event_name":"Living Wall","player_choice":"Grow","floor":2.0,"gold_loss":0.0,"damage_taken":0.0,"cards_upgraded":["Zap"]},{"damage_healed":0.0,"max_hp_gain":0.0,"max_hp_loss":0.0,"gold_gain":0.0,"event_name":"The Cleric","player_choice":"Leave","floor":14.0,"gold_loss":0.0,"damage_taken":0.0},{"damage_healed":0,"gold_gain":0,"player_choice":"Ignored","damage_taken":0,"max_hp_gain":0,"max_hp_loss":0,"event_name":"Vampires","floor":21,"gold_loss":0},{"damage_healed":0,"gold_gain":0,"player_choice":"Traded Relic","damage_taken":0,"relics_obtained":["Nloth\u0027s Gift"],"max_hp_gain":0,"max_hp_loss":0,"event_name":"N\u0027loth","floor":22,"relics_lost":["Matryoshka"],"gold_loss":0},{"damage_healed":0,"gold_gain":0,"player_choice":"Obtained Relic","damage_taken":0,"relics_obtained":["Toxic Egg 2"],"max_hp_gain":0,"max_hp_loss":0,"event_name":"Addict","floor":31,"gold_loss":85},{"damage_healed":0,"gold_gain":0,"player_choice":"Simplicity","damage_taken":0,"max_hp_gain":0,"max_hp_loss":0,"event_name":"Back to Basics","floor":32,"gold_loss":0,"cards_upgraded":["Strike_B","Strike_B","Strike_B","Strike_B","Defend_B","Defend_B"]},{"damage_healed":15,"gold_gain":0,"player_choice":"Writhe","damage_taken":0,"max_hp_gain":0,"max_hp_loss":0,"event_name":"Winding Halls","floor":40,"gold_loss":0,"cards_obtained":["Writhe"]},{"damage_healed":0,"gold_gain":0,"player_choice":"Memory 1","damage_taken":0,"max_hp_gain":0,"max_hp_loss":0,"event_name":"SensoryStone","floor":48,"gold_loss":0},{"cards_removed":["Writhe"],"damage_healed":0,"gold_gain":0,"player_choice":"Purged","damage_taken":0,"max_hp_gain":0,"max_hp_loss":0,"event_name":"Purifier","floor":53,"gold_loss":0}],"is_beta":false,"boss_relics":[{"not_picked":["Philosopher\u0027s Stone","Runic Dome"],"picked":"Cursed Key"},{"not_picked":["Busted Crown","Calling Bell"],"picked":"SlaversCollar"}],"items_purged_floors":[29,49],"is_endless":false,"potions_floor_spawned":[6,12,17,19,24,28,34,39,42,43,50],"killed_by":"The Heart","ascension_level":15}}