{"host":"l4he167voxkef95j","time":1610991233,"event":{"mods":["BaseMod","Infinite Spire","Minty Spire (QoL Compilation)","Rare Cards Sparkle","StSLib"],"gold_per_floor":[119,132,143,160,180,180,180,180,227,227,80,100,116,135,135,240,240,252,252,104,124,124,154,154,170,170,39,52,52,84,97,97,97,97],"floor_reached":33,"language":"RUS","playtime":859,"items_purged":[],"score":281,"play_id":"695226af-83a2-4316-b9f5-a39f7b8647b8","local_time":"20210118213353","is_ascension_mode":false,"campfire_choices":[{"data":"Backstab","floor":6.0,"key":"SMITH"},{"floor":8.0,"key":"REST"},{"data":"Infinite Blades","floor":15.0,"key":"SMITH"},{"floor":24.0,"key":"REST"},{"floor":32.0,"key":"REST"}],"circlet_count":0,"master_deck":["Strike_G","Strike_G","Strike_G","Strike_G","Strike_G","Defend_G","Defend_G","Defend_G","Defend_G","Defend_G","Survivor","Neutralize","Storm of Steel","Finisher","Flying Knee","Dagger Spray","Backstab+1","infinitespire:FinalStrike+1","Infinite Blades+1","Flying Knee","Backstab","Corpse Explosion","Choke","Blade Dance","Choke"],"relics":["Ring of the Serpent","Centennial Puzzle","Lantern","Enchiridion","Sling","Pear","Art of War","MawBank","Membership Card","Mercury Hourglass","Anchor"],"acts_visited":["Exordium","TheCity"],"potions_floor_usage":[33],"damage_taken":[{"damage":0.0,"enemies":"Cultist","floor":1.0,"turns":4.0},{"damage":0.0,"enemies":"Small Slimes","floor":2.0,"turns":2.0},{"damage":7.0,"enemies":"2 Louse","floor":3.0,"turns":2.0},{"damage":13.0,"enemies":"Red Slaver","floor":4.0,"turns":5.0},{"damage":0.0,"enemies":"Exordium Thugs","floor":5.0,"turns":3.0},{"damage":0.0,"enemies":"2 Fungi Beasts","floor":12.0,"turns":1.0},{"damage":0.0,"enemies":"Looter","floor":13.0,"turns":1.0},{"damage":0.0,"enemies":"Exordium Wildlife","floor":14.0,"turns":3.0},{"damage":41.0,"enemies":"Hexaghost","floor":16.0,"turns":6.0},{"damage":0.0,"enemies":"2 Thieves","floor":18.0,"turns":1.0},{"damage":2.0,"enemies":"Chosen","floor":21.0,"turns":2.0},{"damage":36.0,"enemies":"Nightmare","floor":23.0,"turns":5.0},{"damage":7.0,"enemies":"Shelled Parasite and Fungi","floor":25.0,"turns":2.0},{"damage":0.0,"enemies":"3 Cultists","floor":28.0,"turns":2.0},{"damage":12.0,"enemies":"Book of Stabbing","floor":30.0,"turns":2.0},{"damage":0.0,"enemies":"Chosen and Byrds","floor":31.0,"turns":3.0},{"damage":69,"enemies":"Collector","floor":33,"turns":7}],"seed_played":"-3389218000711072829","potions_obtained":[{"floor":4.0,"key":"SteroidPotion"},{"floor":5.0,"key":"Weak Potion"},{"floor":14.0,"key":"Ancient Potion"},{"floor":16.0,"key":"Explosive Potion"},{"floor":21.0,"key":"GamblersBrew"},{"floor":25.0,"key":"AttackPotion"},{"floor":30.0,"key":"PowerPotion"}],"is_trial":false,"path_per_floor":["M","M","M","M","M","R","?","R","T","?","$","M","M","M","R","B",null,"M","?","$","M","?","NM","R","M","T","$","M","?","E","M","R","B"],"character_chosen":"THE_SILENT","items_purchased":["Lantern","Sling","Membership Card"],"campfire_rested":3,"item_purchase_floors":[11,20,27],"current_hp_per_floor":[70,70,63,50,50,50,33,54,54,54,54,54,54,54,54,13,70,70,54,54,52,62,26,50,43,43,43,43,43,31,31,55,0,0],"gold":97,"neow_bonus":"ONE_RANDOM_RARE_CARD","is_daily":false,"chose_seed":false,"campfire_upgraded":2,"win_rate":0.0,"timestamp":1610991233,"path_taken":["M","M","?","M","M","R","?","R","T","?","$","M","?","M","R","BOSS","M","?","$","M","?","NM","R","?","T","?","M","?","E","M","R","BOSS"],"items_purchased_type":["Relic","Relic","Relic"],"build_version":"2020-12-22","purchased_purges":0,"victory":false,"max_hp_per_floor":[70,70,70,70,70,70,70,70,70,70,70,70,70,70,70,70,70,70,70,70,70,80,80,80,80,80,80,80,80,80,80,80,80,80],"card_choices":[{"not_picked":["Skewer","Backflip"],"picked":"Finisher","floor":1.0},{"not_picked":["Deadly Poison","Tactician"],"picked":"Flying Knee","floor":2.0},{"not_picked":["Endless Agony","Poisoned Stab"],"picked":"Dagger Spray","floor":3.0},{"not_picked":["Poisoned Stab","Choke"],"picked":"Backstab","floor":4.0},{"not_picked":["PiercingWail","Deflect","Deadly Poison"],"picked":"SKIP","floor":5.0},{"not_picked":["infinitespire:Menacing","infinitespire:FutureSight"],"picked":"infinitespire:FinalStrike","floor":7.0},{"not_picked":["Slice","Quick Slash"],"picked":"Infinite Blades","floor":12.0},{"not_picked":["Deadly Poison","Dagger Throw"],"picked":"Flying Knee","floor":13.0},{"not_picked":["Heel Hook","Blur"],"picked":"Backstab","floor":14.0},{"not_picked":["A Thousand Cuts","Unload"],"picked":"Corpse Explosion","floor":16.0},{"not_picked":["Heel Hook","Dagger Throw","Bane+1"],"picked":"SKIP","floor":18.0},{"not_picked":["Dagger Spray","Eviscerate","Slice+1"],"picked":"SKIP","floor":21.0},{"not_picked":["Deadly Poison+1","Concentrate"],"picked":"Choke","floor":23.0},{"not_picked":["Bane","Cloak And Dagger"],"picked":"Blade Dance","floor":25.0},{"not_picked":["Deadly Poison","Bullet Time"],"picked":"Choke","floor":28.0},{"not_picked":["Eviscerate+1","Cloak And Dagger","Footwork"],"picked":"SKIP","floor":30.0},{"not_picked":["Poisoned Stab","Concentrate","Footwork"],"picked":"SKIP","floor":31.0}],"player_experience":175423,"relics_obtained":[{"floor":9.0,"key":"Centennial Puzzle"},{"floor":19.0,"key":"Enchiridion"},{"floor":23.0,"key":"Art of War"},{"floor":26.0,"key":"MawBank"},{"floor":30.0,"key":"Anchor"}],"event_choices":[{"damage_healed":0.0,"max_hp_gain":0.0,"max_hp_loss":0.0,"gold_gain":0.0,"event_name":"Accursed Blacksmith","player_choice":"Forge","floor":10.0,"gold_loss":0.0,"damage_taken":0.0,"cards_upgraded":["infinitespire:FinalStrike"]},{"damage_healed":0.0,"max_hp_gain":0.0,"max_hp_loss":0.0,"gold_gain":0.0,"event_name":"Cursed Tome","player_choice":"Obtained Book","floor":19.0,"gold_loss":0.0,"damage_taken":16.0},{"damage_healed":0.0,"max_hp_gain":0.0,"max_hp_loss":0.0,"gold_gain":0.0,"event_name":"WeMeetAgain","player_choice":"Gave Potion","floor":22.0,"gold_loss":0.0,"damage_taken":0.0,"relics_obtained":["Pear"]},{"damage_healed":0.0,"max_hp_gain":0.0,"max_hp_loss":0.0,"gold_gain":0.0,"event_name":"The Mausoleum","player_choice":"Opened","floor":29.0,"gold_loss":0.0,"damage_taken":0.0,"relics_obtained":["Mercury Hourglass"]}],"is_beta":false,"boss_relics":[{"not_picked":["SacredBark","Sozu"],"picked":"Ring of the Serpent"}],"items_purged_floors":[],"is_endless":true,"potions_floor_spawned":[4,5,14,16,21,25,30],"killed_by":"Collector","ascension_level":0}}