{"host":"dth8fvkfiulu86fi","time":1610968461,"event":{"mods":["2.2 Compatiblity","AchievementEnabler","BaseMod","Better Third Choice","Colored Map","Colored Powertips","Minty Spire (QoL Compilation)","Rare Cards Sparkle","StSLib","SuperFastMode","Synergy Search"],"gold_per_floor":[114,114,129,129,204,242,92,130,130,155,5,24,24,43,43,168,168,187,201,201,9,34,72,72,110,110,148,148,148,148,73,73,198,198,217,16,349,394,409,439,454,150,150,0,0,0,25,25,25,25],"floor_reached":51,"language":"ENG","playtime":1242,"items_purged":["Sword Boomerang"],"score":881,"play_id":"f7278077-09dd-44ea-9ab4-d695ecf0744a","local_time":"20210118121421","daily_mods":["Draft","Flight","Lethality"],"is_ascension_mode":false,"campfire_choices":[{"floor":13,"key":"REST"},{"data":"Immolate","floor":15,"key":"SMITH"},{"floor":32,"key":"REST"},{"floor":46,"key":"REST"},{"floor":49,"key":"REST"}],"circlet_count":0,"master_deck":["Flex","Twin Strike","Heavy Blade","Cleave+1","Flex","Anger","Anger","Anger","Flex","Shrug It Off","Limit Break","Heavy Blade","Impervious","Twin Strike+1","Immolate+1","Immolate+1","Panache","Perfected Strike","Limit Break","Perfected Strike+1","Armaments+1","Havoc+1","Shrug It Off","Ghostly Armor+1","Heavy Blade","Limit Break"],"relics":["Burning Blood","Juzu Bracelet","DollysMirror","Tiny Chest","Boot","Omamori","Orrery","Sozu","Red Mask","Happy Flower","Bird Faced Urn","Lantern","Darkstone Periapt","Pocketwatch","HornCleat","Astrolabe","Brimstone","Mango","PreservedInsect","Bottled Lightning","Red Skull","HandDrill","Whetstone"],"acts_visited":["Exordium","TheCity","TheBeyond"],"potions_floor_usage":[6,16,40,40],"damage_taken":[{"damage":0,"enemies":"Cultist","floor":1,"turns":1},{"damage":0,"enemies":"2 Louse","floor":3,"turns":1},{"damage":1,"enemies":"Lagavulin","floor":6,"turns":3},{"damage":0,"enemies":"Gremlin Nob","floor":8,"turns":2},{"damage":8,"enemies":"Small Slimes","floor":12,"turns":3},{"damage":0,"enemies":"Blue Slaver","floor":14,"turns":2},{"damage":0,"enemies":"Slime Boss","floor":16,"turns":4},{"damage":13,"enemies":"2 Thieves","floor":18,"turns":2},{"damage":0,"enemies":"Masked Bandits","floor":19,"turns":2},{"damage":39,"enemies":"Book of Stabbing","floor":23,"turns":3},{"damage":10,"enemies":"Slavers","floor":25,"turns":3},{"damage":16,"enemies":"Book of Stabbing","floor":27,"turns":3},{"damage":6,"enemies":"Champ","floor":33,"turns":5},{"damage":0,"enemies":"3 Shapes","floor":35,"turns":1},{"damage":14,"enemies":"2 Orb Walkers","floor":38,"turns":3},{"damage":0,"enemies":"3 Darklings","floor":39,"turns":2},{"damage":58,"enemies":"Nemesis","floor":40,"turns":4},{"damage":12,"enemies":"Sphere and 2 Shapes","floor":41,"turns":3},{"damage":74,"enemies":"Awakened One","floor":50,"turns":6}],"seed_played":"-1283480827410872575","potions_obtained":[{"floor":1,"key":"Energy Potion"},{"floor":3,"key":"LiquidBronze"},{"floor":6,"key":"HeartOfIron"},{"floor":14,"key":"Ancient Potion"}],"is_trial":false,"path_per_floor":["M","$","M","?","?","E","$","E","T","T","$","M","R","M","R","B",null,"M","?","?","$","T","E","?","E","T","E","?","?","T","$","R","B",null,"M","$","?","?","M","E","M","$","T","$","?","R","T","?","R","B",null],"character_chosen":"IRONCLAD","items_purchased":["DollysMirror","Orrery","Panache","Brimstone","Shrug It Off","Bottled Lightning","Heavy Blade","HandDrill"],"campfire_rested":4,"item_purchase_floors":[7,11,21,36,36,42,42,44],"current_hp_per_floor":[80,80,80,60,49,54,54,60,60,60,60,58,80,80,80,80,80,73,79,80,80,80,47,47,45,45,37,37,37,37,37,61,65,80,80,80,80,86,94,42,36,36,36,36,36,64,64,64,92,26],"gold":25,"neow_bonus":"","is_daily":true,"chose_seed":false,"campfire_upgraded":1,"win_rate":0.0,"timestamp":1610968461,"path_taken":["M","$","?","?","?","E","?","E","T","?","$","M","R","M","R","BOSS","M","?","?","$","?","E","?","E","T","E","?","?","?","$","R","BOSS","M","$","?","?","M","E","M","$","T","$","?","R","?","?","R","BOSS"],"items_purchased_type":["Relic","Relic","Card","Relic","Card","Relic","Card","Relic"],"build_version":"2020-12-22","purchased_purges":1,"victory":true,"max_hp_per_floor":[80,80,80,80,80,80,80,80,80,80,80,80,80,80,80,80,80,80,80,80,80,80,80,80,80,80,80,80,80,80,80,80,80,80,80,80,80,94,94,94,94,94,94,94,94,94,94,94,94,94],"card_choices":[{"not_picked":["Second Wind","Rampage"],"picked":"True Grit","floor":0},{"not_picked":["Metallicize","Feel No Pain"],"picked":"Cleave","floor":0},{"not_picked":["Anger","Hemokinesis"],"picked":"Flex","floor":0},{"not_picked":["Armaments","Clash"],"picked":"Twin Strike","floor":0},{"not_picked":["Hemokinesis","Armaments"],"picked":"Sword Boomerang","floor":0},{"not_picked":["Cleave","Sentinel"],"picked":"Inflame","floor":0},{"not_picked":["Wild Strike","Entrench"],"picked":"Iron Wave","floor":0},{"not_picked":["True Grit","Cleave"],"picked":"Heavy Blade","floor":0},{"not_picked":["Dual Wield","Thunderclap"],"picked":"Cleave","floor":0},{"not_picked":["Dropkick","Armaments"],"picked":"Flex","floor":0},{"not_picked":["True Grit","Feel No Pain"],"picked":"Anger","floor":0},{"not_picked":["Sentinel","Clothesline"],"picked":"Anger","floor":0},{"not_picked":["Armaments","True Grit"],"picked":"Anger","floor":0},{"not_picked":["Wild Strike","Armaments"],"picked":"Flex","floor":0},{"not_picked":["Warcry","Bloodletting"],"picked":"Shrug It Off","floor":0},{"not_picked":["Body Slam","True Grit","Cleave"],"picked":"SKIP","floor":1},{"not_picked":["Clash","Cleave"],"picked":"Reckless Charge","floor":3},{"not_picked":["Havoc","Heavy Blade"],"picked":"Limit Break","floor":6},{"not_picked":["Wild Strike","Warcry","Battle Trance"],"picked":"SKIP","floor":8},{"not_picked":["Iron Wave","Warcry"],"picked":"Impervious","floor":11},{"not_picked":["Havoc","Sword Boomerang"],"picked":"Twin Strike","floor":11},{"not_picked":["Carnage","Rampage","Bloodletting"],"picked":"SKIP","floor":12},{"not_picked":["Clash","Headbutt"],"picked":"Immolate","floor":14},{"not_picked":["Barricade","Berserk"],"picked":"Immolate","floor":16},{"not_picked":["Iron Wave","Fire Breathing","Clash"],"picked":"SKIP","floor":18},{"not_picked":["Cleave","Clash"],"picked":"Perfected Strike","floor":23},{"not_picked":["Combust","Clash+1","Wild Strike"],"picked":"SKIP","floor":25},{"not_picked":["Hemokinesis+1","Armaments","Pommel Strike"],"picked":"SKIP","floor":27},{"not_picked":["Double Tap","Corruption"],"picked":"Limit Break","floor":33},{"not_picked":["Clash","Pommel Strike+1","Sword Boomerang+1"],"picked":"SKIP","floor":35},{"not_picked":["Burning Pact+1","Clothesline","Infernal Blade"],"picked":"SKIP","floor":39},{"not_picked":["Thunderclap+1","Combust"],"picked":"Ghostly Armor+1","floor":40},{"not_picked":["Clash","Iron Wave","Sword Boomerang+1"],"picked":"SKIP","floor":41}],"player_experience":1153058,"relics_obtained":[{"floor":6,"key":"Juzu Bracelet"},{"floor":8,"key":"Tiny Chest"},{"floor":9,"key":"Boot"},{"floor":10,"key":"Omamori"},{"floor":19,"key":"Red Mask"},{"floor":22,"key":"Happy Flower"},{"floor":23,"key":"Bird Faced Urn"},{"floor":25,"key":"Lantern"},{"floor":26,"key":"Darkstone Periapt"},{"floor":27,"key":"Pocketwatch"},{"floor":30,"key":"HornCleat"},{"floor":38,"key":"Mango"},{"floor":40,"key":"PreservedInsect"},{"floor":43,"key":"Red Skull"},{"floor":47,"key":"Whetstone"}],"event_choices":[{"damage_healed":0,"gold_gain":0,"player_choice":"Take Damage","damage_taken":20,"relics_obtained":["Golden Idol"],"max_hp_gain":0,"max_hp_loss":0,"event_name":"Golden Idol","floor":4,"gold_loss":0},{"damage_healed":0,"gold_gain":75,"player_choice":"Gold","damage_taken":11,"max_hp_gain":0,"max_hp_loss":0,"event_name":"betterThird:BetterGoop","floor":5,"gold_loss":0},{"damage_healed":0,"gold_gain":0,"player_choice":"Fought Bandits","damage_taken":0,"max_hp_gain":0,"max_hp_loss":0,"event_name":"Masked Bandits","floor":19,"gold_loss":0},{"cards_removed":["Reckless Charge"],"damage_healed":1,"gold_gain":0,"player_choice":"Offered Uncommon","damage_taken":0,"max_hp_gain":0,"max_hp_loss":0,"event_name":"Bonfire Elementals","floor":20,"gold_loss":0},{"damage_healed":0,"gold_gain":0,"player_choice":"Forge","damage_taken":0,"max_hp_gain":0,"max_hp_loss":0,"event_name":"Accursed Blacksmith","floor":24,"gold_loss":0,"cards_upgraded":["Immolate"]},{"damage_healed":0,"gold_gain":0,"player_choice":"Ignored","damage_taken":0,"max_hp_gain":0,"max_hp_loss":0,"event_name":"Ghosts","floor":28,"gold_loss":0},{"damage_healed":0,"gold_gain":0,"player_choice":"0 cards matched","damage_taken":0,"max_hp_gain":0,"max_hp_loss":0,"event_name":"Match and Keep!","floor":29,"gold_loss":0,"cards_obtained":[]},{"damage_healed":0,"gold_gain":333,"player_choice":"Gave Idol","damage_taken":0,"max_hp_gain":0,"max_hp_loss":0,"event_name":"The Moai Head","floor":37,"relics_lost":["Golden Idol"],"gold_loss":0},{"damage_healed":0,"gold_gain":0,"player_choice":"Fight","damage_taken":0,"max_hp_gain":0,"max_hp_loss":0,"event_name":"Mysterious Sphere","floor":38,"gold_loss":0},{"damage_healed":0,"gold_gain":0,"player_choice":"Copied","damage_taken":0,"max_hp_gain":0,"max_hp_loss":0,"event_name":"Duplicator","floor":45,"gold_loss":0,"cards_obtained":["Limit Break"]},{"cards_removed":["Cleave"],"damage_healed":0,"gold_gain":0,"player_choice":"Removed Attack","damage_taken":0,"max_hp_gain":0,"max_hp_loss":0,"event_name":"Falling","floor":48,"gold_loss":0}],"is_beta":false,"boss_relics":[{"not_picked":["Runic Dome","Mark of Pain"],"picked":"Sozu"},{"not_picked":["Velvet Choker","Coffee Dripper"],"picked":"Astrolabe"}],"items_purged_floors":[31],"is_endless":false,"potions_floor_spawned":[1,3,6,14,18,23,39],"ascension_level":0}}