{"host":"ktoxvvst1mwxww91","time":1610955425,"event":{"mods":["BaseMod","Downfall","Hermit","Minty Spire (QoL Compilation)","StSLib","The Blackbeard","The Hierophant","The Mystic","The Necromancer"],"gold_per_floor":[99,115,135,45,145,245,292,5,5,5,5],"floor_reached":9,"language":"ENG","playtime":554,"items_purged":["champ:Strike","champ:Strike"],"score":54,"play_id":"2587597c-52fa-489e-a456-f222f4210d2f","local_time":"20210118083705","is_ascension_mode":true,"campfire_choices":[{"data":"champ:Taunt","floor":1,"key":"SMITH"}],"circlet_count":0,"master_deck":["champ:Defend","champ:Defend","champ:Defend","champ:Defend","champ:Execute","champ:Taunt+1","champ:BerserkerStyle+1","champ:DeathBlow","champ:RecklessLeap","champ:Parry","champ:PreciseThrust","champ:FocusedBerserking","champ:EndlessRage","champ:BringItOn"],"relics":["champ:ChampionCrown","Pen Nib","CloakClasp","Bag of Marbles","Anchor"],"acts_visited":["Exordium"],"potions_floor_usage":[6],"damage_taken":[{"damage":10,"enemies":"2 Louse","floor":2,"turns":3},{"damage":33,"enemies":"Jaw Worm","floor":3,"turns":6},{"damage":30,"enemies":"downfall:FleeingMerchant","floor":4,"turns":4},{"damage":127,"enemies":"downfall:Heads","floor":5,"turns":6},{"damage":63,"enemies":"downfall:Heads","floor":6,"turns":8},{"damage":20,"enemies":"downfall:FleeingMerchant","floor":8,"turns":4},{"damage":9,"enemies":"Gremlin Nob","floor":9,"turns":2}],"seed_played":"2484800628897186128","potions_obtained":[{"floor":5,"key":"Block Potion"}],"is_trial":false,"path_per_floor":["R","M","M","$","?","?","T","$","E"],"character_chosen":"THE_CHAMP","items_purchased":["champ:BringItOn","Anchor"],"campfire_rested":0,"item_purchase_floors":[8,8],"current_hp_per_floor":[90,90,81,81,29,11,11,2,0,0,0],"gold":5,"neow_bonus":"RANDOM_COMMON_RELIC","is_daily":false,"chose_seed":false,"campfire_upgraded":1,"win_rate":0.0,"timestamp":1610955425,"path_taken":["R","M","M","$","?","?","T","$","E"],"items_purchased_type":["Card","Relic"],"build_version":"2020-12-22","purchased_purges":2,"victory":false,"max_hp_per_floor":[90,90,90,90,90,90,90,90,90,90,90],"card_choices":[{"not_picked":["champ:DefensiveShout","champ:BerserkersShout"],"picked":"champ:BerserkerStyle","floor":2},{"not_picked":["champ:ViciousMockery","champ:RageSigil"],"picked":"champ:DeathBlow","floor":3},{"not_picked":["champ:Circumvent","champ:DefensiveShout"],"picked":"champ:RecklessLeap","floor":4},{"not_picked":["champ:FancyFootwork","champ:DefensiveStyle"],"picked":"champ:PreciseThrust","floor":5},{"not_picked":["champ:GutPunch","champ:RageSigil"],"picked":"champ:FocusedBerserking","floor":6},{"not_picked":["champ:BerserkersShout","champ:EnchantSword"],"picked":"champ:EndlessRage","floor":8}],"player_experience":1143492,"relics_obtained":[{"floor":6,"key":"CloakClasp"},{"floor":7,"key":"Bag of Marbles"}],"event_choices":[],"is_beta":false,"boss_relics":[],"items_purged_floors":[4,8],"is_endless":false,"potions_floor_spawned":[5],"killed_by":"Gremlin Nob","ascension_level":2}}