{"host":"7tqog9fnhs0gxmti","time":1610974991,"event":{"mods":["AchievementEnabler","Act Like it!","BaseMod","Beaked The Cultist","Colored Map","Colored Powertips","Hermit","Highlight Path","Koishi","Minty Spire (QoL Compilation)","Robot Space Explorer","StSLib","The Gatherer","everything is the same but u backflip on backflip"],"gold_per_floor":[115,115,134,152,227,227,256,256,256,256,288,304,304,324,324,426,426,436,454,473,473,572,572,585,599,644,644,644,644],"floor_reached":27,"language":"ENG","playtime":1265,"items_purged":[],"score":225,"play_id":"1576018b-9d1a-4a44-aaa8-47f14a5337a5","local_time":"20210118210311","is_ascension_mode":false,"metric_token":913,"campfire_choices":[{"data":"Gatherer:Centralize","floor":6,"key":"SMITH"},{"data":"Gatherer:VenomBarrier","floor":8,"key":"SMITH"},{"data":"Gatherer:RottenStipe","floor":10,"key":"SMITH"},{"data":"Gatherer:MiningStrike","floor":15,"key":"SMITH"},{"data":"beaked:NobsRage","floor":23,"key":"SMITH"}],"circlet_count":0,"master_deck":["Gatherer:Strike_Gatherer","Gatherer:Strike_Gatherer","Gatherer:Strike_Gatherer","Gatherer:Strike_Gatherer","Gatherer:Defend_Gatherer","Gatherer:Defend_Gatherer","Gatherer:Defend_Gatherer","Gatherer:Defend_Gatherer","Gatherer:Defend_Gatherer","Gatherer:Centralize+1","Gatherer:FlowerWhip+2","Gatherer:FruitForce","Gatherer:RottenStipe+1","Gatherer:VenomBarrier+1","Gatherer:CollectorsShot","Gatherer:MiningStrike+1","Gatherer:FlowerShield+2","Gatherer:Photoscythe","beaked:NobsRage+1","Gatherer:RottenStipe","Gatherer:Uplift+1","Gatherer:BalancedGrowth","Gatherer:ScherryThrow+1","Gatherer:Nutrients"],"relics":["Gatherer:AlchemyBag","Gatherer:MistGenerator","Gatherer:FloralEgg","Bottled Flame","Art of War","Pantograph","beaked:SacredDeck","Smiling Mask"],"acts_visited":["Exordium","TheCity"],"potions_floor_usage":[7,11,11,16,16,16,24,27],"damage_taken":[{"damage":1,"enemies":"2 Louse","floor":1,"turns":2},{"damage":6,"enemies":"Jaw Worm","floor":3,"turns":4},{"damage":0,"enemies":"Small Slimes","floor":4,"turns":3},{"damage":31,"enemies":"3 Sentries","floor":7,"turns":9},{"damage":5,"enemies":"Gremlin Nob","floor":11,"turns":4},{"damage":5,"enemies":"Gremlin Gang","floor":12,"turns":4},{"damage":10,"enemies":"Exordium Wildlife","floor":14,"turns":4},{"damage":17,"enemies":"Hexaghost","floor":16,"turns":10},{"damage":0,"enemies":"3 Byrds","floor":18,"turns":4},{"damage":4,"enemies":"Shell Parasite","floor":19,"turns":7},{"damage":22,"enemies":"Snecko","floor":20,"turns":5},{"damage":20,"enemies":"3 Cultists","floor":24,"turns":6},{"damage":44,"enemies":"Chosen and Byrds","floor":25,"turns":6},{"damage":5,"enemies":"Snake Plant","floor":27,"turns":2}],"seed_played":"172198511448875435","potions_obtained":[{"floor":0,"key":"BottledMiracle"},{"floor":0,"key":"FearPotion"},{"floor":0,"key":"BloodPotion"},{"floor":4,"key":"Regen Potion"},{"floor":7,"key":"Energy Potion"},{"floor":12,"key":"Ancient Potion"},{"floor":14,"key":"DistilledChaos"},{"floor":18,"key":"BloodPotion"},{"floor":20,"key":"Block Potion"}],"is_trial":false,"path_per_floor":["M","?","M","M","?","R","E","R","T","R","E","M","T","M","R","B",null,"M","M","M","?","?","R","M","M","T","M"],"character_chosen":"THE_GATHERER","items_purchased":[],"campfire_rested":0,"item_purchase_floors":[],"current_hp_per_floor":[75,72,66,66,55,55,39,39,39,39,49,44,44,34,34,42,76,76,72,50,50,50,50,45,1,1,0,0,0],"gold":644,"neow_bonus":"THREE_SMALL_POTIONS","is_daily":false,"chose_seed":false,"campfire_upgraded":5,"win_rate":0.0,"timestamp":1610974991,"path_taken":["M","?","M","M","?","R","E","R","T","R","E","M","?","M","R","BOSS","M","M","M","?","?","R","M","M","T","M"],"items_purchased_type":[],"build_version":"2020-12-22","purchased_purges":0,"victory":false,"max_hp_per_floor":[76,76,76,76,76,76,76,76,76,76,76,76,76,76,76,76,76,76,76,76,76,76,76,76,76,76,76,76,76],"card_choices":[{"not_picked":["Gatherer:AcidicSpray","Gatherer:SmartManeuver"],"picked":"Gatherer:FruitForce","floor":1},{"not_picked":["Gatherer:Frenzy","Gatherer:DrugPower"],"picked":"Gatherer:RottenStipe","floor":3},{"not_picked":["Gatherer:ScentOfRosmari","Gatherer:GatherMaterial","Gatherer:PotentialSlash"],"picked":"SKIP","floor":4},{"not_picked":["Gatherer:Herbalism","Gatherer:TacticalStrike"],"picked":"Gatherer:VenomBarrier","floor":7},{"not_picked":["Gatherer:AromaProtection","Gatherer:Examine"],"picked":"Gatherer:CollectorsShot","floor":11},{"not_picked":["Gatherer:WoolGloves","Gatherer:EchoOfNature"],"picked":"Gatherer:MiningStrike","floor":12},{"not_picked":["Gatherer:DrugPower","Gatherer:Transmute"],"picked":"Gatherer:FlowerShield","floor":14},{"not_picked":["Gatherer:FlamingBottle","Gatherer:Examine"],"picked":"Gatherer:Photoscythe","floor":16},{"not_picked":["Gatherer:FlowerShield","Gatherer:SmartManeuver"],"picked":"Gatherer:RottenStipe","floor":18},{"not_picked":["Gatherer:TacticalStrike","Gatherer:DrugPower"],"picked":"Gatherer:Uplift+1","floor":19},{"not_picked":["Gatherer:CarefulStrike","Gatherer:FragileHammer+1"],"picked":"Gatherer:BalancedGrowth","floor":20},{"not_picked":["Gatherer:Misfortune","Gatherer:MiningStrike"],"picked":"Gatherer:ScherryThrow+1","floor":24},{"not_picked":["Gatherer:WoolGloves","Gatherer:QuickSynthesis"],"picked":"Gatherer:Nutrients","floor":25}],"player_experience":785170,"relics_obtained":[{"floor":7,"key":"Gatherer:FloralEgg"},{"floor":9,"key":"Bottled Flame"},{"floor":11,"key":"Art of War"},{"floor":13,"key":"Pantograph"},{"floor":26,"key":"Smiling Mask"}],"event_choices":[{"damage_healed":0,"gold_gain":0,"player_choice":"Success","damage_taken":3,"relics_obtained":["Gatherer:MistGenerator"],"max_hp_gain":0,"max_hp_loss":0,"event_name":"Scrap Ooze","floor":2,"gold_loss":0},{"damage_healed":0,"gold_gain":75,"player_choice":"Gather Gold","damage_taken":11,"max_hp_gain":0,"max_hp_loss":0,"event_name":"World of Goop","floor":5,"gold_loss":0},{"cards_removed":["Gatherer:Strike_Gatherer"],"damage_healed":0,"gold_gain":0,"player_choice":"Elegance","damage_taken":0,"max_hp_gain":0,"max_hp_loss":0,"event_name":"Back to Basics","floor":21,"gold_loss":0},{"damage_healed":0,"gold_gain":99,"player_choice":"Stole From Cult","damage_taken":0,"max_hp_gain":0,"max_hp_loss":0,"event_name":"Nest","floor":22,"gold_loss":0}],"is_beta":false,"boss_relics":[{"not_picked":["Fusion Hammer","Pandora\u0027s Box"],"picked":"beaked:SacredDeck"}],"items_purged_floors":[],"is_endless":false,"potions_floor_spawned":[4,7,12,14,18,20],"killed_by":"Snake Plant","ascension_level":0}}