{"host":"59cc6k4ir9ghxqag","time":1610980080,"event":{"mods":["BaseMod","Colored Powertips","Hermit","Infinite Spire","Lobotomy","Marisa£®ÏF”Í°°ƒß¿Ì…≥£©","Minty Spire (QoL Compilation)","Remilia£®¿Ÿ√◊¿Ú—«£©","Replay The Spire","StSLib","The Bug Knight","The Cursed","The Jungle"],"gold_per_floor":[112,7,7,7,24,24,24,38,38,57,57,80,123,166,166,290,290,314,337,361,12,70,151,230,288,288,321,394,437,457,491,491,610,610,625,639,655,668,689,728,772,785,785,810,869,893,932,945,945,945,945],"floor_reached":50,"language":"ZHS","playtime":7754,"items_purged":[],"score":971,"play_id":"581f5b02-97ec-4851-90db-67d7932b48e8","local_time":"20210118222800","daily_mods":["SealedDeck","Diverse","Heirloom","Flight","Lethality"],"is_ascension_mode":false,"campfire_choices":[{"data":"Genetic Algorithm","floor":11.0,"key":"SMITH"},{"data":"Collect","floor":15.0,"key":"SMITH"},{"data":"1","floor":32.0,"key":"LIFT"},{"data":"Body Slam","floor":49.0,"key":"SMITH"}],"circlet_count":0,"master_deck":["Rip and Tear","Self Repair","Backstab","hermit:Ricochet","Sweeping Beam","Steam+1","Metallicize","Genetic Algorithm+1","OortCloud","GravityBeat","GravityBeat","Collect+1","HollowMod:InfectedCysts","Protect+1","hermit:Ricochet","Backstab+1","WitchOfGreed","Twin Strike","hermit:BodyArmor+1","AsteroidBelt+1","HollowMod:InfectedAttack","TheCursedMod:RapidMovement","Body Slam","Adrenaline","Quick Slash+1","Backstab+1","Body Slam+1","Sever Soul","Replay:Undeath\u0027s Touch"],"relics":["PureWater","Thread and Needle","Golden Idol","FaceOfCleric","Boot","Durian","Girya","Empty Cage","infinitespire:Broken Mirror","War Paint","Lantern","MealTicket","Blood Vial","Replay:Drink Me","Pear","Dead Branch","Mummified Hand","HollowMod:PaleOreRelic","HollowMod:LifeEnderRelic"],"acts_visited":["Exordium","TheCity","TheBeyond"],"potions_floor_usage":[50],"damage_taken":[{"damage":0.0,"enemies":"Jaw Worm","floor":1.0,"turns":1.0},{"damage":0.0,"enemies":"Cultist","floor":5.0,"turns":1.0},{"damage":0.0,"enemies":"2 Louse","floor":8.0,"turns":1.0},{"damage":6.0,"enemies":"Lots of Slimes","floor":10.0,"turns":2.0},{"damage":5.0,"enemies":"Exordium Thugs","floor":12.0,"turns":2.0},{"damage":11.0,"enemies":"Gremlin Nob","floor":13.0,"turns":3.0},{"damage":5.0,"enemies":"Lagavulin","floor":14.0,"turns":4.0},{"damage":0.0,"enemies":"Fading Forest","floor":16.0,"turns":11.0},{"damage":8.0,"enemies":"Shell Parasite","floor":18.0,"turns":3.0},{"damage":0.0,"enemies":"3 Byrds","floor":19.0,"turns":4.0},{"damage":14.0,"enemies":"Centurion and Healer","floor":20.0,"turns":4.0},{"damage":0.0,"enemies":"Snecko","floor":22.0,"turns":3.0},{"damage":12.0,"enemies":"Replay:Snechameleon","floor":23.0,"turns":6.0},{"damage":9.0,"enemies":"HollowMod:Nosk","floor":24.0,"turns":6.0},{"damage":10.0,"enemies":"Cultist and Chosen","floor":25.0,"turns":6.0},{"damage":3.0,"enemies":"Centurion and Healer","floor":27.0,"turns":3.0},{"damage":0.0,"enemies":"Gremlin Leader","floor":28.0,"turns":6.0},{"damage":13.0,"enemies":"Snecko","floor":29.0,"turns":3.0},{"damage":15.0,"enemies":"Snake Plant","floor":30.0,"turns":2.0},{"damage":0.0,"enemies":"3 Cultists","floor":31.0,"turns":3.0},{"damage":26.0,"enemies":"Pondfish","floor":33.0,"turns":6.0},{"damage":0.0,"enemies":"3 Shapes","floor":35.0,"turns":3.0},{"damage":0.0,"enemies":"Orb Walker","floor":36.0,"turns":1.0},{"damage":15.0,"enemies":"Jaw Worm Horde","floor":37.0,"turns":3.0},{"damage":0.0,"enemies":"4 Shapes","floor":38.0,"turns":4.0},{"damage":17.0,"enemies":"Spire Growth","floor":39.0,"turns":3.0},{"damage":7.0,"enemies":"Giant Head","floor":40.0,"turns":7.0},{"damage":0.0,"enemies":"Reptomancer","floor":41.0,"turns":4.0},{"damage":0.0,"enemies":"Sphere and 2 Shapes","floor":42.0,"turns":3.0},{"damage":0.0,"enemies":"Jaw Worm Horde","floor":44.0,"turns":3.0},{"damage":0.0,"enemies":"HollowMod:StalkingDevout","floor":45.0,"turns":4.0},{"damage":0.0,"enemies":"Transient","floor":46.0,"turns":5.0},{"damage":37.0,"enemies":"Nightmare","floor":47.0,"turns":7.0},{"damage":6.0,"enemies":"3 Darklings","floor":48.0,"turns":2.0},{"damage":63,"enemies":"infinitespire:MassOfShapes","floor":50,"turns":7}],"seed_played":"4163702308979337731","potions_obtained":[{"floor":1.0,"key":"Block Potion"},{"floor":10.0,"key":"FearPotion"},{"floor":13.0,"key":"Elixir"},{"floor":19.0,"key":"SpeedPotion"},{"floor":22.0,"key":"StancePotion"},{"floor":22.0,"key":"Fire Potion"},{"floor":23.0,"key":"BottledMiracle"},{"floor":23.0,"key":"SteroidPotion"},{"floor":25.0,"key":"AttackPotion"},{"floor":35.0,"key":"SteroidPotion"},{"floor":37.0,"key":"SmokeBomb"},{"floor":40.0,"key":"Dexterity Potion"},{"floor":45.0,"key":"Block Potion"},{"floor":48.0,"key":"Toxic Potion"}],"is_trial":true,"path_per_floor":["M","$","?","?","M","?","?","M","T","M","R","M","E","E","R","B",null,"M","M","M","$","M","E","E","M","T","M","E","M","M","M","R","B",null,"M","M","M","M","M","E","E","M","T","M","E","M","NM","M","R","B"],"character_chosen":"WATCHER","items_purchased":["OortCloud","GravityBeat","WitchOfGreed","infinitespire:Broken Mirror","Twin Strike"],"campfire_rested":0,"item_purchase_floors":[2,2,21,21,21],"current_hp_per_floor":[72,72,72,72,72,54,54,55,55,57,57,60,62,65,65,73,83,83,85,79,79,80,76,75,73,73,78,86,83,71,74,74,58,72,73,74,67,76,67,80,83,86,86,89,92,93,64,61,61,0,0],"gold":945,"neow_bonus":"","is_daily":false,"chose_seed":false,"campfire_upgraded":3,"win_rate":0.0,"timestamp":1610980080,"path_taken":["M","$","?","?","?","?","?","M","T","M","R","M","E","E","R","BOSS","M","M","M","$","M","E","E","M","T","M","E","M","M","M","R","BOSS","M","M","M","M","M","E","E","M","T","M","E","M","NM","M","R","BOSS"],"items_purchased_type":["Card","Card","Card","Relic","Card"],"build_version":"2020-12-22","purchased_purges":0,"victory":false,"max_hp_per_floor":[72,72,72,72,72,72,72,73,73,74,74,75,81,82,82,83,83,84,85,86,86,87,88,89,90,90,91,92,93,94,95,95,96,72,73,74,75,76,77,88,89,90,90,91,92,93,94,95,95,95,95],"card_choices":[{"not_picked":["Prostrate","Swivel"],"picked":"Genetic Algorithm","floor":1.0},{"not_picked":["Run Through","Well Laid Plans","hermit:Malice"],"picked":"SKIP","floor":5.0},{"not_picked":["Tempest","Sucker Punch"],"picked":"Collect","floor":8.0},{"not_picked":["hermit:Gestalt","GasGiant","EndlessAdversity"],"picked":"SKIP","floor":10.0},{"not_picked":["hermit:Vantage","TheCursedMod:TacticalStrike"],"picked":"HollowMod:InfectedCysts","floor":12.0},{"not_picked":["Crescendo","ScarletDevil"],"picked":"Protect","floor":13.0},{"not_picked":["HunterOfTheNight","Sweeping Beam"],"picked":"hermit:Ricochet","floor":14.0},{"not_picked":["MysteriousBeam","DeepEcoloBomb","TheCursedMod:CursedMace+1"],"picked":"SKIP","floor":18.0},{"not_picked":["DarkSpark","WitchLeyline"],"picked":"Backstab+1","floor":19.0},{"not_picked":["HollowMod:SoulSplash","TheCursedMod:VitalStrike","InnerPeace+1"],"picked":"SKIP","floor":20.0},{"not_picked":["Prepared","SporeBomb"],"picked":"hermit:BodyArmor+1","floor":22.0},{"not_picked":["ReplayTheSpireMod:Scrap Shanks","hermit:Horror","ShootTheMoon"],"picked":"SKIP","floor":23.0},{"not_picked":["Rampage+1","HollowMod:ElderbugsWisdom"],"picked":"AsteroidBelt+1","floor":24.0},{"not_picked":["TheCursedMod:CircleOfFlame","AfternoonTea+1","Acceleration+1"],"picked":"SKIP","floor":25.0},{"not_picked":["Redo+1","Shrug It Off","Replay:AtTheReady"],"picked":"SKIP","floor":27.0},{"not_picked":["HollowMod:HowlingWraiths","ManaConvection","HollowMod:DashSlash"],"picked":"SKIP","floor":28.0},{"not_picked":["Crystallizer","MiserableFate"],"picked":"HollowMod:InfectedAttack","floor":29.0},{"not_picked":["TheCursedMod:VitalStrike+1","Consecrate"],"picked":"TheCursedMod:RapidMovement","floor":30.0},{"not_picked":["Biased Cognition","EndlessAdversity+1"],"picked":"Body Slam","floor":31.0},{"not_picked":["Tools of the Trade","Wish"],"picked":"Adrenaline","floor":33.0},{"not_picked":["6A+1","UnstableMagic+1"],"picked":"Quick Slash+1","floor":35.0},{"not_picked":["GravityBeat+1","Infinite Blades+1","Barrage"],"picked":"SKIP","floor":36.0},{"not_picked":["HollowMod:DescendingDark","HollowMod:CycloneSlash","Wallop"],"picked":"SKIP","floor":37.0},{"not_picked":["EventHorizon+1","TheCursedMod:VitalStrike"],"picked":"Backstab+1","floor":38.0},{"not_picked":["ShootTheMoon+1","Darkness+1","hermit:Feint"],"picked":"SKIP","floor":39.0},{"not_picked":["Rip and Tear","Ball Lightning+1","ScarletSymphony+1"],"picked":"SKIP","floor":40.0},{"not_picked":["TheCursedMod:ManaCirculation","StarBarrage+1"],"picked":"Body Slam","floor":41.0},{"not_picked":["MysteriousBeam+1","ReplayTheSpireMod:Strike From Hell+1"],"picked":"Sever Soul","floor":42.0},{"not_picked":["Headbutt","IllusionStar+1"],"picked":"Replay:Undeath\u0027s Touch","floor":44.0},{"not_picked":["EmergencyRegeneration+1","hermit:WideOpen+1","ReplayTheSpireMod:Calculation Training+1"],"picked":"SKIP","floor":45.0},{"not_picked":["Ghostly Armor","DoubleSpark","Dash+1"],"picked":"SKIP","floor":46.0},{"not_picked":["VampirishNight","ReachHeaven+1","FollowUp"],"picked":"SKIP","floor":47.0},{"not_picked":["Anger+1","Meteor Strike","Headbutt"],"picked":"SKIP","floor":48.0}],"player_experience":519731,"relics_obtained":[{"floor":9.0,"key":"Boot"},{"floor":13.0,"key":"Durian"},{"floor":14.0,"key":"Girya"},{"floor":23.0,"key":"War Paint"},{"floor":24.0,"key":"Lantern"},{"floor":26.0,"key":"MealTicket"},{"floor":28.0,"key":"Blood Vial"},{"floor":40.0,"key":"Pear"},{"floor":41.0,"key":"Dead Branch"},{"floor":43.0,"key":"Mummified Hand"},{"floor":45.0,"key":"HollowMod:PaleOreRelic"},{"floor":47.0,"key":"HollowMod:LifeEnderRelic"}],"event_choices":[{"cards_removed":["Delirium"],"damage_healed":0.0,"max_hp_gain":0.0,"max_hp_loss":0.0,"gold_gain":0.0,"event_name":"NoteForYourself","player_choice":"Took Card","floor":4.0,"gold_loss":0.0,"damage_taken":0.0,"cards_obtained":["Strike_R"]},{"damage_healed":0.0,"max_hp_gain":0.0,"max_hp_loss":0.0,"gold_gain":0.0,"event_name":"Golden Idol","player_choice":"Take Damage","floor":6.0,"gold_loss":0.0,"damage_taken":18.0,"relics_obtained":["Golden Idol"]},{"damage_healed":0.0,"max_hp_gain":0.0,"max_hp_loss":0.0,"gold_gain":0.0,"event_name":"FaceTrader","player_choice":"Trade","floor":7.0,"gold_loss":0.0,"damage_taken":0.0,"relics_obtained":["FaceOfCleric"]}],"is_beta":false,"boss_relics":[{"not_picked":["Replay:Bronze Core","Painkiller Herb"],"picked":"Empty Cage"},{"not_picked":["Replay:Ancient Bell","Busted Crown"],"picked":"Replay:Drink Me"}],"items_purged_floors":[],"is_endless":false,"potions_floor_spawned":[1,10,13,19,22,23,24,27,28,30,35,37,40,45,48],"killed_by":"infinitespire:MassOfShapes","ascension_level":0}}