{"host":"55frs1flqhuyvvn7","time":1610999354,"event":{"mods":["Act Like it!","Aspiration","BaseMod","BetterRewards","Colored Map","Colored Powertips","DeckTracker","Downfall","Hallownest","Hermit","Highlight Path","Hubris","Infinite Spire","Jorbs\u0027s Wanderer Trilogy","Marisa????????","Minty Spire (QoL Compilation)","Quick Restart","Random Character Button","Rare Cards Sparkle","Relic Sorter","StSLib","Synergy Search","The Bug Knight","The Construct","The Cursed","The Disciple","The Hierophant","The Jungle","The Necromancer","The Runesmith","The Servant 0.9.4"],"gold_per_floor":[116,133,149,167,186,186,214,27,27,27,27,27,27,46,46,147,147,165,165,182,182,209,209,209,209],"floor_reached":24,"language":"ENG","playtime":2068,"items_purged":["HollowMod:NailStrikeStart"],"score":221,"play_id":"fced2904-eb4a-4886-b0e3-44cf095f3df1","local_time":"20210118204914","is_ascension_mode":false,"campfire_choices":[{"floor":6,"key":"REST"},{"data":"HollowMod:LifebloodCore","floor":11,"key":"SMITH"},{"data":"HollowMod:BaldurShell","floor":13,"key":"SMITH"},{"data":"HollowMod:MawleksShell","floor":15,"key":"SMITH"},{"floor":23,"key":"REST"}],"circlet_count":0,"master_deck":["HollowMod:NailStrikeStart","HollowMod:NailStrikeStart","HollowMod:NailStrikeStart","HollowMod:QuickDashStart","HollowMod:QuickDashStart","HollowMod:QuickDashStart","HollowMod:FocusHealStart","HollowMod:PogoStrike","HollowMod:MothsMistake","HollowMod:HowlingWraiths","HollowMod:SoulStrike","HollowMod:BaldurShell+1","HollowMod:HeavyBlow","HollowMod:LifebloodCore+1","HollowMod:FastStrike","HollowMod:MantisMark","Writhe","HollowMod:MawleksShell+1","HollowMod:SlysStrikes","HollowMod:DashSlash+1","HollowMod:InfectedCysts+1","Pain"],"relics":["HollowMod:VesselMask","NeowsBlessing","Oddly Smooth Stone","Molten Egg 2","hubris:HollowSoul","Kunai","Strawberry"],"acts_visited":["Exordium","Hallownest:Greenpath"],"potions_floor_usage":[16,18,24,24,24],"damage_taken":[{"damage":0,"enemies":"Hallownest:monsterHuskWarrior","floor":1,"turns":1},{"damage":1,"enemies":"Hallownest:2_Baldur","floor":2,"turns":2},{"damage":0,"enemies":"2_ Uuma","floor":3,"turns":1},{"damage":25,"enemies":"Hallownest:MossCreep_and_Mosskin","floor":4,"turns":5},{"damage":8,"enemies":"Hallownest:monsterMossCharger","floor":5,"turns":5},{"damage":13,"enemies":"Hallownest:eliteVengeflyKing","floor":7,"turns":8},{"damage":6,"enemies":"Hallownest:monsterFoolEater","floor":14,"turns":4},{"damage":66,"enemies":"Hallownest:BossBrokenVessel","floor":16,"turns":10},{"damage":39,"enemies":"Hallownest:3_Youths","floor":18,"turns":6},{"damage":21,"enemies":"Hallownest:Flukemon_and_Top","floor":20,"turns":5},{"damage":23,"enemies":"Hallownest:eliteWatcherKnight","floor":24,"turns":1}],"seed_played":"7564821665842260346","potions_obtained":[{"floor":3,"key":"Dexterity Potion"},{"floor":4,"key":"Ancient Potion"},{"floor":14,"key":"ColorlessPotion"},{"floor":16,"key":"SkillPotion"},{"floor":18,"key":"bronze:BurnAndBuffPotion"}],"is_trial":false,"path_per_floor":["M","M","M","M","M","R","E","$","T","?","R","?","R","M","R","B",null,"M","?","M","?","T","R","E"],"character_chosen":"THE_BUGKNIGHT","items_purchased":["HollowMod:FastStrike","HollowMod:MantisMark"],"campfire_rested":2,"item_purchase_floors":[8,8],"current_hp_per_floor":[75,74,74,51,49,71,70,70,70,79,79,79,79,79,79,19,84,51,51,30,30,37,64,0,0],"gold":209,"neow_bonus":"THREE_ENEMY_KILL","is_daily":false,"chose_seed":false,"campfire_upgraded":3,"win_rate":0.0,"timestamp":1610999354,"path_taken":["M","M","M","M","M","R","E","$","T","?","R","?","R","M","R","BOSS","M","?","M","?","?","R","E"],"items_purchased_type":["Card","Card"],"build_version":"2020-12-22","purchased_purges":1,"victory":false,"max_hp_per_floor":[75,75,75,75,75,75,75,75,75,84,84,84,84,84,84,84,84,84,84,84,84,91,91,91,91],"card_choices":[{"not_picked":["HollowMod:GoodIntentions","HollowMod:ChannelNail"],"picked":"HollowMod:MothsMistake","floor":1},{"not_picked":["HollowMod:CornifersMapStart","HollowMod:SoulShaman"],"picked":"HollowMod:HowlingWraiths","floor":2},{"not_picked":["HollowMod:CycloneSlash","HollowMod:GreatSlash"],"picked":"HollowMod:SoulStrike","floor":3},{"not_picked":["HollowMod:InfectedCysts","HollowMod:SharpenedShadows"],"picked":"HollowMod:BaldurShell","floor":4},{"not_picked":["HollowMod:FallenFury","HollowMod:MawleksShell"],"picked":"HollowMod:HeavyBlow","floor":5},{"not_picked":["HollowMod:GreatSlash","HollowMod:HowlingWraiths"],"picked":"HollowMod:LifebloodCore","floor":7},{"not_picked":["HollowMod:DoubleDash","HollowMod:DescendingDark+1"],"picked":"HollowMod:MawleksShell","floor":14},{"not_picked":["HollowMod:MidwifesHunger+1","HollowMod:ElderbugsWisdom"],"picked":"HollowMod:SlysStrikes","floor":16},{"not_picked":["HollowMod:LifebloodCocoon","HollowMod:SiblingsSouls"],"picked":"HollowMod:DashSlash+1","floor":18},{"not_picked":["HollowMod:DescendingDark+1","HollowMod:DashSlash+1"],"picked":"HollowMod:InfectedCysts+1","floor":20}],"player_experience":101661,"relics_obtained":[{"floor":7,"key":"Oddly Smooth Stone"},{"floor":9,"key":"Molten Egg 2"},{"floor":22,"key":"Strawberry"}],"event_choices":[],"is_beta":false,"boss_relics":[{"not_picked":["aspiration:MarisaSkillbook","aspiration:RunicSpoon"],"picked":"hubris:HollowSoul"}],"items_purged_floors":[8],"is_endless":false,"potions_floor_spawned":[3,4,14,16,18],"killed_by":"Hallownest:eliteWatcherKnight","ascension_level":0}}