{"host":"vrsxkkch9ccrec7k","time":1610929192,"event":{"mods":["Act Like it!","BaseMod","Bestiary","Better Sensory Stone","Better Third Choice","Better Vampires","Downfall","Minty Spire (QoL Compilation)","Permanent Neow","Relic Stats","Spicy Shops","StSLib"],"gold_per_floor":[111,139,151,163,175,213,225,253,265,277,304,316,46,60,73,168,168,168,183,195,205,205,233,309,329,329,348,363,380,405,421,431,531,531,431,447,459,473,473,473,520,520,531,550,450,61,92,103,116,116],"floor_reached":51,"language":"ENG","playtime":5035,"items_purged":["downfall:Malfunctioning"],"score":903,"play_id":"7500fe5e-369a-493a-88d1-a6587331ba7d","local_time":"20210117191952","is_ascension_mode":true,"campfire_choices":[{"data":"hexamod:Float","floor":1,"key":"SMITH"},{"data":"hexamod:RainOfEmbers","floor":9,"key":"SMITH"},{"data":"hexamod:HeatCrush","floor":12,"key":"SMITH"},{"data":"expansioncontent:DashGenerateEvil","floor":18,"key":"SMITH"},{"floor":26,"key":"RECALL"},{"floor":35,"key":"DIG"},{"floor":40,"key":"REST"},{"floor":42,"key":"DIG"},{"floor":45,"key":"DIG"}],"circlet_count":0,"master_deck":["hexamod:Strike+1","hexamod:Defend+1","hexamod:Defend+1","hexamod:Defend","hexamod:Defend+1","hexamod:Float+1","hexamod:RainOfEmbers+1","hexamod:FourthSeal","hexamod:HeatCrush+1","hexamod:AdvancingGuard+1","hexamod:SpectersWail","hexamod:Rewind+1","expansioncontent:DashGenerateEvil+1","hexamod:NightmareGuise+1","hexamod:AdvancingGuard+1","hexamod:ApocalypseNow+1","hexamod:AdvancingGuard+1","hexamod:HauntingEcho+1","hexamod:FastForward+1","hexamod:RetreatToShadows+1","hexamod:ShieldOfDarkness+1","hexamod:FastForward+1","hexamod:FlamesFromBeyond+1","hexamod:FlameSwitch+1","hexamod:FastForward+1","hexamod:HeatShield+1","hexamod:ApocalypseNow+1","CurseOfTheBell","hexamod:TimeWarp","hexamod:GhostflameBarrier+1","hexamod:Rewind+1","hexamod:EmpoweredFlame","hexamod:EmpoweredFlame","hexamod:WildfireWeapon"],"relics":["hexamod:SpiritBrand","MawBank","TungstenRod","Toxic Egg 2","Astrolabe","Shovel","White Beast Statue","Kunai","Calling Bell","hexamod:BolsterEngine","Darkstone Periapt","champ:DeflectingBracers","downfall:HeartBlessingRed","PreservedInsect","Shuriken","champ:DuelingGlove","downfall:HeartBlessingBlue","Toy Ornithopter","DollysMirror","Art of War","Blood Vial"],"acts_visited":["Exordium","TheCity","TheBeyond"],"potions_floor_usage":[13,16,16,21,21,21,21,23,23,23,28,30,31,32,33,33,33,38,38,46,47,47,48,50,50],"damage_taken":[{"damage":0,"enemies":"Cultist","floor":2,"turns":3},{"damage":3,"enemies":"Gremlin Nob","floor":6,"turns":3},{"damage":0,"enemies":"Small Slimes","floor":8,"turns":3},{"damage":0,"enemies":"Jaw Worm","floor":11,"turns":4},{"damage":0,"enemies":"downfall:FleeingMerchant","floor":13,"turns":4},{"damage":0,"enemies":"2 Fungi Beasts","floor":14,"turns":3},{"damage":0,"enemies":"Gremlin Gang","floor":15,"turns":3},{"damage":3,"enemies":"IC_STATUS_ARCHETYPE","floor":16,"turns":6},{"damage":0,"enemies":"Spheric Guardian","floor":19,"turns":4},{"damage":0,"enemies":"3 Byrds","floor":20,"turns":5},{"damage":2,"enemies":"Snake Plant","floor":21,"turns":5},{"damage":20,"enemies":"Slavers","floor":23,"turns":8},{"damage":1,"enemies":"Snecko","floor":25,"turns":4},{"damage":0,"enemies":"3 Cultists","floor":27,"turns":5},{"damage":0,"enemies":"Centurion and Healer","floor":28,"turns":7},{"damage":2,"enemies":"Snake Plant","floor":29,"turns":3},{"damage":2,"enemies":"Book of Stabbing","floor":30,"turns":4},{"damage":24,"enemies":"Cultist and Chosen","floor":31,"turns":7},{"damage":0,"enemies":"Centurion and Healer","floor":32,"turns":3},{"damage":42,"enemies":"DF_ARCHETYPE_CLAW","floor":33,"turns":13},{"damage":11,"enemies":"3 Shapes","floor":36,"turns":5},{"damage":0,"enemies":"Orb Walker","floor":37,"turns":4},{"damage":27,"enemies":"Maw","floor":38,"turns":10},{"damage":0,"enemies":"Jaw Worm Horde","floor":43,"turns":3},{"damage":4,"enemies":"3 Darklings","floor":44,"turns":5},{"damage":0,"enemies":"downfall:FleeingMerchant","floor":46,"turns":4},{"damage":47,"enemies":"Reptomancer","floor":47,"turns":6},{"damage":0,"enemies":"Spire Growth","floor":48,"turns":4},{"damage":0,"enemies":"Maw","floor":49,"turns":5},{"damage":35,"enemies":"WA_ARCHETYPE_DIVINITY","floor":50,"turns":10}],"seed_played":"-6757748348334341892","potions_obtained":[{"floor":2,"key":"hexamod:SoulburnPotion"},{"floor":6,"key":"DistilledChaos"},{"floor":8,"key":"ColorlessPotion"},{"floor":11,"key":"Slimebound:ThreeZeroPotion"},{"floor":11,"key":"Slimebound:ThreeZeroPotion"},{"floor":14,"key":"AttackPotion"},{"floor":15,"key":"hexamod:DoubleChargePotion"},{"floor":16,"key":"EntropicBrew"},{"floor":19,"key":"Block Potion"},{"floor":20,"key":"Fruit Juice"},{"floor":21,"key":"hexamod:DoubleChargePotion"},{"floor":21,"key":"hexamod:InfernoChargePotion"},{"floor":25,"key":"Strength Potion"},{"floor":25,"key":"Fruit Juice"},{"floor":27,"key":"Energy Potion"},{"floor":28,"key":"hexamod:InfernoChargePotion"},{"floor":30,"key":"Regen Potion"},{"floor":31,"key":"LiquidBronze"},{"floor":31,"key":"Regen Potion"},{"floor":32,"key":"Strength Potion"},{"floor":32,"key":"hexamod:DoubleChargePotion"},{"floor":33,"key":"Ancient Potion"},{"floor":33,"key":"SteroidPotion"},{"floor":36,"key":"Dexterity Potion"},{"floor":37,"key":"hexamod:SoulburnPotion"},{"floor":38,"key":"EssenceOfSteel"},{"floor":43,"key":"GamblersBrew"},{"floor":44,"key":"Slimebound:ThreeZeroPotion"},{"floor":46,"key":"Block Potion"},{"floor":47,"key":"BlessingOfTheForge"},{"floor":47,"key":"SkillPotion"},{"floor":48,"key":"Ancient Potion"},{"floor":49,"key":"LiquidBronze"}],"is_trial":false,"path_per_floor":["R","M","?","?","?","E","T","M","R","?","M","R","$","M","M","B",null,"R","M","M","M","?","E","T","M","R","M","M","M","E","M","M","B",null,"R","M","M","M","T","R","T","R","M","M","R","$","E","M","M","B",null],"character_chosen":"THE_SPIRIT","items_purchased":["expansioncontent:DashGenerateEvil","hexamod:EmpoweredFlame","DollysMirror","Art of War"],"campfire_rested":1,"item_purchase_floors":[13,46,46,46],"current_hp_per_floor":[70,70,75,75,75,72,72,72,72,72,72,72,72,72,72,69,74,74,74,74,77,70,50,50,49,49,49,54,52,50,41,50,8,66,66,55,55,28,28,53,53,53,53,49,59,64,27,34,36,13],"gold":116,"neow_bonus":"RANDOM_COMMON_RELIC","is_daily":false,"chose_seed":false,"campfire_upgraded":4,"win_rate":0.0,"timestamp":1610929192,"path_taken":["R","M","?","?","?","E","T","M","R","?","?","R","$","M","M","BOSS","R","M","M","M","?","E","T","M","R","M","M","M","E","?","M","BOSS","R","M","M","M","?","R","T","R","M","M","R","$","E","M","M","BOSS"],"items_purchased_type":["Card","Card","Relic","Relic"],"build_version":"2020-12-22","purchased_purges":1,"victory":true,"max_hp_per_floor":[70,70,75,75,75,75,75,75,75,75,75,75,75,75,75,75,75,75,75,75,80,80,80,80,80,80,80,85,85,85,85,85,85,85,85,85,85,85,85,85,85,85,85,85,95,95,95,95,95,95],"relic_stats":{"Darkstone Periapt":0,"counters":[30,153],"Astrolabe":["hexamod:AdvancingGuard","hexamod:HauntingEcho","hexamod:FastForward"],"PreservedInsect":58,"MawBank":156,"Blood Vial":6,"Shovel":3,"Shuriken":[7],"Art of War":[7],"Kunai":[7],"obtain_stats":[{"Darkstone Periapt":34,"champ:DuelingGlove":42,"downfall:HeartBlessingRed":35,"Astrolabe":17,"champ:DeflectingBracers":34,"PreservedInsect":35,"MawBank":0,"White Beast Statue":24,"Calling Bell":34,"Blood Vial":47,"Shovel":23,"Shuriken":39,"downfall:HeartBlessingBlue":45,"DollysMirror":46,"Art of War":46,"Kunai":30,"Toxic Egg 2":7,"hexamod:BolsterEngine":34,"hexamod:SpiritBrand":0,"TungstenRod":6,"Toy Ornithopter":45},{"Darkstone Periapt":20,"champ:DuelingGlove":23,"downfall:HeartBlessingRed":20,"Astrolabe":8,"champ:DeflectingBracers":20,"PreservedInsect":20,"MawBank":0,"White Beast Statue":12,"Calling Bell":20,"Blood Vial":27,"Shovel":12,"Shuriken":23,"downfall:HeartBlessingBlue":25,"DollysMirror":26,"Art of War":26,"Kunai":17,"Toxic Egg 2":2,"hexamod:BolsterEngine":20,"hexamod:SpiritBrand":0,"TungstenRod":2,"Toy Ornithopter":25},{"Darkstone Periapt":97,"champ:DuelingGlove":116,"downfall:HeartBlessingRed":97,"Astrolabe":29,"champ:DeflectingBracers":97,"PreservedInsect":97,"MawBank":0,"White Beast Statue":51,"Calling Bell":97,"Blood Vial":134,"Shovel":51,"Shuriken":116,"downfall:HeartBlessingBlue":124,"DollysMirror":128,"Art of War":128,"Kunai":74,"Toxic Egg 2":6,"hexamod:BolsterEngine":97,"hexamod:SpiritBrand":0,"TungstenRod":6,"Toy Ornithopter":124}],"TungstenRod":41,"Toy Ornithopter":30},"card_choices":[{"not_picked":["hexamod:SecondSeal","hexamod:CatchUp"],"picked":"hexamod:RainOfEmbers","floor":2},{"not_picked":["hexamod:SuperheatedStrike","hexamod:PhantomFireball"],"picked":"hexamod:HeatCrush","floor":6},{"not_picked":["hexamod:GhostLash","hexamod:PowerFromBeyond+1"],"picked":"hexamod:AdvancingGuard+1","floor":8},{"not_picked":["hexamod:InspiringFlames+1","hexamod:GhostShield+1"],"picked":"hexamod:SpectersWail","floor":11},{"not_picked":["hexamod:SwordOfDarkness","hexamod:RainOfEmbers"],"picked":"hexamod:Rewind+1","floor":13},{"not_picked":["hexamod:BacktrackSmack","hexamod:CatchUp+1"],"picked":"hexamod:NightmareGuise+1","floor":14},{"not_picked":["hexamod:Again+1","hexamod:PhantomCloak"],"picked":"hexamod:AdvancingGuard+1","floor":15},{"not_picked":["hexamod:UnleashSpirits","hexamod:SearingWound+1"],"picked":"hexamod:ApocalypseNow+1","floor":16},{"not_picked":["hexamod:NightmareStrike","hexamod:GhostOfSpirePast","hexamod:BacktrackSmack"],"picked":"SKIP","floor":19},{"not_picked":["hexamod:Haunt+1","hexamod:HeatCrush"],"picked":"hexamod:RetreatToShadows+1","floor":20},{"not_picked":["hexamod:ThirdSeal","hexamod:GhostLash+1"],"picked":"hexamod:ShieldOfDarkness+1","floor":21},{"not_picked":["hexamod:Firestarter","hexamod:NightmareGuise+1"],"picked":"hexamod:FastForward+1","floor":23},{"not_picked":["hexamod:ThermalTransfer","hexamod:InspiringFlames+1"],"picked":"hexamod:FlamesFromBeyond+1","floor":25},{"not_picked":["hexamod:Hexaguard+1","hexamod:SuperheatedStrike"],"picked":"hexamod:FlameSwitch+1","floor":27},{"not_picked":["hexamod:ThermalTransfer","hexamod:BacktrackSmack","hexamod:BurningTouch+1"],"picked":"SKIP","floor":28},{"not_picked":["hexamod:DynamicBlow","hexamod:NightmareStrike","hexamod:GhostLash"],"picked":"SKIP","floor":29},{"not_picked":["hexamod:BacktrackSmack","hexamod:ExtraCrispy+1"],"picked":"hexamod:FastForward+1","floor":30},{"not_picked":["hexamod:Again+1","hexamod:HeatMetal+1"],"picked":"hexamod:HeatShield+1","floor":31},{"not_picked":["hexamod:SuperheatedStrike","hexamod:AdvancingGuard+1","hexamod:ShieldOfDarkness+1"],"picked":"SKIP","floor":32},{"not_picked":["hexamod:VolcanoVisage","hexamod:ParanormalForm"],"picked":"hexamod:ApocalypseNow+1","floor":33},{"not_picked":["hexamod:SwordOfDarkness","hexamod:NightmareStrike+1","hexamod:ShieldOfDarkness+1"],"picked":"SKIP","floor":36},{"not_picked":["hexamod:ThermalTransfer+1","hexamod:NightmareStrike","hexamod:SpectersWail"],"picked":"SKIP","floor":37},{"not_picked":["hexamod:HeatMetal","hexamod:ShieldOfDarkness+1"],"picked":"hexamod:TimeWarp","floor":38},{"not_picked":["hexamod:ThermalTransfer+1","hexamod:HeatMetal","hexamod:FourthSeal"],"picked":"SKIP","floor":43},{"not_picked":["hexamod:RecurringNightmare+1","hexamod:Again+1"],"picked":"hexamod:GhostflameBarrier+1","floor":44},{"not_picked":["hexamod:BurningTouch+1","hexamod:AdvancingGuard+1"],"picked":"hexamod:Rewind+1","floor":46},{"not_picked":["hexamod:FlamesFromBeyond+1","hexamod:Again+1","hexamod:HeatMetal+1"],"picked":"SKIP","floor":47},{"not_picked":["hexamod:FastForward+1","hexamod:NightmareStrike+1"],"picked":"hexamod:WildfireWeapon","floor":48},{"not_picked":["hexamod:NightmareStrike","hexamod:BacktrackSmack","hexamod:ShieldOfDarkness+1"],"picked":"SKIP","floor":49}],"player_experience":1585109,"relics_obtained":[{"floor":6,"key":"TungstenRod"},{"floor":7,"key":"Toxic Egg 2"},{"floor":23,"key":"Shovel"},{"floor":24,"key":"White Beast Statue"},{"floor":30,"key":"Kunai"},{"floor":34,"key":"hexamod:BolsterEngine"},{"floor":34,"key":"Darkstone Periapt"},{"floor":34,"key":"champ:DeflectingBracers"},{"floor":35,"key":"PreservedInsect"},{"floor":39,"key":"Shuriken"},{"floor":42,"key":"champ:DuelingGlove"},{"floor":45,"key":"Toy Ornithopter"},{"floor":47,"key":"Blood Vial"}],"event_choices":[{"damage_healed":0,"gold_gain":0,"player_choice":"Donut","damage_taken":0,"max_hp_gain":5,"max_hp_loss":0,"event_name":"Big Fish","floor":3,"gold_loss":0}],"is_beta":false,"boss_relics":[{"not_picked":["Coffee Dripper","bronze:MakeshiftBattery"],"picked":"Astrolabe"},{"not_picked":["Velvet Choker","Snecko Eye"],"picked":"Calling Bell"}],"items_purged_floors":[13],"is_endless":false,"potions_floor_spawned":[2,6,11,14,21,25,27,28,29,30,31,32,33,36,37,38,43,44,46,47,48,49],"ascension_level":5}}