{"host":"e1r14iqujvrv6qpf","time":1610947873,"event":{"mods":["AchievementEnabler","Act Like it!","BaseMod","BetterRewards","Colored Map","Colored Powertips","Conspire","Decade(王小明)","Friendly Minions","Googly Eyes","Highlight Path","KinomotoSakuraMod(木之本樱)","LagranYue(拉格朗・月)","Marisa（F雨　魔理沙）","Minty Spire (QoL Compilation)","Quick Restart","Reimu（博丽灵梦）","Remilia（蕾米莉亚）","Shop Mod","SuperFastMode","The Administrix","The Construct","The Disciple","The Servant 0.9.4","Waifu the Spire","Youmu（魂魄妖梦）","Yuyuko"],"gold_per_floor":[118,118,151,326,339,339,339],"floor_reached":6,"language":"ZHS","playtime":352,"items_purged":[],"score":36,"play_id":"40f4ad87-7fc5-44ad-8e95-79b52de1fd91","local_time":"20210118133113","is_ascension_mode":true,"campfire_choices":[],"circlet_count":0,"master_deck":["Strike_S","Strike_S","Strike_S","Strike_S","Defend_S","Defend_S","Defend_S","Defend_S","KidneyShot","Exchange","Potential","SoulSculpture","Doubt","Foresight"],"relics":["Uniform","LagranYue:RandomDrawCardRelic","NeowsBlessing","Golden Idol","Pen Nib"],"acts_visited":["Exordium"],"potions_floor_usage":[],"damage_taken":[{"damage":1,"enemies":"2 Louse","floor":1,"turns":2},{"damage":0,"enemies":"conspire:MimicChest","floor":3,"turns":1},{"damage":0,"enemies":"Small Slimes","floor":5,"turns":1},{"damage":20,"enemies":"Lagavulin","floor":6,"turns":8}],"seed_played":"5863970936709833164","potions_obtained":[],"is_trial":false,"path_per_floor":["M","?","?","?","M","E"],"character_chosen":"THE_SERVANT","items_purchased":[],"campfire_rested":0,"item_purchase_floors":[],"current_hp_per_floor":[64,48,48,48,48,28,28],"gold":339,"neow_bonus":"THREE_ENEMY_KILL","is_daily":false,"chose_seed":false,"campfire_upgraded":0,"win_rate":0.0,"timestamp":1610947873,"path_taken":["M","?","?","?","?","E"],"items_purchased_type":[],"build_version":"2020-12-22","purchased_purges":0,"victory":false,"max_hp_per_floor":[65,65,65,65,65,65,65],"card_choices":[{"not_picked":["DoubleEdge","TimeWarp"],"picked":"Potential","floor":1},{"not_picked":["Hightail","SpecialFormula"],"picked":"SoulSculpture","floor":3},{"not_picked":["Defy","Spin"],"picked":"Foresight","floor":5}],"player_experience":265889,"relics_obtained":[{"floor":3,"key":"Pen Nib"}],"event_choices":[{"damage_healed":0,"gold_gain":0,"player_choice":"Take Damage","damage_taken":16,"relics_obtained":["Golden Idol"],"max_hp_gain":0,"max_hp_loss":0,"event_name":"Golden Idol","floor":2,"gold_loss":0},{"damage_healed":0,"gold_gain":175,"player_choice":"AGREE","damage_taken":0,"max_hp_gain":0,"max_hp_loss":0,"event_name":"Liars Game","floor":4,"gold_loss":0,"cards_obtained":["Doubt"]}],"is_beta":false,"boss_relics":[],"items_purged_floors":[],"is_endless":false,"potions_floor_spawned":[],"killed_by":"Lagavulin","ascension_level":1}}