{"host":"37zexulz95aemuse","time":1610950252,"event":{"mods":["2.2 Compatiblity","BaseMod","CapriCore","GungeonMod","Koishi","Lobotomy","Marisa£¨Ùöéë¡¡Øª×âÞÞ£©","Minty Spire (QoL Compilation)","Replay The Spire","StSLib","The Bug Knight","The Cursed","The Gatherer","The Immortal","The Jungle","WarShipGirlsR/??á´Ò³R mod"],"gold_per_floor":[111,143,143,143,418,418,477,502,502,521,8,38,72,72,72,197,197,237,237,249,249,249,249,249],"floor_reached":23,"language":"KOR","playtime":2390,"items_purged":["Regret"],"score":227,"play_id":"9c2b47ab-c6e3-44f6-9d5b-7f76ec676716","local_time":"20210118151052","is_ascension_mode":true,"campfire_choices":[{"data":"StarDustReverie","floor":6,"key":"SMITH"},{"floor":15,"key":"REST"}],"circlet_count":0,"master_deck":["Strike_MRS","Strike_MRS","Strike_MRS","Strike_MRS","Defend_MRS","Defend_MRS","Defend_MRS","MasterSpark","UpSweep","Robbery","StarDustReverie+1","DoubleSpark+1","PulseMagic","Poisoned Strike","SuperNova","BlazingStar+1","BinaryStars","PowerUp","6A"],"relics":["MiniHakkero","CogitoBucket","Replay:Mystery Machine","Calipers"],"acts_visited":["Exordium","TheCity"],"potions_floor_usage":[13,16],"damage_taken":[{"damage":1,"enemies":"Cultist","floor":1,"turns":4},{"damage":2,"enemies":"2 Louse","floor":2,"turns":2},{"damage":15,"enemies":"3 Sentries","floor":7,"turns":4},{"damage":0,"enemies":"Small Slimes","floor":8,"turns":3},{"damage":14,"enemies":"Red Slaver","floor":10,"turns":4},{"damage":7,"enemies":"Blue Slaver","floor":12,"turns":5},{"damage":16,"enemies":"Exordium Wildlife","floor":13,"turns":4},{"damage":10,"enemies":"Hexaghost","floor":16,"turns":4},{"damage":51,"enemies":"2 Thieves","floor":18,"turns":4},{"damage":23,"enemies":"3 Byrds","floor":20,"turns":6},{"damage":15,"enemies":"HollowMod:Nosk","floor":23,"turns":2}],"seed_played":"-1168735657818236334","potions_obtained":[{"floor":7,"key":"Adrenaline Potion"},{"floor":12,"key":"Flashbang"}],"is_trial":false,"path_per_floor":["M","M","?","$","?","R","E","M","T","M","$","M","M","?","R","B",null,"M","$","M","$","?","E"],"character_chosen":"MARISA","items_purchased":["Poisoned Strike","SuperNova","BlazingStar+1"],"campfire_rested":1,"item_purchase_floors":[11,11,11],"current_hp_per_floor":[74,72,72,72,72,72,57,57,57,43,43,36,20,20,42,32,75,24,24,1,1,1,0,0],"gold":249,"neow_bonus":"","is_daily":false,"chose_seed":false,"campfire_upgraded":1,"win_rate":0.0,"timestamp":1610950252,"path_taken":["M","M","?","$","?","R","E","M","T","M","$","?","M","?","R","BOSS","M","$","M","$","?","E"],"items_purchased_type":["Card","Card","Card"],"build_version":"2020-12-22","purchased_purges":1,"victory":false,"max_hp_per_floor":[75,75,75,75,75,75,75,75,75,75,75,75,75,75,75,75,75,75,75,75,75,75,75,75],"card_choices":[{"not_picked":["SporeBomb","UnstableBomb"],"picked":"Robbery","floor":1},{"not_picked":["Acceleration","Orbital"],"picked":"StarDustReverie","floor":2},{"not_picked":["JA","EarthLightRay"],"picked":"PulseMagic","floor":7},{"not_picked":["DoubleSpark","AsteroidBelt","Orbital"],"picked":"SKIP","floor":8},{"not_picked":["WitchOfGreed","MilkyWay"],"picked":"GravityBeat","floor":10},{"not_picked":["FairyDestructionRay","GalacticHalo","SporeBomb"],"picked":"SKIP","floor":12},{"not_picked":["JA","MilkyWay","AsteroidBelt"],"picked":"SKIP","floor":13},{"not_picked":["JA","UltimateShortwave"],"picked":"BinaryStars","floor":16},{"not_picked":["GrandCross","GravityBeat"],"picked":"PowerUp","floor":18},{"not_picked":["Acceleration+1","MysteriousBeam","6A"],"picked":"SKIP","floor":20}],"player_experience":112407,"relics_obtained":[{"floor":7,"key":"Replay:Mystery Machine"},{"floor":9,"key":"Calipers"}],"event_choices":[{"damage_healed":0,"gold_gain":275,"player_choice":"Desecrate","damage_taken":0,"max_hp_gain":0,"max_hp_loss":0,"event_name":"Golden Shrine","floor":5,"gold_loss":0,"cards_obtained":["Regret"]},{"damage_healed":0,"gold_gain":0,"player_choice":"Leave","damage_taken":0,"max_hp_gain":0,"max_hp_loss":0,"event_name":"The Cleric","floor":14,"gold_loss":0},{"damage_healed":0,"gold_gain":0,"cards_transformed":["GravityBeat"],"player_choice":"Transformed","damage_taken":0,"max_hp_gain":0,"max_hp_loss":0,"event_name":"Transmorgrifier","floor":22,"gold_loss":0,"cards_obtained":["6A"]}],"is_beta":false,"boss_relics":[{"not_picked":["Replay:Ancient Bell","Snecko Eye","Ring of Chaos"]}],"items_purged_floors":[11],"is_endless":false,"potions_floor_spawned":[7,12],"killed_by":"HollowMod:Nosk","ascension_level":1}}