{"host":"ojme7g6xlqwffsso","time":1610952863,"event":{"mods":["BaseMod","Downfall","Lobotomy","Minty Spire (QoL Compilation)","StSLib"],"gold_per_floor":[115,127,127,140,156,156,169,201,201,252,261,293,187,217,217,217,217],"floor_reached":16,"language":"ENG","playtime":801,"items_purged":[],"score":114,"play_id":"54b5a151-75c9-4125-a0e5-437024ef0a43","local_time":"20210118155423","is_ascension_mode":false,"campfire_choices":[{"data":"Eruption","floor":6,"key":"SMITH"},{"data":"Study","floor":15,"key":"SMITH"}],"circlet_count":0,"master_deck":["Strike_P","Strike_P","Strike_P","Strike_P","Defend_P","Defend_P","Defend_P","Eruption+1","Vigilance","Protect","Wellcheers","Murderer","EmptyMind","OldLady","Brilliance","UniverseFragment","FollowUp","Study+1","Scarecrow","LikeWater","Alriune","Vengeance","ShyLook","WindmillStrike","Meditate","Bloodbath","CutThroughFate","WheelKick","FlurryOfBlows","MHz"],"relics":["PureWater","CogitoBucket","Bag of Marbles","Frozen Egg 2","CeramicFish","Theresia"],"acts_visited":["Exordium"],"potions_floor_usage":[8,8],"damage_taken":[{"damage":8,"enemies":"2 Louse","floor":1,"turns":3},{"damage":0,"enemies":"Jaw Worm","floor":2,"turns":5},{"damage":12,"enemies":"Cultist","floor":4,"turns":3},{"damage":19,"enemies":"Lots of Slimes","floor":5,"turns":5},{"damage":5,"enemies":"2 Fungi Beasts","floor":7,"turns":5},{"damage":10,"enemies":"Lagavulin","floor":8,"turns":5},{"damage":27,"enemies":"3 Sentries","floor":10,"turns":8},{"damage":5,"enemies":"Looter","floor":12,"turns":4},{"damage":0,"enemies":"Large Slime","floor":14,"turns":1},{"damage":61,"enemies":"Slime Boss","floor":16,"turns":8}],"seed_played":"4724337539993860901","potions_obtained":[{"floor":1,"key":"Explosive Potion"},{"floor":4,"key":"ColorlessPotion"},{"floor":7,"key":"DistilledChaos"},{"floor":14,"key":"Fire Potion"}],"is_trial":false,"path_per_floor":["M","M","?","M","M","R","M","E","T","E","?","M","$","M","R","B"],"character_chosen":"WATCHER","items_purchased":["CutThroughFate","WheelKick"],"campfire_rested":0,"item_purchase_floors":[13,13],"current_hp_per_floor":[64,70,75,65,52,52,50,46,46,30,30,32,32,32,32,0,0],"gold":217,"neow_bonus":"","is_daily":false,"chose_seed":false,"campfire_upgraded":2,"win_rate":0.0,"timestamp":1610952863,"path_taken":["M","M","?","M","M","R","M","E","T","E","?","M","$","M","R","BOSS"],"items_purchased_type":["Card","Card"],"build_version":"2020-12-22","purchased_purges":0,"victory":false,"max_hp_per_floor":[72,72,77,77,77,77,77,77,77,77,77,77,77,77,77,77,77],"card_choices":[{"not_picked":["CrushJoints","Prostrate"],"picked":"Protect","floor":1},{"not_picked":["RedShoes","ShyLook"],"picked":"Wellcheers","floor":1},{"not_picked":["MeatLantern","WallGazer"],"picked":"Murderer","floor":2},{"not_picked":["CrushJoints","Collect"],"picked":"EmptyMind","floor":2},{"not_picked":["MHz","GreedKing"],"picked":"OldLady","floor":4},{"not_picked":["Prostrate","Protect"],"picked":"Brilliance","floor":4},{"not_picked":["RedShoes","PunishingBird"],"picked":"UniverseFragment","floor":5},{"not_picked":["SignatureMove","Fasting2"],"picked":"FollowUp","floor":5},{"not_picked":["FollowUp","ThirdEye"],"picked":"Study","floor":7},{"not_picked":["Bloodbath","FairyFestival"],"picked":"Scarecrow","floor":7},{"not_picked":["Meditate","ForeignInfluence"],"picked":"LikeWater","floor":8},{"not_picked":["MeatLantern","WallGazer"],"picked":"Alriune","floor":8},{"not_picked":["EmptyMind","Sanctity"],"picked":"Vengeance","floor":10},{"not_picked":["NakedNest","PunishingBird"],"picked":"ShyLook","floor":10},{"not_picked":["Worship","Consecrate"],"picked":"Meditate","floor":12},{"not_picked":["BeautyBeast","MeatLantern"],"picked":"Bloodbath","floor":12},{"not_picked":["SashWhip","EmptyMind"],"picked":"FlurryOfBlows","floor":14},{"not_picked":["NakedNest","CrumblingArmor"],"picked":"MHz","floor":14}],"player_experience":885482,"relics_obtained":[{"floor":8,"key":"Bag of Marbles"},{"floor":9,"key":"Frozen Egg 2"},{"floor":10,"key":"CeramicFish"}],"event_choices":[{"damage_healed":0,"gold_gain":0,"player_choice":"Donut","damage_taken":0,"max_hp_gain":5,"max_hp_loss":0,"event_name":"Big Fish","floor":3,"gold_loss":0},{"damage_healed":0,"gold_gain":0,"cards_transformed":["Defend_P"],"player_choice":"Transformed","damage_taken":0,"max_hp_gain":0,"max_hp_loss":0,"event_name":"Transmorgrifier","floor":11,"gold_loss":0,"cards_obtained":["WindmillStrike"]}],"is_beta":false,"boss_relics":[],"items_purged_floors":[],"is_endless":false,"potions_floor_spawned":[1,4,7,14],"killed_by":"Slime Boss","ascension_level":0}}