{"host":"3498uni0c31c9bdm","time":1610932501,"event":{"mods":["BaseMod","Better Third Choice","Minty Spire (QoL Compilation)","Replay The Spire","StSLib"],"gold_per_floor":[116,134,146,161,121,121,137,162,162,162,188,188,204,204,204,204,204],"floor_reached":16,"language":"ENG","playtime":548,"items_purged":[],"score":151,"play_id":"2329d455-c1fa-4ec7-91b4-05042fd28f0c","local_time":"20210118121501","is_ascension_mode":true,"campfire_choices":[{"floor":6,"key":"RECALL"},{"floor":10,"key":"REST"},{"floor":15,"key":"REST"}],"circlet_count":0,"master_deck":["Strike_B","Strike_B","Strike_B","Strike_B","Defend_B","Defend_B","Defend_B","Defend_B","Zap","Dualcast","Turbo","Ball Lightning","Hyperbeam","Stack","Conserve Battery","Barrage","Capacitor","Loop","Go for the Eyes","Parasite"],"relics":["Cracked Core","NeowsBlessing","betterThird:SlimedRelic","Bag of Preparation","Anchor","Prayer Wheel"],"acts_visited":["Exordium"],"potions_floor_usage":[8,8,16],"damage_taken":[{"damage":0,"enemies":"Small Slimes","floor":1,"turns":1},{"damage":0,"enemies":"Jaw Worm","floor":2,"turns":1},{"damage":0,"enemies":"Cultist","floor":3,"turns":1},{"damage":0,"enemies":"2 Fungi Beasts","floor":4,"turns":1},{"damage":1,"enemies":"Large Slime","floor":7,"turns":5},{"damage":54,"enemies":"Gremlin Nob","floor":8,"turns":5},{"damage":15,"enemies":"3 Sentries","floor":11,"turns":7},{"damage":0,"enemies":"Gremlin Gang","floor":13,"turns":5},{"damage":49,"enemies":"Fading Forest","floor":16,"turns":9}],"seed_played":"-6588064756258460669","potions_obtained":[{"floor":3,"key":"SpeedPotion"},{"floor":4,"key":"PowerPotion"},{"floor":11,"key":"Languid Potion"},{"floor":13,"key":"Energy Potion"}],"is_trial":false,"path_per_floor":["M","M","M","M","?","R","M","E","T","R","E","T","M","?","R","B"],"character_chosen":"DEFECT","items_purchased":[],"campfire_rested":2,"item_purchase_floors":[],"current_hp_per_floor":[68,68,68,68,57,57,56,2,2,24,9,9,9,27,49,0,0],"gold":204,"neow_bonus":"THREE_ENEMY_KILL","is_daily":false,"chose_seed":false,"campfire_upgraded":0,"win_rate":0.0,"timestamp":1610932501,"path_taken":["M","M","M","M","?","R","M","E","T","R","E","?","?","?","R","BOSS"],"items_purchased_type":[],"build_version":"2020-12-22","purchased_purges":0,"victory":false,"max_hp_per_floor":[75,75,75,75,75,75,75,75,75,75,75,75,75,75,75,75,75],"card_choices":[{"not_picked":["Undo","Hologram"],"picked":"Turbo","floor":1},{"not_picked":["Stack","Redo"],"picked":"Ball Lightning","floor":2},{"not_picked":["Streamline","BasicCrystalCard"],"picked":"Hyperbeam","floor":3},{"not_picked":["Beam Cell","BasicCrystalCard"],"picked":"Stack","floor":4},{"not_picked":["Sweeping Beam","Hologram"],"picked":"Conserve Battery","floor":7},{"not_picked":["BasicCrystalCard","Compile Driver"],"picked":"Barrage","floor":8},{"not_picked":["BootSequence","Coolheaded"],"picked":"Capacitor","floor":11},{"not_picked":["BasicCrystalCard","Hyperbeam"],"picked":"Loop","floor":13},{"not_picked":["ReplayTheSpireMod:GoodbyeWorld","Gash"],"picked":"Go for the Eyes","floor":13}],"player_experience":696641,"relics_obtained":[{"floor":8,"key":"Bag of Preparation"},{"floor":11,"key":"Anchor"},{"floor":12,"key":"Prayer Wheel"}],"event_choices":[{"damage_healed":0,"gold_gain":0,"player_choice":"Slimed","damage_taken":11,"max_hp_gain":0,"max_hp_loss":0,"event_name":"betterThird:BetterGoop","floor":5,"gold_loss":40},{"damage_healed":18,"gold_gain":0,"player_choice":"Healed and dodged fight","damage_taken":0,"max_hp_gain":0,"max_hp_loss":0,"event_name":"Mushrooms","floor":14,"gold_loss":0,"cards_obtained":["Parasite"]}],"is_beta":false,"boss_relics":[],"items_purged_floors":[],"is_endless":false,"potions_floor_spawned":[3,4,11,13],"killed_by":"Fading Forest","ascension_level":7}}