{"host":"1a3cjta80tad0aqj","time":1610961615,"event":{"mods":["2.2 Compatiblity","AchievementEnabler","BaseMod","Colored Map","DeckTracker","KOR Keyword Fix","Keyboard Shortcuts","Minty Spire (QoL Compilation)","Permanent Neow","Quick Restart","Random Character Button","StSLib","SuperFastMode","everything is the same but u backflip on backflip"],"gold_per_floor":[115,129,143,143,143,143,154,154,225,225,69,89,121,121,121,197,197,213,229,229,279,290,290,306,306,306,306,74,93,93,110,110,189,189,204,57,69,79,94,94,123,123,123,137,150,175,187,199,199,199],"floor_reached":51,"language":"KOR","playtime":1758,"items_purged":["Regret"],"score":1377,"play_id":"330096ca-89ab-4ac1-9f94-30c55dfba47b","local_time":"20210118182015","is_ascension_mode":true,"campfire_choices":[{"data":"Eruption","floor":6.0,"key":"SMITH"},{"data":"BowlingBash","floor":8.0,"key":"SMITH"},{"data":"FearNoEvil","floor":10.0,"key":"SMITH"},{"data":"Vigilance","floor":15.0,"key":"SMITH"},{"data":"Vault","floor":23.0,"key":"SMITH"},{"data":"Wallop","floor":25.0,"key":"SMITH"},{"data":"FlurryOfBlows","floor":27.0,"key":"SMITH"},{"data":"Adaptation","floor":32.0,"key":"SMITH"},{"floor":40.0,"key":"REST"},{"data":"Ragnarok","floor":42.0,"key":"SMITH"},{"floor":49.0,"key":"REST"}],"circlet_count":0,"master_deck":["AscendersBane","Strike_P+1","Strike_P+1","Strike_P+1","Strike_P+1","Defend_P+1","Defend_P+1","Defend_P+1","Defend_P+1","Eruption+1","Vigilance+1","FlurryOfBlows+1","BowlingBash+1","CutThroughFate","FearNoEvil+1","Tantrum+1","EmptyBody","Vault+1","Wallop+1","Adaptation+1","Meditate","Ragnarok+1","FollowUp+1","MentalFortress","SashWhip+1","Halt","Wallop+1","Adaptation+1"],"relics":["PureWater","Pen Nib","Ornamental Fan","Shuriken","Sozu","Toy Ornithopter","MealTicket","VioletLotus","Happy Flower","Potion Belt","Nunchaku","Prayer Wheel"],"acts_visited":["Exordium","TheCity","TheBeyond"],"potions_floor_usage":[50],"damage_taken":[{"damage":3.0,"enemies":"2 Louse","floor":1.0,"turns":3.0},{"damage":0.0,"enemies":"Small Slimes","floor":2.0,"turns":2.0},{"damage":0.0,"enemies":"Cultist","floor":3.0,"turns":2.0},{"damage":4.0,"enemies":"2 Fungi Beasts","floor":7.0,"turns":2.0},{"damage":0.0,"enemies":"Exordium Thugs","floor":12.0,"turns":3.0},{"damage":0.0,"enemies":"3 Sentries","floor":13.0,"turns":2.0},{"damage":0.0,"enemies":"Slime Boss","floor":16.0,"turns":4.0},{"damage":0.0,"enemies":"Spheric Guardian","floor":18.0,"turns":3.0},{"damage":0.0,"enemies":"2 Thieves","floor":19.0,"turns":1.0},{"damage":0.0,"enemies":"Snecko","floor":22.0,"turns":3.0},{"damage":6.0,"enemies":"3 Cultists","floor":24.0,"turns":4.0},{"damage":0.0,"enemies":"Cultist and Chosen","floor":29.0,"turns":3.0},{"damage":0.0,"enemies":"Snake Plant","floor":31.0,"turns":3.0},{"damage":22.0,"enemies":"Collector","floor":33.0,"turns":6.0},{"damage":7.0,"enemies":"3 Shapes","floor":35.0,"turns":4.0},{"damage":0.0,"enemies":"3 Darklings","floor":37.0,"turns":4.0},{"damage":0.0,"enemies":"Transient","floor":38.0,"turns":6.0},{"damage":19.0,"enemies":"Maw","floor":39.0,"turns":6.0},{"damage":18.0,"enemies":"Reptomancer","floor":41.0,"turns":4.0},{"damage":0.0,"enemies":"Sphere and 2 Shapes","floor":44.0,"turns":3.0},{"damage":4.0,"enemies":"Jaw Worm Horde","floor":45.0,"turns":4.0},{"damage":0.0,"enemies":"Mind Bloom Boss Battle","floor":46.0,"turns":5.0},{"damage":16.0,"enemies":"Writhing Mass","floor":47.0,"turns":3.0},{"damage":2.0,"enemies":"4 Shapes","floor":48.0,"turns":6.0},{"damage":0,"enemies":"Time Eater","floor":50,"turns":3}],"seed_played":"-8581958611255542757","potions_obtained":[{"floor":2.0,"key":"Explosive Potion"},{"floor":5.0,"key":"LiquidMemories"},{"floor":7.0,"key":"FearPotion"}],"is_trial":false,"path_per_floor":["M","M","M","?","?","R","M","R","T","R","$","M","E","?","R","B",null,"M","M","?","?","M","R","M","R","T","R","$","M","?","M","R","B",null,"M","$","M","M","M","R","E","R","T","M","M","?","M","M","R","B",null],"character_chosen":"WATCHER","items_purchased":["Tantrum","Adaptation","MealTicket","Happy Flower"],"campfire_rested":2,"item_purchase_floors":[11,28,28,36],"current_hp_per_floor":[58,58,58,58,58,58,54,54,54,54,54,54,54,54,54,54,65,65,65,65,65,65,65,59,59,59,59,59,59,59,59,59,37,60,53,68,68,68,49,68,50,50,50,50,46,46,30,28,48,53],"gold":199,"neow_bonus":"THREE_CARDS","is_daily":false,"chose_seed":false,"campfire_upgraded":9,"win_rate":0.0,"timestamp":1610961615,"path_taken":["M","M","M","?","?","R","M","R","T","R","$","?","E","?","R","BOSS","M","M","?","?","M","R","M","R","T","R","$","?","?","M","R","BOSS","M","$","M","M","M","R","E","R","T","M","M","?","M","M","R","BOSS"],"items_purchased_type":["Card","Card","Relic","Relic"],"build_version":"2020-12-22","purchased_purges":1,"victory":true,"max_hp_per_floor":[68,68,68,68,68,68,68,68,68,68,68,68,68,68,68,68,68,68,68,68,68,68,68,68,68,68,68,68,68,68,68,68,68,68,68,68,68,68,68,68,68,68,68,68,68,68,68,68,68,68],"card_choices":[{"not_picked":["Protect","JustLucky"],"picked":"FlurryOfBlows","floor":0.0},{"not_picked":["Perseverance","CutThroughFate"],"picked":"BowlingBash","floor":1.0},{"not_picked":["EmptyMind","JustLucky"],"picked":"CutThroughFate","floor":2.0},{"not_picked":["EmptyMind","InnerPeace"],"picked":"FearNoEvil","floor":3.0},{"not_picked":["JustLucky","ThirdEye","Perseverance"],"picked":"SKIP","floor":7.0},{"not_picked":["Fasting2","Consecrate","FlurryOfBlows"],"picked":"SKIP","floor":12.0},{"not_picked":["Sanctity","Brilliance"],"picked":"EmptyBody","floor":13.0},{"not_picked":["Omniscience","Ragnarok"],"picked":"Vault","floor":16.0},{"not_picked":["ThirdEye","Study","Consecrate"],"picked":"SKIP","floor":18.0},{"not_picked":["Evaluate","LikeWater","Sanctity"],"picked":"SKIP","floor":19.0},{"not_picked":["WaveOfTheHand","BattleHymn","Nirvana"],"picked":"SKIP","floor":22.0},{"not_picked":["ThirdEye","WaveOfTheHand+1"],"picked":"Wallop","floor":24.0},{"not_picked":["FearNoEvil","JustLucky"],"picked":"Meditate","floor":29.0},{"not_picked":["Tantrum","MasterReality","CrushJoints"],"picked":"SKIP","floor":31.0},{"not_picked":["LessonLearned","DevaForm"],"picked":"Ragnarok","floor":33.0},{"not_picked":["BowlingBash","ClearTheMind"],"picked":"FollowUp+1","floor":35.0},{"not_picked":["CrushJoints","Protect"],"picked":"MentalFortress","floor":37.0},{"not_picked":["LikeWater+1","Worship","Pray+1"],"picked":"SKIP","floor":38.0},{"not_picked":["FlurryOfBlows","FlyingSleeves","SashWhip"],"picked":"SKIP","floor":39.0},{"not_picked":["Evaluate+1","SandsOfTime"],"picked":"SashWhip+1","floor":41.0},{"not_picked":["FlurryOfBlows","EmptyBody"],"picked":"Halt","floor":44.0},{"not_picked":["CrushJoints","PathToVictory","FlyingSleeves"],"picked":"SKIP","floor":45.0},{"not_picked":["Swivel","Collect+1"],"picked":"Wallop+1","floor":47.0},{"not_picked":["Prostrate","Consecrate","Fasting2"],"picked":"SKIP","floor":47.0},{"not_picked":["Devotion","Swivel+1"],"picked":"Adaptation+1","floor":48.0},{"not_picked":["EmptyFist+1","FearNoEvil","BattleHymn"],"picked":"SKIP","floor":48.0}],"player_experience":740245,"relics_obtained":[{"floor":9.0,"key":"Ornamental Fan"},{"floor":13.0,"key":"Shuriken"},{"floor":26.0,"key":"Toy Ornithopter"},{"floor":41.0,"key":"Potion Belt"},{"floor":43.0,"key":"Nunchaku"},{"floor":46.0,"key":"Prayer Wheel"}],"event_choices":[{"damage_healed":0.0,"max_hp_gain":0.0,"max_hp_loss":0.0,"gold_gain":0.0,"event_name":"Big Fish","player_choice":"Box","floor":4.0,"gold_loss":0.0,"damage_taken":0.0,"relics_obtained":["Pen Nib"],"cards_obtained":["Regret"]},{"damage_healed":0.0,"max_hp_gain":0.0,"max_hp_loss":0.0,"gold_gain":0.0,"event_name":"Lab","player_choice":"Got Potions","floor":5.0,"gold_loss":0.0,"damage_taken":0.0},{"damage_healed":0.0,"max_hp_gain":0.0,"max_hp_loss":0.0,"gold_gain":0.0,"event_name":"Living Wall","player_choice":"Grow","floor":14.0,"gold_loss":0.0,"damage_taken":0.0,"cards_upgraded":["Tantrum"]},{"damage_healed":0.0,"max_hp_gain":0.0,"max_hp_loss":0.0,"gold_gain":0.0,"event_name":"Ghosts","player_choice":"Ignored","floor":20.0,"gold_loss":0.0,"damage_taken":0.0},{"damage_healed":0.0,"max_hp_gain":0.0,"max_hp_loss":0.0,"gold_gain":100.0,"event_name":"The Joust","player_choice":"Bet on Murderer","floor":21.0,"gold_loss":50.0,"damage_taken":0.0},{"damage_healed":0.0,"max_hp_gain":0.0,"max_hp_loss":0.0,"gold_gain":0.0,"event_name":"Back to Basics","player_choice":"Simplicity","floor":30.0,"gold_loss":0.0,"damage_taken":0.0,"cards_upgraded":["Strike_P","Strike_P","Strike_P","Strike_P","Defend_P","Defend_P","Defend_P","Defend_P"]},{"damage_healed":0.0,"max_hp_gain":0.0,"max_hp_loss":0.0,"gold_gain":0.0,"event_name":"MindBloom","player_choice":"Fight","floor":46.0,"gold_loss":0.0,"damage_taken":0.0}],"is_beta":false,"boss_relics":[{"not_picked":["Snecko Eye","Velvet Choker"],"picked":"Sozu"},{"not_picked":["SlaversCollar","Cursed Key"],"picked":"VioletLotus"}],"items_purged_floors":[11],"is_endless":false,"potions_floor_spawned":[2,7,12,19,29,31,37,41,47,48],"ascension_level":15}}