{"host":"0rxdudjy6rylha1k","time":1610984302,"event":{"mods":["Aspiration","BaseMod","Colored Map","Colored Powertips","Downfall","Highlight Path","Hubris","Minty Spire (QoL Compilation)","StSLib"],"gold_per_floor":[99,114,125,125,140,40,64,75,75,86,86,86,104,104,122,122,122],"floor_reached":16,"language":"ENG","playtime":654,"items_purged":[],"score":94,"play_id":"caf20303-06ae-4f7b-8262-1351ff8bd49e","local_time":"20210118083822","is_ascension_mode":false,"campfire_choices":[{"floor":1.0,"key":"RECALL"},{"data":"bronze:Frontload","floor":6.0,"key":"SMITH"},{"data":"bronze:Separator","floor":9.0,"key":"SMITH"},{"data":"bronze:Boost","floor":11,"key":"SMITH"}],"circlet_count":0,"master_deck":["bronze:Strike","bronze:Strike","bronze:Strike","bronze:Strike","bronze:Defend","bronze:Defend","bronze:Defend","bronze:Defend","bronze:Replicate","bronze:Goto","bronze:BurnOut","bronze:WhirlingStrike+1","bronze:Frontload+1","bronze:Separator+1","bronze:Boost+1","bronze:Optimize"],"relics":["bronze:BronzeCore","bronze:BottledCode","downfall:HeartBlessingRed","sneckomod:BlankCard"],"acts_visited":["Exordium"],"potions_floor_usage":[16,16],"damage_taken":[{"damage":1.0,"enemies":"2 Louse","floor":2.0,"turns":3.0},{"damage":6.0,"enemies":"Jaw Worm","floor":3.0,"turns":3.0},{"damage":0.0,"enemies":"Small Slimes","floor":5.0,"turns":4.0},{"damage":7.0,"enemies":"Exordium Thugs","floor":8.0,"turns":4.0},{"damage":4,"enemies":"Exordium Wildlife","floor":10,"turns":3},{"damage":8,"enemies":"Lots of Slimes","floor":13,"turns":2},{"damage":0,"enemies":"3 Louse","floor":15,"turns":2},{"damage":48,"enemies":"SI_SHIV_ARCHETYPE","floor":16,"turns":9}],"seed_played":"-2223814591175062","potions_obtained":[{"floor":8.0,"key":"SkillPotion"},{"floor":13,"key":"SteroidPotion"}],"is_trial":false,"path_per_floor":["R","M","M","?","M","R","T","M","R","M","R","?","M","?","M","B"],"character_chosen":"THE_AUTOMATON","items_purchased":[],"campfire_rested":0,"item_purchase_floors":[],"current_hp_per_floor":[70,69,63,60,60,60,60,53,53,49,49,49,41,41,41,0,0],"gold":122,"neow_bonus":"ONE_RANDOM_RARE_CARD","is_daily":false,"chose_seed":false,"campfire_upgraded":3,"win_rate":0.0,"timestamp":1610984302,"path_taken":["R","M","M","?","M","R","T","M","R","M","R","?","M","?","M","BOSS"],"items_purchased_type":[],"build_version":"2020-12-22","purchased_purges":0,"victory":false,"max_hp_per_floor":[70,70,70,60,60,60,60,60,60,60,60,60,60,60,60,60,60],"card_choices":[{"not_picked":["bronze:OilSpill","bronze:Deprecate"],"picked":"bronze:WhirlingStrike","floor":2.0},{"not_picked":["bronze:FineTuning","bronze:Shield"],"picked":"bronze:Frontload","floor":3.0},{"not_picked":["bronze:OilSpill","bronze:Frontload"],"picked":"bronze:Separator","floor":5.0},{"not_picked":["bronze:ShipIt","bronze:Turbo","bronze:Overheat"],"picked":"SKIP","floor":8.0},{"not_picked":["bronze:ItsAFeature","bronze:Shield"],"picked":"bronze:Boost","floor":10},{"not_picked":["bronze:Deprecate","bronze:WildBeam","bronze:BitShift"],"picked":"SKIP","floor":13},{"not_picked":["bronze:Fortify","bronze:Overheat"],"picked":"bronze:Optimize","floor":15}],"player_experience":2572571,"relics_obtained":[{"floor":7.0,"key":"sneckomod:BlankCard"}],"event_choices":[{"damage_healed":0,"gold_gain":0,"player_choice":"Grow","damage_taken":0,"max_hp_gain":0,"max_hp_loss":0,"event_name":"Living Wall","floor":14,"gold_loss":0,"cards_upgraded":["bronze:WhirlingStrike"]}],"is_beta":false,"boss_relics":[],"items_purged_floors":[],"is_endless":false,"potions_floor_spawned":[8,13],"killed_by":"SI_SHIV_ARCHETYPE","ascension_level":0}}