{"host":"9cyo9hnjhojz9htx","time":1610981157,"event":{"mods":["BaseMod","Colored Powertips","Downfall","Hermit","Lobotomy","LobotomyExtend","Minty Spire (QoL Compilation)","Spicy Shops","StSLib","The Bug Knight","The Cursed"],"gold_per_floor":[110,110,110,110,110,110,72,85,111,138,138,178,190,230,242,354,366,395,458,479,517,439,451,490,427,439,486,498,534,546,594,606,728,740,771,783,795,830,842,854,875,912,924,945,976,988,988],"floor_reached":46,"language":"ZHS","playtime":1819,"items_purged":[],"score":506,"play_id":"70dcc7a6-e438-4e85-9d38-51006f3c49e6","local_time":"20210118224557","daily_mods":["Heirloom","Time Dilation","Flight","Elite Swarm"],"is_ascension_mode":false,"campfire_choices":[{"data":"Dualcast","floor":6,"key":"SMITH"},{"floor":15,"key":"REST"},{"floor":23,"key":"REST"},{"data":"Rainbow","floor":32,"key":"SMITH"},{"data":"Capacitor","floor":40,"key":"SMITH"}],"circlet_count":0,"master_deck":["Strike_B","Strike_B+1","Strike_B","Defend_B+1","Defend_B","Zap","Dualcast+1","Capacitor+1","Glacier+1","Rainbow+1","Electrodynamics","Buffer+1","Ball Lightning+1","Machine Learning","Darkness+1","Amplify","Fusion+1","Multi-Cast","Streamline","Genetic Algorithm+1"],"relics":["FrozenCore","Guardian:GemstoneGun","LetterFromLob","Tiny Chest","Blood Vial","Pen Nib","MawBank","HollowMod:StagPassRelic","Philosopher\u0027s Stone","CeramicFish","MagicBullet_r","Gaze_r","Regal Pillow","Darkstone Periapt","Pear","Blue Candle","Anchor","Gremlin Horn","Whetstone","Bottled Tornado"],"acts_visited":["Exordium","TheCity","TheBeyond"],"potions_floor_usage":[16,16,27,31],"damage_taken":[{"damage":0,"enemies":"2 Louse","floor":1,"turns":2},{"damage":0,"enemies":"Jaw Worm","floor":8,"turns":1},{"damage":17,"enemies":"Lagavulin","floor":12,"turns":6},{"damage":20,"enemies":"Gremlin Nob","floor":14,"turns":3},{"damage":20,"enemies":"Hexaghost","floor":16,"turns":10},{"damage":28,"enemies":"2 Thieves","floor":18,"turns":4},{"damage":7,"enemies":"3 Byrds","floor":20,"turns":3},{"damage":0,"enemies":"3 Byrds","floor":24,"turns":2},{"damage":10,"enemies":"HollowMod:Nosk","floor":27,"turns":7},{"damage":0,"enemies":"Snake Plant","floor":29,"turns":2},{"damage":6,"enemies":"Slavers","floor":31,"turns":3},{"damage":15,"enemies":"Collector","floor":33,"turns":9},{"damage":20,"enemies":"3 Shapes","floor":35,"turns":4},{"damage":19,"enemies":"3 Darklings","floor":38,"turns":5},{"damage":29,"enemies":"Spire Growth","floor":45,"turns":5}],"seed_played":"-6620117890145485966","potions_obtained":[{"floor":8,"key":"Block Potion"},{"floor":12,"key":"ColorlessPotion"},{"floor":24,"key":"SpeedPotion"},{"floor":29,"key":"PowerPotion"},{"floor":35,"key":"LiquidBronze"},{"floor":45,"key":"BlessingOfTheForge"}],"is_trial":true,"path_per_floor":["M","?","?","?","?","R","$","M","T","T","?","E","?","E","R","B",null,"M","T","M","T","?","R","M","?","T","E","T","M","?","E","R","B",null,"M","?","T","M","$","R","?","T","T","?","M","?"],"character_chosen":"DEFECT","items_purchased":["Capacitor"],"campfire_rested":2,"item_purchase_floors":[7],"current_hp_per_floor":[75,75,60,53,53,53,53,53,53,53,53,38,38,20,42,24,75,47,47,24,24,24,60,62,62,62,64,64,66,66,62,62,49,82,64,82,82,63,63,63,63,63,63,63,36,0,0],"gold":988,"neow_bonus":"","is_daily":false,"chose_seed":false,"campfire_upgraded":3,"win_rate":0.0,"timestamp":1610981157,"path_taken":["M","?","?","?","?","R","?","?","T","?","?","E","?","E","R","BOSS","M","?","M","?","?","R","?","?","T","E","?","?","?","E","R","BOSS","M","?","?","?","?","R","?","?","T","?","?","?"],"items_purchased_type":["Card"],"build_version":"2020-12-22","purchased_purges":0,"victory":false,"max_hp_per_floor":[75,75,75,75,75,75,75,75,75,75,75,75,75,75,75,75,75,75,75,75,75,72,72,72,72,72,82,82,82,82,82,82,82,82,82,82,82,82,82,82,82,82,82,82,82,82,82],"card_choices":[{"not_picked":["Cold Snap","Darkness"],"picked":"Redo","floor":1},{"not_picked":["Redo","Turbo"],"picked":"Glacier","floor":8},{"not_picked":["Buffer","Hyperbeam"],"picked":"Rainbow","floor":12},{"not_picked":["Reboot","Meteor Strike"],"picked":"Electrodynamics","floor":14},{"not_picked":["Rainbow","Electrodynamics"],"picked":"Buffer","floor":16},{"not_picked":["FTL","Barrage"],"picked":"Ball Lightning","floor":18},{"not_picked":["Stack","Blizzard"],"picked":"BootSequence","floor":24},{"not_picked":["Thunder Strike","Amplify"],"picked":"Machine Learning","floor":27},{"not_picked":["Leap","Redo+1"],"picked":"Darkness","floor":29},{"not_picked":["Machine Learning","Core Surge"],"picked":"Meteor Strike","floor":31},{"not_picked":["Electrodynamics","Hyperbeam"],"picked":"Amplify","floor":33},{"not_picked":["Streamline","Chill+1"],"picked":"Conserve Battery+1","floor":35},{"not_picked":["Steam+1","Hologram"],"picked":"Fusion+1","floor":38},{"not_picked":["Heatsinks","Cold Snap+1"],"picked":"Genetic Algorithm+1","floor":45}],"player_experience":132486,"relics_obtained":[{"floor":1,"key":"LetterFromLob"},{"floor":9,"key":"Blood Vial"},{"floor":10,"key":"Pen Nib"},{"floor":12,"key":"HollowMod:StagPassRelic"},{"floor":19,"key":"CeramicFish"},{"floor":21,"key":"Regal Pillow"},{"floor":26,"key":"Darkstone Periapt"},{"floor":27,"key":"Pear"},{"floor":28,"key":"Blue Candle"},{"floor":31,"key":"Anchor"},{"floor":37,"key":"Gremlin Horn"},{"floor":42,"key":"Whetstone"},{"floor":43,"key":"Bottled Tornado"}],"event_choices":[{"damage_healed":0,"gold_gain":0,"player_choice":"Entered Light","damage_taken":15,"max_hp_gain":0,"max_hp_loss":0,"event_name":"Shining Light","floor":3,"gold_loss":0,"cards_upgraded":["Defend_B","Strike_B"]},{"damage_healed":0,"gold_gain":0,"player_choice":"Success","damage_taken":7,"relics_obtained":["Tiny Chest"],"max_hp_gain":0,"max_hp_loss":0,"event_name":"Scrap Ooze","floor":4,"gold_loss":0},{"damage_healed":0,"gold_gain":0,"player_choice":"Grow","damage_taken":0,"max_hp_gain":0,"max_hp_loss":0,"event_name":"Living Wall","floor":5,"gold_loss":0,"cards_upgraded":["Redo"]},{"damage_healed":0,"gold_gain":0,"player_choice":"Box","damage_taken":0,"relics_obtained":["MawBank"],"max_hp_gain":0,"max_hp_loss":0,"event_name":"Big Fish","floor":11,"gold_loss":0,"cards_obtained":["Regret"]},{"damage_healed":0,"gold_gain":0,"player_choice":"Bought 0 Potions","damage_taken":0,"max_hp_gain":0,"max_hp_loss":0,"event_name":"The Woman in Blue","floor":13,"gold_loss":0},{"cards_removed":["Parasite"],"damage_healed":0,"gold_gain":0,"player_choice":"Upgrade and Remove","damage_taken":0,"max_hp_gain":0,"max_hp_loss":0,"event_name":"Designer","floor":22,"gold_loss":90,"cards_upgraded":["Buffer"]},{"cards_removed":["Regret"],"damage_healed":0,"gold_gain":0,"player_choice":"Gave Gold","damage_taken":0,"max_hp_gain":0,"max_hp_loss":0,"event_name":"Beggar","floor":25,"gold_loss":75},{"damage_healed":0,"gold_gain":0,"player_choice":"1 cards matched","damage_taken":0,"max_hp_gain":0,"max_hp_loss":0,"event_name":"Match and Keep!","floor":41,"gold_loss":0,"cards_obtained":["Multi-Cast"]},{"damage_healed":0,"gold_gain":0,"cards_transformed":["Defend_B"],"player_choice":"Transformed","damage_taken":0,"max_hp_gain":0,"max_hp_loss":0,"event_name":"Transmorgrifier","floor":44,"gold_loss":0,"cards_obtained":["Streamline"]}],"is_beta":false,"boss_relics":[{"not_picked":["Empty Cage","Snecko Eye"],"picked":"Philosopher\u0027s Stone"},{"not_picked":["Busted Crown","Pandora\u0027s Box"],"picked":"FrozenCore"}],"items_purged_floors":[],"is_endless":true,"potions_floor_spawned":[8,12,20,24,29,35,45],"ascension_level":0}}