{"host":"appz8zkad29u9482","time":1610943702,"event":{"mods":["2.2 Compatiblity","Act Like it!","Aspiration","BaseMod","Beaked The Cultist","Better Altar","Better Match","Better Note","Better Skull","Better Third Choice","BetterRewards","CapriCore","Conspire","Disable Question Mark Monsters","Energized Spire","Gensokyo","GifTheSpireLib","Gold Saver","Halation","Hermit","Hubris","Infinite Spire","Jedi Mod","Luminous","Marisa????????","Minty Spire (QoL Compilation)","Permanent Neow","Reimu??????","Replay The Spire","Spicy Shops","StSLib","Strawberry Spire","Stuff the Spire","The Administrix","The Bug Knight","The Construct","The Cursed","The Florist","The Hierophant","The Immortal","The Servant 0.9.4","yUi"],"gold_per_floor":[142,142,162,162,184,184,222,222,222,247,247,254,254,291,291,386,386,424,424,461,431,238,316,316,377,377,377,444,543,458,78,78,197,197,299,299,326,437,437,567,567,681,681,681,681],"floor_reached":44,"language":"ENG","playtime":2978,"items_purged":[],"score":681,"play_id":"da88bc90-9cf0-4293-9ff3-cb54a0a29f70","local_time":"20210117182142","is_ascension_mode":true,"campfire_choices":[{"data":"hierophant:Flagellation","floor":6,"key":"SMITH"},{"data":"hierophant:OrnateBuckler","floor":8,"key":"SMITH"},{"floor":11,"key":"REST"},{"data":"hierophant:Sermon","floor":13,"key":"SMITH"},{"data":"hierophant:Remorse","floor":15,"key":"SMITH"},{"data":"hierophant:Refuge","floor":24,"key":"SMITH"},{"data":"hierophant:Charity","floor":27,"key":"SMITH"},{"data":"hierophant:HolyVerse","floor":32,"key":"SMITH"},{"data":"StuffTheSpire:Innocence","floor":41,"key":"SMITH"}],"circlet_count":0,"master_deck":["hierophant:Strike_Hierophant","hierophant:Strike_Hierophant","hierophant:Strike_Hierophant","hierophant:Punish","hierophant:Defend_Hierophant","hierophant:Defend_Hierophant","hierophant:Defend_Hierophant","hierophant:Defend_Hierophant","hierophant:ChurchCoffers","hierophant:OrnateBuckler+1","hierophant:Flagellation+1","hierophant:Doubloon+1","hierophant:Refuge+1","hierophant:Doubloon+1","hierophant:Dazzle","hierophant:Sermon+1","hierophant:Doubloon+1","hierophant:Remorse+1","hierophant:MintersHammer","hierophant:OrnateBuckler","hierophant:RustyCrate","hierophant:Doubloon+1","hierophant:Doubloon+1","hierophant:Charity+1","hierophant:Doubloon+1","hierophant:PristineSoul+1","hierophant:MorningPrayer+1","hierophant:HolyVerse+1","Enlightenment","hierophant:BulkyChest","hierophant:HolyVerse+1","StuffTheSpire:Innocence+1","hierophant:Doubloon+1","hierophant:Remorse+1","hierophant:MorningPrayer","hierophant:Community+1"],"relics":["hierophant:PropheticMaskRelic","ReplayFunnel","Blood Vial","StuffTheSpire:ModemDavis","Bronze Scales","Replay:Bronze Core","infinitespire:CheckeredPen","Bag of Preparation","halation:Pancakes","Smiling Mask","Centennial Puzzle","infinitespire:Golems Mask","energizedSpire:DeadBattery","hubris:SlimyHat","Simple Rune","strawberrySpire:Treaders","aspiration:TomeofQuesting"],"acts_visited":["Exordium","TheCity","TheBeyond"],"potions_floor_usage":[16,16,20,25,25,33],"damage_taken":[{"damage":5,"enemies":"Small Slimes","floor":1,"turns":3},{"damage":14,"enemies":"infinitespire:Voidling","floor":3,"turns":4},{"damage":5,"enemies":"Jaw Worm","floor":5,"turns":4},{"damage":11,"enemies":"Replay:BlueRogue","floor":7,"turns":5},{"damage":5,"enemies":"Red Slaver","floor":10,"turns":2},{"damage":0,"enemies":"Looter","floor":12,"turns":3},{"damage":4,"enemies":"2 Fungi Beasts","floor":14,"turns":2},{"damage":36,"enemies":"The Guardian","floor":16,"turns":19},{"damage":6,"enemies":"Chosen","floor":18,"turns":5},{"damage":6,"enemies":"conspire:FuzzyDice","floor":20,"turns":6},{"damage":13,"enemies":"Slavers","floor":23,"turns":9},{"damage":47,"enemies":"Gremlin Leader","floor":25,"turns":12},{"damage":0,"enemies":"Snake Plant","floor":28,"turns":8},{"damage":0,"enemies":"conspire:MimicChest","floor":29,"turns":14},{"damage":34,"enemies":"hubris:MusketHawk","floor":33,"turns":11},{"damage":2,"enemies":"3 Shapes","floor":35,"turns":3},{"damage":26,"enemies":"Orb Walker","floor":38,"turns":7},{"damage":5,"enemies":"Reptomancer","floor":40,"turns":11},{"damage":8,"enemies":"strawberrySpire:EssenceStones","floor":42,"turns":4},{"damage":5,"enemies":"Giant Head","floor":44,"turns":7}],"seed_played":"9015242433390294836","potions_obtained":[{"floor":1,"key":"ZuzhouPotion:ReiMu"},{"floor":3,"key":"Weak Potion"},{"floor":7,"key":"Fire Potion"},{"floor":16,"key":"Explosive Potion"},{"floor":21,"key":"FairyPotion"},{"floor":21,"key":"Toxic Potion"},{"floor":25,"key":"Doom Potion"},{"floor":28,"key":"MagicPotion:ReiMu"},{"floor":38,"key":"LifebloodPotion"}],"is_trial":false,"path_per_floor":["M","?","M","?","M","R","E","R","T","M","R","M","R","M","R","B",null,"M","AVR","M","?","$","E","R","E","T","R","M","?","?","$","R","B",null,"M","?","T","M","?","E","R","E","T","E"],"character_chosen":"HIEROPHANT","items_purchased":["hierophant:Charity","infinitespire:CheckeredPen","infinitespire:Golems Mask","Enlightenment"],"campfire_rested":1,"item_purchase_floors":[22,22,31,31],"current_hp_per_floor":[70,55,50,58,53,53,42,42,42,39,61,63,63,61,61,27,75,69,69,65,65,65,54,54,58,58,58,60,62,62,62,62,30,75,73,73,73,49,49,46,46,40,40,37,37],"gold":681,"neow_bonus":"RANDOM_COMMON_RELIC","is_daily":false,"chose_seed":false,"campfire_upgraded":8,"win_rate":0.0,"timestamp":1610943702,"path_taken":["M","?","M","?","M","R","E","R","T","?","R","M","R","M","R","BOSS","M","AVR","M","?","$","E","R","E","T","R","?","?","?","?","R","BOSS","M","?","?","M","?","E","R","E","T","E"],"items_purchased_type":["Card","Relic","Relic","Card"],"build_version":"2020-12-22","purchased_purges":0,"victory":false,"max_hp_per_floor":[75,75,75,75,75,75,75,75,75,75,75,75,75,75,75,75,75,75,75,75,75,75,75,75,75,75,75,75,75,75,75,75,75,75,75,75,75,75,75,75,75,75,75,75,75],"card_choices":[{"not_picked":["hierophant:FieryStrike","hierophant:Doubloon"],"picked":"hierophant:OrnateBuckler","floor":1},{"not_picked":["hierophant:PassingBell","hierophant:Sermon","hierophant:DisplayOfPower"],"picked":"SKIP","floor":3},{"not_picked":["hierophant:DisplayOfPower","hierophant:Martyrdom"],"picked":"hierophant:Flagellation","floor":5},{"not_picked":["hierophant:HolyVerse","hierophant:FlamingChariot"],"picked":"hierophant:Refuge","floor":7},{"not_picked":["hierophant:Encroach","hierophant:Smite"],"picked":"hierophant:Dazzle","floor":10},{"not_picked":["hierophant:DeathKnell","hierophant:AuricBeam"],"picked":"hierophant:Sermon","floor":12},{"not_picked":["hierophant:RecallFunds","hierophant:Chorus"],"picked":"hierophant:Remorse","floor":14},{"not_picked":["hierophant:Invocation","hierophant:DivineIntervention"],"picked":"hierophant:MintersHammer","floor":16},{"not_picked":["hierophant:ThreeLashes","hierophant:Zeal+1"],"picked":"hierophant:OrnateBuckler","floor":18},{"not_picked":["hierophant:Doomsaying+1","hierophant:RecallFunds"],"picked":"hierophant:RustyCrate","floor":20},{"not_picked":["hierophant:SealAway","hierophant:Purify+1","hierophant:RepressedViolence"],"picked":"SKIP","floor":23},{"not_picked":["hierophant:Exaltation","hierophant:SecretStash+1"],"picked":"hierophant:PristineSoul+1","floor":25},{"not_picked":["hierophant:DeathKnell","hierophant:HammerAndAnvil"],"picked":"hierophant:MorningPrayer+1","floor":28},{"not_picked":["hierophant:OrnateBuckler","hierophant:ThreeLashes"],"picked":"hierophant:HolyVerse","floor":29},{"not_picked":["hierophant:Levitation","hierophant:DivineIntervention"],"picked":"hierophant:BulkyChest","floor":33},{"not_picked":["hierophant:FieryStrike+1","hierophant:Zeal"],"picked":"hierophant:HolyVerse+1","floor":35},{"not_picked":["StuffTheSpire:Vigor","StuffTheSpire:Rapture"],"picked":"StuffTheSpire:Innocence","floor":36},{"not_picked":["hierophant:HammerAndAnvil+1","hierophant:Doubloon"],"picked":"hierophant:Remorse+1","floor":38},{"not_picked":["hierophant:Invocation","hierophant:Embezzle"],"picked":"hierophant:Community+1","floor":40},{"not_picked":["hierophant:Encroach","hierophant:ArchangelShield","hierophant:FlamingChariot+1"],"picked":"SKIP","floor":42}],"player_experience":546309,"relics_obtained":[{"floor":7,"key":"Replay:Rubber Ducky"},{"floor":9,"key":"Blood Vial"},{"floor":23,"key":"Bag of Preparation"},{"floor":25,"key":"halation:Pancakes"},{"floor":29,"key":"Smiling Mask"},{"floor":37,"key":"hubris:SlimyHat"},{"floor":40,"key":"Simple Rune"},{"floor":42,"key":"strawberrySpire:Treaders"},{"floor":43,"key":"aspiration:TomeofQuesting"}],"event_choices":[{"damage_healed":70,"gold_gain":0,"player_choice":"Upgrade","damage_taken":15,"max_hp_gain":0,"max_hp_loss":75,"event_name":"betterThird:BetterShining","floor":2,"gold_loss":0,"cards_upgraded":["hierophant:Defend_Hierophant","hierophant:Strike_Hierophant"]},{"damage_healed":0,"gold_gain":0,"player_choice":"Bought 2 Potions","damage_taken":0,"max_hp_gain":0,"max_hp_loss":0,"event_name":"The Woman in Blue","floor":21,"gold_loss":0},{"damage_healed":0,"gold_gain":0,"player_choice":"Obtained Relic","damage_taken":0,"relics_obtained":["Centennial Puzzle"],"max_hp_gain":0,"max_hp_loss":0,"event_name":"Addict","floor":30,"gold_loss":85},{"damage_healed":0,"gold_gain":0,"cards_transformed":["hierophant:Strike_Hierophant"],"player_choice":"Transformed","damage_taken":0,"max_hp_gain":0,"max_hp_loss":0,"event_name":"Transmorgrifier","floor":39,"gold_loss":0,"cards_obtained":["hierophant:MorningPrayer"]}],"is_beta":false,"boss_relics":[{"not_picked":["Astrolabe","jedi:paperlyon"],"picked":"StuffTheSpire:ModemDavis"},{"not_picked":["aspiration:ServantSkillbook","Empty Cage"],"picked":"energizedSpire:DeadBattery"}],"items_purged_floors":[],"is_endless":false,"potions_floor_spawned":[1,3,7,12,16,25,28,38],"killed_by":"Giant Head","ascension_level":1}}