{"host":"xp5rvh2jwe2ejyfm","time":1610979790,"event":{"mods":["BaseMod","Hermit","Minty Spire (QoL Compilation)","Replay The Spire","StSLib","The Construct","The Cursed","The Disciple","The Hierophant","The Necromancer","The Runesmith"],"gold_per_floor":[216,216,234,250,24,24,24,24,24,24,24,34,63,82,82,82],"floor_reached":15,"language":"ENG","playtime":505,"items_purged":[],"score":95,"play_id":"ed105026-a5d4-446f-a738-df7801c34c89","local_time":"20210118092310","is_ascension_mode":false,"campfire_choices":[{"data":"TheCursedMod:CursedWand","floor":6,"key":"SMITH"},{"data":"TheCursedMod:CircleOfBlood","floor":8,"key":"SMITH"}],"circlet_count":0,"master_deck":["TheCursedMod:Strike_TheCursed","TheCursedMod:Strike_TheCursed","TheCursedMod:Strike_TheCursed","TheCursedMod:Strike_TheCursed","TheCursedMod:Defend_TheCursed","TheCursedMod:Defend_TheCursed","TheCursedMod:Defend_TheCursed","TheCursedMod:Defend_TheCursed","TheCursedMod:CursedWand+1","TheCursedMod:CleanUpWorkshop","TheCursedMod:Dregs","TheCursedMod:CursedBlade","TheCursedMod:CircleOfBlood+1","TheCursedMod:Torture","TheCursedMod:EmpowerCircles","TheCursedMod:CircleOfFocus","TheCursedMod:ReleasedKnowledge","TheCursedMod:CircleOfFlame"],"relics":["TheCursedMod:BlackMagic101","Vajra","Counterbalance","Art of War"],"acts_visited":["Exordium"],"potions_floor_usage":[15],"damage_taken":[{"damage":0,"enemies":"Small Slimes","floor":1,"turns":4},{"damage":1,"enemies":"Cultist","floor":3,"turns":3},{"damage":6,"enemies":"Jaw Worm","floor":4,"turns":4},{"damage":6,"enemies":"Lots of Slimes","floor":12,"turns":4},{"damage":31,"enemies":"Gremlin Nob","floor":13,"turns":6},{"damage":12,"enemies":"Exordium Thugs","floor":14,"turns":4},{"damage":43,"enemies":"3 Sentries","floor":15,"turns":6}],"seed_played":"-7060923730387225889","potions_obtained":[{"floor":13,"key":"construct:ShiftPotion"},{"floor":14,"key":"SkillPotion"}],"is_trial":false,"path_per_floor":["M","?","M","M","$","R","$","R","T","PTL","PTL","M","E","M","E"],"character_chosen":"THE_CURSED","items_purchased":["Vajra","TheCursedMod:EmpowerCircles"],"campfire_rested":0,"item_purchase_floors":[5,5],"current_hp_per_floor":[75,75,74,69,69,69,69,69,69,69,69,69,42,34,0,0],"gold":82,"neow_bonus":"HUNDRED_GOLD","is_daily":false,"chose_seed":false,"campfire_upgraded":2,"win_rate":0.0,"timestamp":1610979790,"path_taken":["M","?","M","M","$","R","?","R","T","PTL","PTL","M","E","M","E"],"items_purchased_type":["Relic","Card"],"build_version":"2020-12-22","purchased_purges":0,"victory":false,"max_hp_per_floor":[75,75,75,75,75,75,75,75,75,75,75,75,75,75,75,75],"card_choices":[{"not_picked":["TheCursedMod:SmokeScreen","TheCursedMod:SurpriseAttack"],"picked":"TheCursedMod:CursedBlade","floor":1},{"not_picked":["TheCursedMod:SpitefulStrike","TheCursedMod:Stigma"],"picked":"TheCursedMod:CircleOfBlood","floor":3},{"not_picked":["TheCursedMod:VitalStrike","TheCursedMod:Stretching"],"picked":"TheCursedMod:Torture","floor":4},{"not_picked":["TheCursedMod:TroublousMinions","TheCursedMod:CursedArmor"],"picked":"TheCursedMod:CircleOfFocus","floor":12},{"not_picked":["TheCursedMod:SurpriseAttack","TheCursedMod:DemonicPact"],"picked":"TheCursedMod:ReleasedKnowledge","floor":13},{"not_picked":["TheCursedMod:ReleasedKnowledge","TheCursedMod:Stretching"],"picked":"TheCursedMod:CircleOfFlame","floor":14}],"player_experience":216914,"relics_obtained":[{"floor":9,"key":"Counterbalance"},{"floor":13,"key":"Art of War"}],"event_choices":[{"damage_healed":0,"gold_gain":0,"player_choice":"Ignored","damage_taken":0,"max_hp_gain":0,"max_hp_loss":0,"event_name":"Fountain of Cleansing","floor":2,"gold_loss":0}],"is_beta":false,"boss_relics":[],"items_purged_floors":[],"is_endless":false,"potions_floor_spawned":[13,14],"killed_by":"3 Sentries","ascension_level":0}}