{"host":"bg8va46pgqgvtzim","time":1610961042,"event":{"mods":["BaseMod","Downfall","Minty Spire (QoL Compilation)","Quick Restart","StSLib","SuperFastMode"],"gold_per_floor":[99,99,99,99,99,134,210,360,360,387,404,416,433,446,462,567,567,467,487,499,254,254,62,62,62,109,9,59,59,85,132,145,251,251,151,176,235,259,279,323,323,323,323,352,149,162,212,247,261,261,261,312,100,100,100,100],"floor_reached":57,"language":"ZHS","playtime":4032,"items_purged":["Guardian:Defend_Guardian","Guardian:Strike_Guardian","Guardian:RollAttack","Guardian:Defend_Guardian","Guardian:Defend_Guardian"],"score":1466,"play_id":"05128b90-6213-4954-ba7a-7c96090e19c1","local_time":"20210118171042","is_ascension_mode":true,"campfire_choices":[{"data":"Guardian:TwinSlam","floor":1.0,"key":"SMITH"},{"data":"Guardian:CompilePackage","floor":18.0,"key":"SMITH"},{"floor":25.0,"key":"RECALL"},{"data":"Guardian:SentryBeam","floor":27.0,"key":"SMITH"},{"data":"Guardian:ExploitGems","floor":29.0,"key":"SMITH"},{"data":"Guardian:CurlUp","floor":35.0,"key":"SMITH"},{"data":"Guardian:FloatingOrbs","floor":42.0,"key":"SMITH"},{"data":"Guardian:BodySlam","floor":54,"key":"SMITH"}],"circlet_count":0,"master_deck":["Guardian:CurlUp+1","Guardian:TwinSlam+1","Guardian:BronzeOrb","Guardian:CompilePackage+1","downfall:Icky","Guardian:ArmoredProtocol","Guardian:PiercingHide","Guardian:ChargeCore+1","Guardian:SentryBeam+1","Guardian:RevengeProtocol","Guardian:Suspension+1","Guardian:GemFinder","Guardian:ExploitGems+1","Guardian:FuturePlans","Guardian:PolyBeam+1","Guardian:VentSteam+1","Guardian:ConstructionForm","Guardian:FloatingOrbs+1","Guardian:Recover+1","Guardian:BronzeArmor","Guardian:ExploitGems","Guardian:TimeCapacitor","Guardian:BodySlam+1"],"relics":["Guardian:ModeShifterPlus","downfall:HeartsMalice","Ginger","InkBottle","Gremlin Horn","Blood Vial","Empty Cage","downfall:HeartBlessingGreen","Lantern","Kunai","downfall:HeartBlessingRed","CeramicFish","Centennial Puzzle","downfall:HeartBlessingBlue","Torii","HornCleat","Meat on the Bone","TheAbacus","Question Card","CaptainsWheel"],"acts_visited":["Exordium","TheCity","TheBeyond","TheEnding"],"potions_floor_usage":[56],"damage_taken":[{"damage":0.0,"enemies":"Small Slimes","floor":2.0,"turns":1.0},{"damage":0.0,"enemies":"2 Louse","floor":4.0,"turns":1.0},{"damage":0.0,"enemies":"Lagavulin","floor":6.0,"turns":1.0},{"damage":12.0,"enemies":"Gremlin Nob","floor":10.0,"turns":4.0},{"damage":0.0,"enemies":"Jaw Worm","floor":11.0,"turns":1.0},{"damage":0.0,"enemies":"Lots of Slimes","floor":12.0,"turns":2.0},{"damage":0.0,"enemies":"Exordium Wildlife","floor":13.0,"turns":2.0},{"damage":0.0,"enemies":"2 Fungi Beasts","floor":14.0,"turns":4.0},{"damage":0.0,"enemies":"Gremlin Gang","floor":15.0,"turns":2.0},{"damage":9.0,"enemies":"DF_ARCHETYPE_STREAMLINE","floor":16.0,"turns":12.0},{"damage":0.0,"enemies":"Chosen","floor":19.0,"turns":4.0},{"damage":0.0,"enemies":"Snecko","floor":20.0,"turns":4.0},{"damage":0.0,"enemies":"downfall:FleeingMerchant","floor":21.0,"turns":4.0},{"damage":0.0,"enemies":"downfall:FleeingMerchant","floor":23.0,"turns":4.0},{"damage":0.0,"enemies":"Gremlin Leader","floor":28.0,"turns":4.0},{"damage":0.0,"enemies":"Snake Plant","floor":30.0,"turns":4.0},{"damage":6.0,"enemies":"Slavers","floor":31.0,"turns":4.0},{"damage":3.0,"enemies":"Shelled Parasite and Fungi","floor":32.0,"turns":4.0},{"damage":32.0,"enemies":"IC_MUSHROOM_ARCHETYPE","floor":33.0,"turns":5.0},{"damage":0.0,"enemies":"3 Darklings","floor":36.0,"turns":4.0},{"damage":11.0,"enemies":"2 Orb Walkers","floor":37.0,"turns":4.0},{"damage":0.0,"enemies":"Orb Walker","floor":38.0,"turns":4.0},{"damage":0.0,"enemies":"Jaw Worm Horde","floor":39.0,"turns":1.0},{"damage":0.0,"enemies":"Nemesis","floor":40.0,"turns":5.0},{"damage":0.0,"enemies":"3 Darklings","floor":44.0,"turns":4.0},{"damage":0.0,"enemies":"downfall:FleeingMerchant","floor":45.0,"turns":4.0},{"damage":0.0,"enemies":"Spire Growth","floor":46.0,"turns":4.0},{"damage":0.0,"enemies":"downfall:FleeingMerchant","floor":47.0,"turns":4.0},{"damage":0.0,"enemies":"Giant Head","floor":48.0,"turns":6.0},{"damage":0.0,"enemies":"4 Shapes","floor":49.0,"turns":5.0},{"damage":59.0,"enemies":"WA_ARCHETYPE_DIVINITY","floor":50.0,"turns":13.0},{"damage":0.0,"enemies":"downfall:CharBossMerchant","floor":52.0,"turns":8.0},{"damage":6,"enemies":"downfall:NeowBoss","floor":55,"turns":10},{"damage":1,"enemies":"downfall:NeowBossFinal","floor":56,"turns":7}],"seed_played":"-2268077344231260312","potions_obtained":[{"floor":6.0,"key":"bronze:BurnAndBuffPotion"},{"floor":10.0,"key":"EssenceOfSteel"},{"floor":12.0,"key":"Fire Potion"},{"floor":15.0,"key":"Weak Potion"},{"floor":16.0,"key":"Fire Potion"},{"floor":19.0,"key":"Guardian:BlockOnCardUsePotion"},{"floor":31.0,"key":"DuplicationPotion"},{"floor":32.0,"key":"Fire Potion"},{"floor":39.0,"key":"Guardian:BlockOnCardUsePotion"},{"floor":44.0,"key":"PowerPotion"},{"floor":46.0,"key":"EntropicBrew"}],"is_trial":false,"path_per_floor":["R","M","?","M","?","E","T","?","T","E","M","M","M","M","M","B",null,"R","M","M","$","?","$","T","R","T","R","E","R","M","E","M","B",null,"R","M","?","M","M","E","T","R","?","M","$","M","$","E","M","B",null,"E","$","R","B","B",null],"character_chosen":"GUARDIAN","items_purchased":["Lantern","Guardian:FuturePlans","Guardian:TimeCapacitor","TheAbacus","Guardian:BodySlam"],"campfire_rested":0,"item_purchase_floors":[21,23,45,47,53],"current_hp_per_floor":[80,80,85,85,85,85,85,85,85,73,75,77,79,81,83,76,85,85,85,85,85,85,85,85,85,85,85,85,85,85,79,78,48,85,95,95,84,86,88,90,90,90,82,84,86,88,90,92,94,48,95,95,95,95,89,90],"gold":100,"neow_bonus":"THREE_ENEMY_KILL","is_daily":false,"chose_seed":false,"campfire_upgraded":7,"win_rate":0.0,"timestamp":1610961042,"path_taken":["R","M","?","M","?","E","T","?","?","E","M","?","M","M","M","BOSS","R","M","M","?","?","$","T","R","?","R","E","R","?","E","M","BOSS","R","M","?","M","M","E","T","R","?","M","$","M","$","E","M","BOSS","E","$","R","BOSS","BOSS"],"items_purchased_type":["Relic","Card","Card","Relic","Card"],"build_version":"2020-12-22","purchased_purges":5,"victory":true,"max_hp_per_floor":[80,80,85,85,85,85,85,85,85,85,85,85,85,85,85,85,85,85,85,85,85,85,85,85,85,85,85,85,85,85,85,85,85,85,95,95,95,95,95,95,95,95,95,95,95,95,95,95,95,95,95,95,95,95,95,95],"card_choices":[{"not_picked":["Guardian:DonusPower","Guardian:CrystalBeam"],"picked":"Guardian:BronzeOrb","floor":2.0},{"not_picked":["Guardian:Reroute","Guardian:PrimingBeam"],"picked":"Guardian:RollAttack","floor":4.0},{"not_picked":["Guardian:SentryBeam","Guardian:Gem_Green"],"picked":"Guardian:CompilePackage","floor":6.0},{"not_picked":["Guardian:Orbwalk","Guardian:PolyBeam"],"picked":"Guardian:Gem_Yellow","floor":10.0},{"not_picked":["Guardian:CrystalBeam","Guardian:Incinerate"],"picked":"Guardian:ArmoredProtocol","floor":11.0},{"not_picked":["Guardian:EvasiveProtocol","Guardian:WalkerClaw","Guardian:TimeBomb"],"picked":"SKIP","floor":12.0},{"not_picked":["Guardian:RevengeProtocol","Guardian:TemporalShield"],"picked":"Guardian:PiercingHide","floor":13.0},{"not_picked":["Guardian:Reroute","Guardian:ShieldCharger"],"picked":"Guardian:ChargeCore","floor":14.0},{"not_picked":["Guardian:Incinerate","Guardian:Harden"],"picked":"Guardian:SentryBeam","floor":15.0},{"not_picked":["Guardian:StasisField","Guardian:GatlingBeam"],"picked":"Guardian:RevengeProtocol","floor":16.0},{"not_picked":["Guardian:Recover+1","Guardian:ShieldCharger"],"picked":"Guardian:Suspension+1","floor":19.0},{"not_picked":["Guardian:Incinerate","Guardian:RollAttack+1"],"picked":"Guardian:GemFinder","floor":20.0},{"not_picked":["Guardian:Gem_Lightblue","Guardian:PiercingHide"],"picked":"Guardian:ExploitGems","floor":21.0},{"not_picked":["Guardian:Emergency","Guardian:HyperBeam_Guardian"],"picked":"Guardian:Gem_Cyan","floor":23.0},{"not_picked":["Guardian:Gem_Lightblue","Guardian:Gem_Green"],"picked":"Guardian:Gem_Red","floor":28.0},{"not_picked":["Guardian:Preprogram+1","Guardian:Orbwalk"],"picked":"Guardian:PolyBeam+1","floor":28.0},{"not_picked":["Guardian:Gem_Green","Guardian:Gem_Red"],"picked":"Guardian:Gem_Cyan","floor":30.0},{"not_picked":["Guardian:WalkerClaw","Guardian:ShieldCharger+1","Guardian:Gem_Lightblue"],"picked":"SKIP","floor":30.0},{"not_picked":["Guardian:Gem_Lightblue","Guardian:Gem_Cyan"],"picked":"Guardian:Gem_Red","floor":31.0},{"not_picked":["Guardian:ChargeUp+1","Guardian:FuturePlans+1"],"picked":"Guardian:VentSteam+1","floor":31.0},{"not_picked":["Guardian:Gem_Green","Guardian:Gem_Red","Guardian:PiercingHide"],"picked":"SKIP","floor":32.0},{"not_picked":["Guardian:FierceBash","Guardian:RevengeProtocol"],"picked":"Guardian:ConstructionForm","floor":33.0},{"not_picked":["Guardian:Incinerate","Guardian:CrystalBeam+1"],"picked":"Guardian:FloatingOrbs","floor":36.0},{"not_picked":["Guardian:Gem_Cyan","Guardian:ChargeCore"],"picked":"Guardian:Gem_Fragmented","floor":37.0},{"not_picked":["Guardian:RollAttack","Guardian:Planning"],"picked":"Guardian:Recover+1","floor":38.0},{"not_picked":["Guardian:Incinerate","Guardian:Gem_Green","Guardian:ShieldCharger+1"],"picked":"SKIP","floor":39.0},{"not_picked":["Guardian:ShieldSpikes","Guardian:Recover+1"],"picked":"Guardian:BronzeArmor","floor":40.0},{"not_picked":["Guardian:Gem_Lightblue","Guardian:Gem_Green"],"picked":"Guardian:Gem_Red","floor":44.0},{"not_picked":["Guardian:Incinerate+1","Guardian:Preprogram"],"picked":"Guardian:Gem_Cyan","floor":44.0},{"not_picked":["Guardian:DonusPower","Guardian:RollAttack"],"picked":"Guardian:ExploitGems","floor":45.0},{"not_picked":["Guardian:MultiBeam+1","Guardian:Incinerate","Guardian:VentSteam+1"],"picked":"SKIP","floor":46.0},{"not_picked":["Guardian:Gem_Green","Guardian:TemporalShield","Guardian:Gem_Lightblue"],"picked":"SKIP","floor":47.0},{"not_picked":["Guardian:Gem_Green","Guardian:Gem_Lightblue"],"picked":"Guardian:Gem_Cyan","floor":48.0},{"not_picked":["Guardian:FierceBash","Guardian:PiercingHide","Guardian:RollAttack"],"picked":"SKIP","floor":48.0},{"not_picked":["Guardian:Clone","Guardian:GuardianWhirl+1","Guardian:ChargeCore","Guardian:Incinerate"],"picked":"SKIP","floor":49.0},{"not_picked":["Guardian:Clone","Guardian:GuardianWhirl+1","Guardian:ChargeCore","Guardian:Incinerate"],"picked":"SKIP","floor":49.0},{"not_picked":["Guardian:Gem_Green","Guardian:Gem_Lightblue"],"picked":"Guardian:Gem_Cyan","floor":52.0},{"not_picked":["Guardian:CrystalBeam","Guardian:Clone+1","Guardian:TimeBomb"],"picked":"Guardian:Gem_Crimson","floor":52.0}],"player_experience":2299203,"relics_obtained":[{"floor":6.0,"key":"Ginger"},{"floor":7.0,"key":"InkBottle"},{"floor":9.0,"key":"Gremlin Horn"},{"floor":10.0,"key":"Blood Vial"},{"floor":24.0,"key":"Kunai"},{"floor":28.0,"key":"CeramicFish"},{"floor":31.0,"key":"Centennial Puzzle"},{"floor":37.0,"key":"Torii"},{"floor":40.0,"key":"HornCleat"},{"floor":41.0,"key":"Meat on the Bone"},{"floor":48.0,"key":"Question Card"},{"floor":52.0,"key":"CaptainsWheel"}],"event_choices":[{"damage_healed":0.0,"max_hp_gain":5.0,"max_hp_loss":0.0,"gold_gain":0.0,"event_name":"Big Fish","player_choice":"Donut","floor":3.0,"gold_loss":0.0,"damage_taken":0.0},{"damage_healed":0.0,"max_hp_gain":0.0,"max_hp_loss":0.0,"gold_gain":0.0,"event_name":"Ghosts","player_choice":"Ignored","floor":22.0,"gold_loss":0.0,"damage_taken":0.0},{"damage_healed":0.0,"max_hp_gain":0.0,"max_hp_loss":0.0,"gold_gain":0.0,"event_name":"Mysterious Sphere","player_choice":"Fight","floor":37.0,"gold_loss":0.0,"damage_taken":0.0}],"is_beta":false,"boss_relics":[{"not_picked":["Snecko Eye","SlaversCollar"],"picked":"Empty Cage"},{"not_picked":["bronze:MakeshiftBattery","Astrolabe"],"picked":"Guardian:ModeShifterPlus"}],"items_purged_floors":[21,23,45,47,53],"is_endless":false,"potions_floor_spawned":[6,10,12,15,16,19,31,32,36,39,44,46],"ascension_level":1}}