{"host":"yzi164syo8zv6plh","time":1610972079,"event":{"mods":["Arknights The Spire","BaseMod","Minty Spire (QoL Compilation)","StSLib"],"gold_per_floor":[115,115,131,56,56,56,88,108,132,132,197,197,223,233,233,332,332,332,332],"floor_reached":18,"language":"ZHS","playtime":493,"items_purged":["ats:Defend"],"score":203,"play_id":"779b90d2-1d70-4be4-945f-6b31e9b9308a","local_time":"20210118201439","is_ascension_mode":true,"campfire_choices":[{"data":"ats:Emotion Absorption","floor":6,"key":"SMITH"},{"data":"ats:Very Hot Blade","floor":12,"key":"SMITH"},{"data":"ats:Leaping Hammer","floor":15,"key":"SMITH"}],"circlet_count":0,"master_deck":["ats:Strike C","ats:Armor Crushing Shot+1","ats:Defend","ats:Defend+1","ats:Emotion Absorption+1","ats:Closed Bolt Burst Fire+1","ats:Healing Strengthening","ats:Apocalypse+1","ats:Very Hot Blade+1","ats:Leaping Hammer+1","ats:Rapid Magazine+1","ats:Shell Defense+1","ats:Counter Healing Mode+1"],"relics":["ats:Sanity","NeowsBlessing","ats:Originium","Omamori","Mercury Hourglass","War Paint","Toy Ornithopter","Astrolabe"],"acts_visited":["Exordium","TheCity"],"potions_floor_usage":[11,16],"damage_taken":[{"damage":0,"enemies":"Small Slimes","floor":1,"turns":1},{"damage":0,"enemies":"Cultist","floor":3,"turns":1},{"damage":0,"enemies":"3 Sentries","floor":7,"turns":2},{"damage":7,"enemies":"2 Louse","floor":8,"turns":2},{"damage":36,"enemies":"3 Sentries","floor":11,"turns":6},{"damage":6,"enemies":"Gremlin Nob","floor":13,"turns":3},{"damage":0,"enemies":"Blue Slaver","floor":14,"turns":2},{"damage":57,"enemies":"The Guardian","floor":16,"turns":12},{"damage":10,"enemies":"3 Byrds","floor":18,"turns":2}],"seed_played":"-4947198395767496537","potions_obtained":[{"floor":8,"key":"Fire Potion"},{"floor":13,"key":"Ancient Potion"},{"floor":16,"key":"Dexterity Potion"}],"is_trial":false,"path_per_floor":["M","?","M","$","?","R","E","M","T","?","?","R","E","M","R","B",null,"M"],"character_chosen":"DOCTOR_CLASS","items_purchased":[],"campfire_rested":0,"item_purchase_floors":[],"current_hp_per_floor":[72,72,72,72,58,58,58,56,56,49,24,24,23,28,28,7,72,62,62],"gold":332,"neow_bonus":"THREE_ENEMY_KILL","is_daily":false,"chose_seed":false,"campfire_upgraded":3,"win_rate":0.0,"timestamp":1610972079,"path_taken":["M","?","?","$","?","R","E","M","T","?","?","R","E","M","R","BOSS","M"],"items_purchased_type":[],"build_version":"2020-12-22","purchased_purges":1,"victory":false,"max_hp_per_floor":[72,72,72,72,72,72,72,72,72,72,72,72,72,72,72,72,72,72,72],"card_choices":[{"not_picked":["ats:Curse Doll","ats:Consecutive Shot Auto","ats:Sword Rain"],"picked":"SKIP","floor":1},{"not_picked":["ats:Hook Shot","ats:Flexible Camouflage"],"picked":"ats:Healing Strengthening","floor":3},{"not_picked":["ats:Magnetic Hammer","ats:Thorns"],"picked":"ats:Apocalypse","floor":7},{"not_picked":["ats:Consecutive Shot Auto","ats:Curse Doll","ats:Beaten Up"],"picked":"SKIP","floor":8},{"not_picked":["ats:Shell Defense","ats:Curse Doll"],"picked":"ats:Very Hot Blade","floor":11},{"not_picked":["ats:Beaten Up","ats:Shell Defense"],"picked":"ats:Leaping Hammer","floor":13},{"not_picked":["ats:Apocalypse","ats:Beaten Up","ats:Red Shift"],"picked":"SKIP","floor":14}],"player_experience":276290,"relics_obtained":[{"floor":7,"key":"ats:Originium"},{"floor":7,"key":"Omamori"},{"floor":13,"key":"ats:Originium"},{"floor":13,"key":"Toy Ornithopter"}],"event_choices":[{"damage_healed":0,"gold_gain":0,"cards_transformed":["ats:Strike V"],"player_choice":"Transformed","damage_taken":0,"max_hp_gain":0,"max_hp_loss":0,"event_name":"Transmorgrifier","floor":2,"gold_loss":0,"cards_obtained":["ats:Closed Bolt Burst Fire"]},{"damage_healed":0,"gold_gain":0,"player_choice":"Entered Light","damage_taken":14,"max_hp_gain":0,"max_hp_loss":0,"event_name":"Shining Light","floor":5,"gold_loss":0,"cards_upgraded":["ats:Armor Crushing Shot","ats:Closed Bolt Burst Fire"]},{"damage_healed":0,"gold_gain":0,"player_choice":"Success","damage_taken":7,"relics_obtained":["Mercury Hourglass"],"max_hp_gain":0,"max_hp_loss":0,"event_name":"Scrap Ooze","floor":10,"gold_loss":0},{"damage_healed":0,"gold_gain":0,"player_choice":"Searched \u00272\u0027 times","damage_taken":0,"relics_obtained":["War Paint"],"max_hp_gain":0,"max_hp_loss":0,"event_name":"Dead Adventurer","floor":11,"gold_loss":0}],"is_beta":false,"boss_relics":[{"not_picked":["Cursed Key","Fusion Hammer"],"picked":"Astrolabe"}],"items_purged_floors":[4],"is_endless":false,"potions_floor_spawned":[8,13,16],"killed_by":"3 Byrds","ascension_level":1}}