{"host":"1pwde2j81wdvsae3","time":1610947445,"event":{"mods":["BaseMod","Minty Spire (QoL Compilation)","Replay The Spire","Shop Mod","StSLib"],"gold_per_floor":[117,127,0,57,77,123,123,140,166,166,181,219,36,36,36,131,131,176,28,28,69,133,202,202,9,9,68,68,68,68,68,68,68,68],"floor_reached":33,"language":"ZHS","playtime":1015,"items_purged":["Pain","Injury"],"score":520,"play_id":"24ae0a8d-1a74-4b78-a6fb-17af1396c71f","local_time":"20210118132405","is_ascension_mode":true,"campfire_choices":[{"data":"HandOfGreed","floor":7.0,"key":"SMITH"},{"data":"Bash","floor":10.0,"key":"SMITH"},{"data":"Armaments","floor":15,"key":"SMITH"},{"floor":24,"key":"REST"},{"floor":28,"key":"REST"},{"data":"Power Through","floor":32,"key":"SMITH"}],"circlet_count":0,"master_deck":["AscendersBane","Defend_R+1","Defend_R","Defend_R","Defend_R","Bash+1","Armaments+1","Wild Strike","HandOfGreed+1","Replay:Bootleg Shield Generator","Secret Weapon","Immolate","Battle Trance","Shrug It Off+1","Shrug It Off","ReplayTheSpireMod:Corrosion Curse","Flame Barrier","Cleave","Rupture+1","Flex","Power Through+1","Clothesline+1","Armaments","Run Through","Life Link+1","Bite","Bite","Bite","Bite","Bite"],"relics":["Burning Blood","Magic Flower","ReplayTheSpireMod:ShopPack","Snack Pack","Nunchaku","War Paint","Golden Idol","Runic Pyramid","Sling","Boot","Membership Card","Shuriken","Replay:Wax Seal","MutagenicStrength"],"acts_visited":["Exordium","TheCity"],"potions_floor_usage":[16,23,27],"damage_taken":[{"damage":1.0,"enemies":"Cultist","floor":1.0,"turns":3.0},{"damage":8.0,"enemies":"Small Slimes","floor":2.0,"turns":3.0},{"damage":5.0,"enemies":"2 Louse","floor":4.0,"turns":4.0},{"damage":12.0,"enemies":"Looter","floor":5.0,"turns":3.0},{"damage":17.0,"enemies":"Lagavulin","floor":6.0,"turns":4.0},{"damage":5.0,"enemies":"Blue Slaver","floor":8.0,"turns":4.0},{"damage":0.0,"enemies":"Lots of Slimes","floor":11.0,"turns":1.0},{"damage":16,"enemies":"Slime Boss","floor":16,"turns":7},{"damage":29,"enemies":"2 Thieves","floor":18,"turns":5},{"damage":25,"enemies":"3 Byrds","floor":21,"turns":6},{"damage":0,"enemies":"Centurion and Healer","floor":22,"turns":10},{"damage":51,"enemies":"Slavers","floor":23,"turns":6},{"damage":42,"enemies":"Book of Stabbing","floor":27,"turns":6},{"damage":76,"enemies":"Pondfish","floor":33,"turns":10}],"seed_played":"7206627727289849763","potions_obtained":[{"floor":1.0,"key":"Fire Potion"},{"floor":2.0,"key":"Energy Potion"},{"floor":12,"key":"DuplicationPotion"},{"floor":18,"key":"BlessingOfTheForge"},{"floor":21,"key":"SpeedPotion"}],"is_trial":false,"path_per_floor":["M","M","$","M","M","E","R","M","T","R","M","?","$","?","R","B",null,"M","$","?","M","M","E","R","$","T","E","R","?","?","?","R","B"],"character_chosen":"IRONCLAD","items_purchased":["ReplayTheSpireMod:ShopPack","Rupture+1","Flex","Sling","Membership Card"],"campfire_rested":2,"item_purchase_floors":[3,13,13,19,25],"current_hp_per_floor":[58,59,59,63,60,52,52,56,56,56,65,65,65,65,65,64,72,52,52,85,72,81,39,64,64,64,34,59,59,59,59,59,0,0],"gold":68,"neow_bonus":"ONE_RARE_RELIC","is_daily":false,"chose_seed":false,"campfire_upgraded":4,"win_rate":0.0,"timestamp":1610947445,"path_taken":["M","M","?","M","M","E","R","M","T","R","?","?","$","?","R","BOSS","M","$","?","M","?","E","R","$","T","E","R","?","?","?","R","BOSS"],"items_purchased_type":["Relic","Card","Card","Relic","Relic"],"build_version":"2020-12-22","purchased_purges":2,"victory":false,"max_hp_per_floor":[75,75,75,75,75,75,75,75,75,75,75,75,75,75,75,75,75,75,75,85,85,85,85,85,85,85,85,85,85,59,59,59,59,59],"card_choices":[{"not_picked":["Headbutt","True Grit"],"picked":"Armaments","floor":1.0},{"not_picked":["Anger","Clothesline"],"picked":"Wild Strike","floor":2.0},{"not_picked":["The Bomb","Poisoned Strike"],"picked":"HandOfGreed","floor":3.0},{"not_picked":["Good Instincts","Secret Weapon"],"picked":"Replay:Bootleg Shield Generator","floor":3.0},{"not_picked":["Deep Breath","Trip"],"picked":"Secret Weapon","floor":3.0},{"not_picked":["Cleave","Bloodletting"],"picked":"Immolate","floor":4.0},{"not_picked":["ReplayTheSpireMod:Muscle Training","Reckless Charge"],"picked":"Battle Trance","floor":5.0},{"not_picked":["Run Through","Hemogenesis"],"picked":"Shrug It Off","floor":6.0},{"not_picked":["Heavy Blade","Blood for Blood"],"picked":"Shrug It Off","floor":8.0},{"not_picked":["Body Slam","ReplayTheSpireMod:Limb From Limb"],"picked":"ReplayTheSpireMod:Corrosion Curse","floor":11},{"not_picked":["Shrug It Off","Havoc"],"picked":"Flame Barrier","floor":12},{"not_picked":["Perfected Strike","Sword Boomerang"],"picked":"Cleave","floor":12},{"not_picked":["Replay:Many Hands","Limit Break"],"picked":"Demon Form","floor":16},{"not_picked":["Warcry","Spot Weakness"],"picked":"Power Through","floor":18},{"not_picked":["Sword Boomerang","Replay:Undeath\u0027s Touch"],"picked":"Clothesline","floor":21},{"not_picked":["Defy Death","ReplayTheSpireMod:Limb From Limb"],"picked":"Armaments","floor":22},{"not_picked":["Brutality","Infernal Blade"],"picked":"Run Through","floor":23},{"not_picked":["Replay:Undeath\u0027s Touch","Heavy Blade"],"picked":"Life Link+1","floor":27}],"player_experience":225766,"relics_obtained":[{"floor":6.0,"key":"Snack Pack"},{"floor":9.0,"key":"Nunchaku"},{"floor":12,"key":"War Paint"},{"floor":23,"key":"Boot"},{"floor":26,"key":"Shuriken"},{"floor":27,"key":"Replay:Wax Seal"}],"event_choices":[{"damage_healed":0,"gold_gain":0,"player_choice":"Take Wound","damage_taken":0,"relics_obtained":["Golden Idol"],"max_hp_gain":0,"max_hp_loss":0,"event_name":"Golden Idol","floor":14,"gold_loss":0,"cards_obtained":["Injury"]},{"cards_removed":["Demon Form"],"damage_healed":23,"gold_gain":0,"player_choice":"Offered Rare","damage_taken":0,"max_hp_gain":10,"max_hp_loss":0,"event_name":"Bonfire Elementals","floor":20,"gold_loss":0},{"damage_healed":0,"gold_gain":0,"player_choice":"Inject Mutagens","damage_taken":0,"relics_obtained":["MutagenicStrength"],"max_hp_gain":0,"max_hp_loss":0,"event_name":"Drug Dealer","floor":29,"gold_loss":0},{"damage_healed":0,"gold_gain":0,"player_choice":"Became a vampire","damage_taken":0,"max_hp_gain":0,"max_hp_loss":26,"event_name":"Vampires","floor":30,"gold_loss":0,"cards_obtained":["Bite","Bite","Bite","Bite","Bite"]},{"damage_healed":0,"gold_gain":0,"player_choice":"Upgraded","damage_taken":0,"max_hp_gain":0,"max_hp_loss":0,"event_name":"Upgrade Shrine","floor":31,"gold_loss":0,"cards_upgraded":["Clothesline"]}],"is_beta":false,"boss_relics":[{"not_picked":["Runic Dome","ReplayTheSpireMod:DimensionalGlitch"],"picked":"Runic Pyramid"}],"items_purged_floors":[13,25],"is_endless":false,"potions_floor_spawned":[1,2,5,18,21],"killed_by":"Pondfish","ascension_level":15}}