{"host":"gk9qdtkqd8dwfeg2","time":1610982679,"event":{"mods":["Act Like it!","Aspiration","BaseMod","Colored Powertips","KomeijiMod","Minty Spire (QoL Compilation)","Quick Restart","Replay The Spire","Shop Mod","StSLib","TestMod","The Gatherer","The Servant 0.9.4","Waifu the Spire","WarShipGirlsR/战舰少女R mod","Yuri Mod","【遗物卡牌】REMEMod"],"gold_per_floor":[109,109,109,128,140,171,171,171,171,203,216,291,18,38,38,141,141,159,159,204,204,204,238,59,59,110,145,163,10,37,57,57,161,161,175,195,120,120,165,199,199,227,303,322,322,335,364,375,375,375,375,375,73,99,99],"floor_reached":56,"language":"ZHS","playtime":2124,"items_purged":["KidneyShot"],"score":1801,"play_id":"f7284271-dee9-433c-969b-b828dc3341d6","local_time":"20210118231119","is_ascension_mode":true,"campfire_choices":[{"data":"Luminosity","floor":7.0,"key":"SMITH"},{"data":"Initiator","floor":15.0,"key":"SMITH"},{"data":"Moondial","floor":25.0,"key":"SMITH"},{"data":"BottledTime","floor":32.0,"key":"SMITH"},{"floor":45,"key":"RECALL"},{"data":"SoulSculpture","floor":49,"key":"SMITH"},{"data":"SilverMatrix","floor":52,"key":"SMITH"}],"circlet_count":0,"master_deck":["Defend_S","Exchange","Luminosity+1","Defy","Barrier","Ricochet","BottledTime","FanOfKnives","Initiator+1","SilverMatrix+1","TimeWarp","RealityMarble+1","BestPractice+1","Moondial+1","BottledTime+1","SilverBlades","SoulSculpture+1","MoonPhase","GearUp+1","DualDimension","Dilation","BottledTime","Starlight+1","WasteNot+1","Solidify","BottledTime+1","Collapse"],"relics":["Uniform","testmod-TestBox","Sizzling Blood","ThirstyCross","WarpedTongs","Onion Ring","Replay:Bottled Steam","MerchantsRug","Sundial","testmod-BatchProcessingSystem","NeowsBlessing","Gremlin Food","Simple Rune","aspiration:ChemicalBlood","Replay:Wax Seal","testmod-IndustrialRevolution","testmod-Nyarlathotep","Medical Kit","testmod-LifeArmor","MysterySword","Calipers","Ancient Tea Set","Pet Ghost","Eternal Feather","Orrery","ReplayTheSpireMod:Shallot"],"acts_visited":["Exordium","TheCity","TheBeyond","TheEnding"],"potions_floor_usage":[42,47,50,50,55,55,55,55],"damage_taken":[{"damage":15.0,"enemies":"Jaw Worm","floor":1.0,"turns":4.0},{"damage":10.0,"enemies":"Small Slimes","floor":4.0,"turns":3.0},{"damage":4.0,"enemies":"Cultist","floor":5.0,"turns":3.0},{"damage":13.0,"enemies":"Gremlin Nob","floor":6.0,"turns":5.0},{"damage":0.0,"enemies":"3 Sentries","floor":10.0,"turns":4.0},{"damage":0.0,"enemies":"Looter","floor":11.0,"turns":3.0},{"damage":0.0,"enemies":"Large Slime","floor":14.0,"turns":3.0},{"damage":0.0,"enemies":"Slime Boss","floor":16.0,"turns":5.0},{"damage":0.0,"enemies":"Chosen","floor":18.0,"turns":2.0},{"damage":3.0,"enemies":"Gremlin Leader","floor":23.0,"turns":2.0},{"damage":0.0,"enemies":"Book of Stabbing","floor":27.0,"turns":1.0},{"damage":0.0,"enemies":"2 Thieves","floor":28.0,"turns":2.0},{"damage":6.0,"enemies":"Gremlin Leader","floor":30.0,"turns":2.0},{"damage":6.0,"enemies":"Snake Plant","floor":31.0,"turns":2.0},{"damage":13.0,"enemies":"Automaton","floor":33.0,"turns":5.0},{"damage":9.0,"enemies":"3 Darklings","floor":35.0,"turns":3.0},{"damage":10.0,"enemies":"3 Shapes","floor":36.0,"turns":2.0},{"damage":0.0,"enemies":"2 Orb Walkers","floor":39.0,"turns":3.0},{"damage":0.0,"enemies":"Giant Head","floor":40.0,"turns":5.0},{"damage":2,"enemies":"Reptomancer","floor":42,"turns":5},{"damage":0,"enemies":"Maw","floor":44,"turns":5},{"damage":4,"enemies":"4 Shapes","floor":46,"turns":3},{"damage":0,"enemies":"Giant Head","floor":47,"turns":4},{"damage":0,"enemies":"Transient","floor":48,"turns":5},{"damage":0,"enemies":"Awakened One","floor":50,"turns":9},{"damage":0,"enemies":"Shield and Spear","floor":54,"turns":3},{"damage":3,"enemies":"The Heart","floor":55,"turns":7}],"seed_played":"2197833369350203315","potions_obtained":[{"floor":1.0,"key":"Explosive Potion"},{"floor":10.0,"key":"SteroidPotion"},{"floor":20.0,"key":"Ancient Potion"},{"floor":28.0,"key":"Block Potion"},{"floor":31.0,"key":"Fire Potion"},{"floor":33.0,"key":"GamblersBrew"},{"floor":35.0,"key":"Swift Potion"},{"floor":36.0,"key":"DuplicationPotion"},{"floor":46,"key":"Strength Potion"},{"floor":48,"key":"Strength Potion"}],"is_trial":false,"path_per_floor":["M","?","?","M","M","E","R","?","T","E","M","?","$","M","R","B",null,"M","?","?","?","$","E","$","R","T","E","M","$","E","M","R","B",null,"M","M","$","?","?","E","?","E","T","M","R","M","E","M","R","B",null,"R","$","E","B",null],"character_chosen":"THE_SERVANT","items_purchased":["MerchantsRug","Sundial","testmod-SpacePotion","aspiration:ChemicalBlood","Replay:Wax Seal","BottledTime","Medical Kit","Orrery","Collapse","Languid Potion"],"campfire_rested":0,"item_purchase_floors":[13,13,13,24,24,24,29,53,53,53],"current_hp_per_floor":[58,58,58,52,52,43,43,36,36,40,44,33,33,37,37,41,69,69,69,52,52,52,53,53,53,53,57,61,61,59,57,57,48,69,64,58,58,58,62,66,66,68,68,69,69,69,69,69,69,69,69,69,69,69,69],"gold":99,"neow_bonus":"NOSTALGIA","is_daily":false,"chose_seed":false,"campfire_upgraded":6,"win_rate":0.0,"timestamp":1610982679,"path_taken":["M","?","?","M","?","E","R","?","T","E","M","?","?","M","R","BOSS","M","?","?","?","$","E","$","R","T","E","?","$","E","M","R","BOSS","M","?","?","?","?","E","?","E","T","M","R","M","E","M","R","BOSS","R","$","E","BOSS"],"items_purchased_type":["Relic","Relic","Potion","Relic","Relic","Card","Relic","Relic","Card","Potion"],"build_version":"2020-12-22","purchased_purges":1,"victory":true,"max_hp_per_floor":[69,69,69,69,69,69,69,69,69,69,69,69,69,69,69,69,69,69,69,69,69,69,69,69,69,69,69,69,69,69,69,69,69,69,69,69,69,69,69,69,69,69,69,69,69,69,69,69,69,69,69,69,69,69,69],"card_choices":[{"not_picked":["FanOfKnives","ShatteredReality"],"picked":"Luminosity","floor":1.0},{"not_picked":["Rewind","TimeWarp"],"picked":"Defy","floor":4.0},{"not_picked":["Unruled","FastForward"],"picked":"Barrier","floor":5.0},{"not_picked":["BottledTime","ShatteredReality"],"picked":"Ricochet","floor":6.0},{"not_picked":["ShatteredReality","Barrier"],"picked":"BottledTime","floor":10.0},{"not_picked":["StarChef","FastForward"],"picked":"FanOfKnives","floor":11.0},{"not_picked":["Rewind","RealityMarble"],"picked":"Initiator","floor":14.0},{"not_picked":["KillingDoll","Deny"],"picked":"SilverMatrix","floor":16.0},{"not_picked":["Rewind+1","Ricochet"],"picked":"TimeWarp","floor":18.0},{"not_picked":["ShatteredReality","Deadline"],"picked":"RealityMarble+1","floor":20.0},{"not_picked":["Barrier","RealityMarble"],"picked":"BestPractice+1","floor":20.0},{"not_picked":["Hightail","TimeWarp","Spin"],"picked":"SKIP","floor":23.0},{"not_picked":["Rewind","Spin+1","Starlight+1"],"picked":"SKIP","floor":27.0},{"not_picked":["Desolation","Potential","Alleviate"],"picked":"SKIP","floor":28.0},{"not_picked":["BottledTime","TrueSight","Rewind+1"],"picked":"SKIP","floor":30.0},{"not_picked":["Contraction","Revamp","SilverBlades"],"picked":"SKIP","floor":31.0},{"not_picked":["Contraction","Revamp"],"picked":"SilverBlades","floor":31.0},{"not_picked":["FlawlessForm","LightFlow"],"picked":"SoulSculpture","floor":33.0},{"not_picked":["Snipe+1","FastForward+1"],"picked":"MoonPhase","floor":35.0},{"not_picked":["Ricochet+1","Alleviate+1","Read"],"picked":"SKIP","floor":36.0},{"not_picked":["SurpressingFire","WasteNot"],"picked":"GearUp+1","floor":39.0},{"not_picked":["Alleviate+1","TimeTheft"],"picked":"DualDimension","floor":40.0},{"not_picked":["GearUp","BottledTime"],"picked":"Dilation","floor":42},{"not_picked":["Unruled+1","Spin"],"picked":"BottledTime","floor":44},{"not_picked":["WasteNot","Defy"],"picked":"Starlight+1","floor":46},{"not_picked":["TimeTheft","BestPractice","Rearm"],"picked":"SKIP","floor":47},{"not_picked":["Rewind","Spin+1"],"picked":"WasteNot+1","floor":48},{"not_picked":["Alleviate","Shuttle+1"],"picked":"Solidify","floor":53},{"not_picked":["TimeWarp+1","Alleviate+1"],"picked":"BottledTime+1","floor":53},{"not_picked":["Replace+1","Spin+1","KillingDoll"],"picked":"SKIP","floor":54}],"player_experience":653828,"relics_obtained":[{"floor":6.0,"key":"Onion Ring"},{"floor":9.0,"key":"testmod-ThousandKnives"},{"floor":10.0,"key":"Replay:Bottled Steam"},{"floor":20.0,"key":"Gremlin Food"},{"floor":23.0,"key":"Simple Rune"},{"floor":26.0,"key":"testmod-IndustrialRevolution"},{"floor":27.0,"key":"testmod-Nyarlathotep"},{"floor":30.0,"key":"testmod-LifeArmor"},{"floor":39.0,"key":"Calipers"},{"floor":40.0,"key":"Ancient Tea Set"},{"floor":42,"key":"Pet Ghost"},{"floor":47,"key":"Eternal Feather"},{"floor":54,"key":"ReplayTheSpireMod:Shallot"}],"event_choices":[{"damage_healed":0.0,"max_hp_gain":0.0,"max_hp_loss":0.0,"gold_gain":0.0,"event_name":"Accursed Blacksmith","player_choice":"Rummage","floor":3.0,"gold_loss":0.0,"damage_taken":0.0,"relics_obtained":["WarpedTongs"],"cards_obtained":["Pain"]},{"cards_removed":["Defend_S"],"damage_healed":0.0,"max_hp_gain":0.0,"max_hp_loss":0.0,"gold_gain":0.0,"event_name":"Golden Wing","player_choice":"Card Removal","floor":8.0,"gold_loss":0.0,"damage_taken":7.0},{"damage_healed":0.0,"max_hp_gain":0.0,"max_hp_loss":0.0,"gold_gain":75.0,"event_name":"World of Goop","player_choice":"Gather Gold","floor":12.0,"gold_loss":0.0,"damage_taken":11.0},{"damage_healed":0.0,"max_hp_gain":0.0,"max_hp_loss":0.0,"gold_gain":0.0,"event_name":"给自己的盒子","player_choice":"Swap Relic","floor":19.0,"relics_lost":["REME_ComplimentaryCards"],"gold_loss":0.0,"damage_taken":0.0,"relics_obtained":["NeowsBlessing"]},{"damage_healed":0.0,"max_hp_gain":0.0,"max_hp_loss":0.0,"gold_gain":0.0,"cards_transformed":["Strike_S"],"event_name":"Transmorgrifier","player_choice":"Transformed","floor":21.0,"gold_loss":0.0,"damage_taken":0.0,"cards_obtained":["Moondial"]},{"damage_healed":0.0,"max_hp_gain":0.0,"max_hp_loss":0.0,"gold_gain":0.0,"event_name":"Tomb of Lord Red Mask","player_choice":"Ignored","floor":38.0,"gold_loss":0.0,"damage_taken":0.0},{"damage_healed":0.0,"max_hp_gain":0.0,"max_hp_loss":0.0,"gold_gain":0.0,"event_name":"Mysterious Sphere","player_choice":"Fight","floor":39.0,"gold_loss":0.0,"damage_taken":0.0},{"damage_healed":0.0,"max_hp_gain":0.0,"max_hp_loss":0.0,"gold_gain":0.0,"event_name":"SecretPortal","player_choice":"Ignored","floor":41.0,"gold_loss":0.0,"damage_taken":0.0}],"is_beta":false,"boss_relics":[{"not_picked":["SlaversCollar","Snecko Eye"],"picked":"testmod-BatchProcessingSystem"},{"not_picked":["Sozu","testmod-IncinerationGenerator"],"picked":"MysterySword"}],"items_purged_floors":[37],"is_endless":false,"potions_floor_spawned":[1,10,28,31,33,36,46,48],"ascension_level":2}}