{"host":"i7jfea87xc8lz16p","time":1610973828,"event":{"mods":["AchievementEnabler","BaseMod","Colored Powertips","Minty Spire (QoL Compilation)","Relic Stats"],"gold_per_floor":[117,129,146,16,32,32,67,78,101,128,128,128,128,128,128,199,199,211,126,140,9,9,36,49,49,49,49,49,49],"floor_reached":28,"language":"ENG","playtime":951,"items_purged":["Strike_B","Strike_B"],"score":492,"play_id":"70d92e39-8592-4ad1-afe9-0ab3f082ec9c","local_time":"20210118134348","is_ascension_mode":true,"campfire_choices":[{"data":"Doom and Gloom","floor":6,"key":"SMITH"},{"floor":11,"key":"REST"},{"data":"Rebound","floor":13,"key":"SMITH"},{"floor":15,"key":"REST"},{"floor":27,"key":"REST"}],"circlet_count":0,"master_deck":["AscendersBane","Strike_B+1","Defend_B+1","Defend_B+1","Defend_B+1","Defend_B+1","Zap","Dualcast","Doom and Gloom+1","Rebound+1","Undo","Conserve Battery","Ball Lightning+1","FTL","Electrodynamics","Genetic Algorithm","Cold Snap","Coolheaded","Chill","Buffer"],"relics":["Cracked Core","StrikeDummy","Smiling Mask","Regal Pillow","Velvet Choker","Boot","Akabeko","Frozen Egg 2"],"acts_visited":["Exordium","TheCity"],"potions_floor_usage":[7,10,16,23,28],"damage_taken":[{"damage":7,"enemies":"Jaw Worm","floor":1,"turns":3},{"damage":4,"enemies":"Small Slimes","floor":2,"turns":3},{"damage":10,"enemies":"2 Louse","floor":3,"turns":3},{"damage":11,"enemies":"Blue Slaver","floor":5,"turns":4},{"damage":25,"enemies":"3 Sentries","floor":7,"turns":4},{"damage":0,"enemies":"2 Fungi Beasts","floor":8,"turns":3},{"damage":11,"enemies":"Gremlin Nob","floor":10,"turns":3},{"damage":18,"enemies":"Slime Boss","floor":16,"turns":6},{"damage":26,"enemies":"Chosen","floor":18,"turns":5},{"damage":0,"enemies":"3 Byrds","floor":20,"turns":2},{"damage":16,"enemies":"Gremlin Leader","floor":23,"turns":7},{"damage":23,"enemies":"Cultist and Chosen","floor":24,"turns":6},{"damage":48,"enemies":"Book of Stabbing","floor":28,"turns":5}],"seed_played":"-2839581870204698497","potions_obtained":[{"floor":3,"key":"LiquidBronze"},{"floor":8,"key":"SpeedPotion"},{"floor":10,"key":"PotionOfCapacity"},{"floor":16,"key":"Energy Potion"},{"floor":18,"key":"Swift Potion"}],"is_trial":false,"path_per_floor":["M","M","M","$","M","R","E","M","T","E","R","?","R","?","R","B",null,"M","?","M","$","?","E","M","$","T","R","E"],"character_chosen":"DEFECT","items_purchased":["PowerPotion","Coolheaded","Block Potion"],"campfire_rested":3,"item_purchase_floors":[4,21,21],"current_hp_per_floor":[64,60,50,50,39,39,14,14,14,3,41,41,41,34,72,54,72,46,46,46,46,46,30,7,7,7,45,0,0],"gold":49,"neow_bonus":"TEN_PERCENT_HP_BONUS","is_daily":false,"chose_seed":false,"campfire_upgraded":2,"win_rate":0.0,"timestamp":1610973828,"path_taken":["M","M","M","$","M","R","E","M","T","E","R","?","R","?","R","BOSS","M","?","M","$","?","E","M","$","T","R","E"],"items_purchased_type":["Potion","Card","Potion"],"build_version":"2020-12-22","purchased_purges":2,"victory":false,"max_hp_per_floor":[78,78,78,78,78,78,78,78,78,78,78,78,78,78,78,78,78,78,78,78,78,78,78,78,78,78,78,78,78],"relic_stats":{"Regal Pillow":45,"counters":[13,54],"Smiling Mask":50,"Boot":[10],"obtain_stats":[{"Regal Pillow":10,"Velvet Choker":17,"Frozen Egg 2":26,"Cracked Core":0,"StrikeDummy":7,"Smiling Mask":9,"Boot":19,"Akabeko":23},{"Regal Pillow":7,"Velvet Choker":8,"Frozen Egg 2":12,"Cracked Core":0,"StrikeDummy":5,"Smiling Mask":6,"Boot":9,"Akabeko":11},{"Regal Pillow":23,"Velvet Choker":29,"Frozen Egg 2":49,"Cracked Core":0,"StrikeDummy":17,"Smiling Mask":20,"Boot":34,"Akabeko":43}]},"card_choices":[{"not_picked":["Redo","Beam Cell","Storm"],"picked":"SKIP","floor":1},{"not_picked":["Melter","White Noise"],"picked":"Doom and Gloom","floor":2},{"not_picked":["Reinforced Body","Redo"],"picked":"Rebound","floor":3},{"not_picked":["Reinforced Body","Redo"],"picked":"Undo","floor":5},{"not_picked":["Hologram","Go for the Eyes"],"picked":"Conserve Battery","floor":7},{"not_picked":["Steam","Darkness"],"picked":"Ball Lightning","floor":8},{"not_picked":["Hello World","Aggregate"],"picked":"FTL","floor":10},{"not_picked":["Echo Form","Core Surge"],"picked":"Electrodynamics","floor":16},{"not_picked":["Stack","Turbo"],"picked":"Genetic Algorithm","floor":18},{"not_picked":["Barrage","Steam+1"],"picked":"Cold Snap","floor":20},{"not_picked":["Beam Cell","Recycle"],"picked":"Chill","floor":23},{"not_picked":["Stack","Conserve Battery"],"picked":"Buffer","floor":24}],"player_experience":1808900,"relics_obtained":[{"floor":7,"key":"StrikeDummy"},{"floor":9,"key":"Smiling Mask"},{"floor":10,"key":"Regal Pillow"},{"floor":23,"key":"Akabeko"},{"floor":26,"key":"Frozen Egg 2"}],"event_choices":[{"damage_healed":0,"gold_gain":0,"player_choice":"Grow","damage_taken":0,"max_hp_gain":0,"max_hp_loss":0,"event_name":"Living Wall","floor":12,"gold_loss":0,"cards_upgraded":["Ball Lightning"]},{"cards_removed":["Strike_B"],"damage_healed":0,"gold_gain":0,"player_choice":"Card Removal","damage_taken":7,"max_hp_gain":0,"max_hp_loss":0,"event_name":"Golden Wing","floor":14,"gold_loss":0},{"damage_healed":0,"gold_gain":0,"player_choice":"Obtained Relic","damage_taken":0,"relics_obtained":["Boot"],"max_hp_gain":0,"max_hp_loss":0,"event_name":"Addict","floor":19,"gold_loss":85},{"damage_healed":0,"gold_gain":0,"player_choice":"Simplicity","damage_taken":0,"max_hp_gain":0,"max_hp_loss":0,"event_name":"Back to Basics","floor":22,"gold_loss":0,"cards_upgraded":["Strike_B","Defend_B","Defend_B","Defend_B","Defend_B"]}],"is_beta":false,"boss_relics":[{"not_picked":["Pandora\u0027s Box","Runic Pyramid"],"picked":"Velvet Choker"}],"items_purged_floors":[4,21],"is_endless":false,"potions_floor_spawned":[3,8,10,16,18],"killed_by":"Book of Stabbing","ascension_level":20}}