{"host":"r0e4s450fexxrjel","time":1610952617,"event":{"mods":["AchievementEnabler","Act Like it!","AlwaysNeverKeys","BaseMod","Better Third Choice","ChefMod","Colored Map","Conspire","Dota2Spire","Energized Spire","Evolution","Friendly Minions","GifTheSpireLib","Gold Saver","Hermit","Hubris","Infinite Spire","Minty Spire (QoL Compilation)","Pale of the Ancients","RRrroohrrRGHHhhh!!","Replay The Spire","Shop Mod","StSLib","The Animator","The Druid"],"gold_per_floor":[109,129,129,139,152,181,181,181,181,196,210,228,260,273,273,372,372,387,401,350,370,384,384,395,395,395,395,18,0,18,38,38,142,142,142,142],"floor_reached":35,"language":"DEU","playtime":2282,"items_purged":[],"score":400,"play_id":"7fb60e86-8a3a-4a22-b492-17b5c68caa94","local_time":"20210118075017","is_ascension_mode":false,"campfire_choices":[{"floor":8,"key":"REST"},{"floor":15,"key":"REST"},{"floor":23,"key":"REST"},{"floor":27,"key":"REST"},{"floor":32,"key":"REST"}],"circlet_count":0,"master_deck":["hermit:Strike_Hermit","hermit:Strike_Hermit","hermit:Strike_Hermit","hermit:Defend_Hermit","hermit:Defend_Hermit","hermit:Defend_Hermit","hermit:Snapshot","hermit:Covet","hermit:Quickdraw","hermit:Feint","hermit:Deadeye","hermit:Misfire","hermit:Quickdraw","hermit:Determination","hermit:Gambit","hermit:Brawl","hermit:Gambit","CurseOfTheBell","hermit:Ricochet","hermit:GoldenBullet+1","hermit:Enervate","hermit:Enervate","hermit:Misfire","hermit:ItchyTrigger+1","hermit:Combo","hermit:TakeAim","hermit:Vantage","hermit:FatalDesire"],"relics":["hermit:Momento","EVO:Axolotl","hubris:Towel","Dota2Spire:ShadowBlade","Shuriken","Regal Pillow","Calling Bell","Dota2Spire:MagicBottle","Replay:Ringing Soul","Mango","hubris:CrystalStatue","conspire:BottledYoYo","Sling","Bag of Marbles","Replay:Drink Me"],"acts_visited":["Exordium","TheCity","TheBeyond"],"potions_floor_usage":[6,11,13,16,16,22,24,31,31,33,33,35],"damage_taken":[{"damage":0,"enemies":"Small Slimes","floor":1,"turns":4},{"damage":0,"enemies":"2 Louse","floor":2,"turns":1},{"damage":0,"enemies":"Cultist","floor":4,"turns":4},{"damage":7,"enemies":"Blue Slaver","floor":5,"turns":3},{"damage":32,"enemies":"Lagavulin","floor":6,"turns":7},{"damage":0,"enemies":"Gremlin Gang","floor":10,"turns":7},{"damage":9,"enemies":"Exordium Thugs","floor":11,"turns":4},{"damage":2,"enemies":"3 Louse","floor":12,"turns":2},{"damage":1,"enemies":"Gremlin Nob","floor":13,"turns":3},{"damage":7,"enemies":"Large Slime","floor":14,"turns":3},{"damage":6,"enemies":"The Guardian","floor":16,"turns":12},{"damage":29,"enemies":"conspire:FuzzyDice","floor":18,"turns":8},{"damage":20,"enemies":"Spheric Guardian","floor":19,"turns":4},{"damage":40,"enemies":"conspire:HollyBat","floor":21,"turns":9},{"damage":1,"enemies":"Snecko","floor":22,"turns":3},{"damage":38,"enemies":"Snake Plant","floor":24,"turns":5},{"damage":10,"enemies":"Cultist and Chosen","floor":30,"turns":4},{"damage":6,"enemies":"Chosen and Byrds","floor":31,"turns":4},{"damage":90,"enemies":"Champ","floor":33,"turns":10},{"damage":100,"enemies":"3 Darklings","floor":35,"turns":8}],"seed_played":"5469169354920319069","potions_obtained":[{"floor":1,"key":"Adrenaline Potion"},{"floor":4,"key":"Elixir"},{"floor":7,"key":"Fire Potion"},{"floor":7,"key":"SkillPotion"},{"floor":13,"key":"EssenceOfSteel"},{"floor":14,"key":"SkillPotion"},{"floor":18,"key":"hermit:Tonic"},{"floor":21,"key":"Fire Potion"},{"floor":30,"key":"EntropicBrew"},{"floor":31,"key":"Block Potion"},{"floor":33,"key":"AttackPotion"}],"is_trial":false,"path_per_floor":["M","M","?","M","M","E","?","R","T","M","M","M","E","M","R","B",null,"M","M","$","M","M","R","M","T","T","R","$","?","M","M","R","B",null,"M"],"character_chosen":"HERMIT","items_purchased":["hermit:Enervate","Sling","Bag of Marbles","hermit:Combo"],"campfire_rested":5,"item_purchase_floors":[20,28,28,28],"current_hp_per_floor":[82,82,82,82,75,43,43,67,67,67,58,56,55,48,82,76,96,70,56,59,22,24,72,40,40,40,88,91,91,84,81,120,39,93,0,0],"gold":142,"neow_bonus":"TEN_PERCENT_HP_BONUS","is_daily":false,"chose_seed":false,"campfire_upgraded":0,"win_rate":0.0,"timestamp":1610952617,"path_taken":["M","M","?","M","M","E","?","R","T","M","M","M","E","M","R","BOSS","M","M","?","?","M","R","M","?","T","R","?","?","M","M","R","BOSS","M"],"items_purchased_type":["Card","Relic","Relic","Card"],"build_version":"2020-12-22","purchased_purges":0,"victory":false,"max_hp_per_floor":[82,82,82,82,82,82,82,82,82,82,82,82,82,82,82,82,96,99,102,105,108,111,111,111,111,111,111,114,114,117,120,120,123,93,93,93],"card_choices":[{"not_picked":["hermit:NoHoldsBarred","hermit:Coalescence"],"picked":"hermit:Quickdraw","floor":1},{"not_picked":["hermit:CalledShot","hermit:Glare"],"picked":"hermit:Feint","floor":2},{"not_picked":["hermit:Manifest","hermit:TrackingShot"],"picked":"hermit:Deadeye","floor":4},{"not_picked":["hermit:HoleUp","hermit:BlackWind","hermit:Manifest"],"picked":"SKIP","floor":5},{"not_picked":["hermit:Combo","hermit:ItchyTrigger"],"picked":"hermit:Maintenance","floor":6},{"not_picked":["hermit:LowProfile","hermit:GhostlyPresence"],"picked":"hermit:Misfire","floor":10},{"not_picked":["hermit:Coalescence","hermit:Roulette"],"picked":"hermit:Quickdraw","floor":11},{"not_picked":["hermit:Purgatory","hermit:LoneWolf"],"picked":"hermit:Determination","floor":12},{"not_picked":["hermit:Desperado","hermit:LuckOfTheDraw"],"picked":"hermit:Gambit","floor":13},{"not_picked":["hermit:CursedWeapon","hermit:WideOpen"],"picked":"hermit:Brawl","floor":14},{"not_picked":["hermit:BlackWind","hermit:FinalCanter"],"picked":"hermit:Gambit","floor":16},{"not_picked":["hermit:Deadeye","hermit:Brawl"],"picked":"hermit:Ricochet","floor":18},{"not_picked":["hermit:PistolWhip","hermit:Horror+1"],"picked":"hermit:GoldenBullet+1","floor":19},{"not_picked":["hermit:Snipe","hermit:Horror+1"],"picked":"hermit:Misfire","floor":21},{"not_picked":["hermit:WideOpen","hermit:FullyLoaded"],"picked":"hermit:ItchyTrigger+1","floor":22},{"not_picked":["hermit:Virtue+1","hermit:EyeOfTheStorm","hermit:HeroicBravado"],"picked":"SKIP","floor":24},{"not_picked":["hermit:Headshot","hermit:Ricochet+1"],"picked":"hermit:TakeAim","floor":30},{"not_picked":["hermit:Coalescence","hermit:TrackingShot+1"],"picked":"hermit:Vantage","floor":31},{"not_picked":["hermit:OverwhelmingPower","hermit:HeroicBravado"],"picked":"hermit:FatalDesire","floor":33}],"player_experience":49774,"relics_obtained":[{"floor":6,"key":"Dota2Spire:ShadowBlade"},{"floor":9,"key":"Shuriken"},{"floor":13,"key":"Regal Pillow"},{"floor":17,"key":"Dota2Spire:MagicBottle"},{"floor":17,"key":"Replay:Ringing Soul"},{"floor":17,"key":"Mango"},{"floor":25,"key":"hubris:CrystalStatue"},{"floor":26,"key":"conspire:BottledYoYo"}],"event_choices":[{"damage_healed":0,"gold_gain":0,"player_choice":"Got Potions","damage_taken":0,"max_hp_gain":0,"max_hp_loss":0,"event_name":"Lab","floor":7,"gold_loss":0},{"damage_healed":0,"gold_gain":0,"player_choice":"Paid Fearfully","damage_taken":0,"max_hp_gain":0,"max_hp_loss":0,"event_name":"Masked Bandits","floor":29,"gold_loss":18}],"is_beta":false,"boss_relics":[{"not_picked":["ReplayTheSpireMod:DimensionalGlitch","Replay:Wanted Poster"],"picked":"Calling Bell"},{"not_picked":["hubris:CrackedHourglass","Kintsugi"],"picked":"Replay:Drink Me"}],"items_purged_floors":[],"is_endless":false,"potions_floor_spawned":[1,4,10,13,14,18,21,30,31,33],"killed_by":"3 Darklings","ascension_level":0}}