{"host":"0qlrtuw7bw78ucw4","time":1610946460,"event":{"mods":["BaseMod","Downfall","Minty Spire (QoL Compilation)","StSLib"],"gold_per_floor":[0,13,27,127,144,144,144,144,159,159,169,189,189,219,230,328,328,328,238,250,135,147,166,166,200,210,244,244,256,256,288,305,408,408,308,308,319,25,37,232,312,212,223,123,140,140,158,175,191,191,191,218,43,43,43,43],"floor_reached":57,"language":"ENG","playtime":6118,"items_purged":["Shame","Injury","downfall:Aged","Clumsy","Writhe"],"score":1705,"play_id":"669efe72-ca98-49ef-b106-f9c3a81504e4","local_time":"20210118160740","is_ascension_mode":true,"campfire_choices":[{"data":"Slimebound:CorrosiveSpit","floor":1,"key":"SMITH"},{"data":"Slimebound:GrowthPunch","floor":6,"key":"SMITH"},{"data":"Slimebound:HauntingLick","floor":8,"key":"SMITH"},{"data":"Slimebound:SplitSpecialist","floor":13,"key":"SMITH"},{"data":"Slimebound:MassRepurpose","floor":18,"key":"SMITH"},{"data":"Slimebound:RejuvenatingLick","floor":28,"key":"SMITH"},{"data":"Slimebound:SplitSpecialist","floor":30,"key":"SMITH"},{"data":"Slimebound:WasteNot","floor":35,"key":"SMITH"},{"floor":42,"key":"RECALL"},{"data":"Slimebound:SlimeBarrage","floor":44,"key":"SMITH"},{"data":"Slimebound:TongueLash","floor":46,"key":"SMITH"},{"floor":54,"key":"REST"}],"circlet_count":0,"master_deck":["AscendersBane","Slimebound:Strike_Slimebound","Slimebound:Strike_Slimebound","Slimebound:Tackle","Slimebound:Defend_Slimebound","Slimebound:Defend_Slimebound","Slimebound:Defend_Slimebound","Slimebound:Split","Slimebound:CorrosiveSpit+1","Slimebound:GrowthPunch+1","Slimebound:Gluttony","Writhe","Slimebound:HauntingLick+1","Slimebound:SplitSpecialist+1","Slimebound:GoopSpray","Slimebound:LeechLife","Slimebound:SplitSpecialist+1","Slimebound:MassRepurpose+1","Slimebound:DisruptingSlam","Slimebound:RainOfGoop+1","Slimebound:TongueLash+1","Slimebound:RejuvenatingLick+1","Slimebound:SpikyOuterGoop","Slimebound:SlimeBarrage+1","Slimebound:LeadByExample+1","Slimebound:WasteNot+1","Slimebound:RejuvenatingLick+1","Slimebound:MinionMaster","Parasite","Slimebound:SamplingLick+1","Slimebound:Recollect+1"],"relics":["Slimebound:AbsorbEndCombat","Blue Candle","Centennial Puzzle","Thread and Needle","Cursed Key","Singing Bowl","Pocketwatch","Strawberry","Bag of Marbles","Philosopher\u0027s Stone","downfall:HeartBlessingGreen","PreservedInsect","downfall:HeartBlessingBlue","downfall:HeartBlessingRed","InkBottle"],"acts_visited":["Exordium","TheCity","TheBeyond","TheEnding"],"potions_floor_usage":[14,15,26,27,31,33,55,55],"damage_taken":[{"damage":1,"enemies":"2 Louse","floor":2,"turns":3},{"damage":7,"enemies":"Jaw Worm","floor":3,"turns":4},{"damage":11,"enemies":"Cultist","floor":5,"turns":5},{"damage":33,"enemies":"Gremlin Gang","floor":9,"turns":6},{"damage":6,"enemies":"3 Louse","floor":11,"turns":4},{"damage":8,"enemies":"Exordium Thugs","floor":12,"turns":5},{"damage":27,"enemies":"Gremlin Nob","floor":14,"turns":4},{"damage":2,"enemies":"Gremlin Gang","floor":15,"turns":4},{"damage":26,"enemies":"IC_STATUS_ARCHETYPE","floor":16,"turns":9},{"damage":7,"enemies":"downfall:FleeingMerchant","floor":19,"turns":4},{"damage":2,"enemies":"Chosen","floor":20,"turns":4},{"damage":2,"enemies":"downfall:FleeingMerchant","floor":21,"turns":4},{"damage":4,"enemies":"3 Byrds","floor":22,"turns":5},{"damage":8,"enemies":"Centurion and Healer","floor":23,"turns":6},{"damage":3,"enemies":"Book of Stabbing","floor":25,"turns":5},{"damage":24,"enemies":"Snake Plant","floor":26,"turns":4},{"damage":20,"enemies":"Gremlin Leader","floor":27,"turns":7},{"damage":17,"enemies":"Shelled Parasite and Fungi","floor":29,"turns":6},{"damage":50,"enemies":"Slavers","floor":31,"turns":6},{"damage":2,"enemies":"Centurion and Healer","floor":32,"turns":6},{"damage":48,"enemies":"DF_ARCHETYPE_CLAW","floor":33,"turns":8},{"damage":33,"enemies":"3 Darklings","floor":37,"turns":4},{"damage":13,"enemies":"downfall:FleeingMerchant","floor":38,"turns":4},{"damage":12,"enemies":"3 Shapes","floor":39,"turns":5},{"damage":0,"enemies":"downfall:FleeingMerchant","floor":40,"turns":1},{"damage":28,"enemies":"Writhing Mass","floor":43,"turns":6},{"damage":7,"enemies":"Jaw Worm Horde","floor":45,"turns":4},{"damage":9,"enemies":"4 Shapes","floor":47,"turns":5},{"damage":10,"enemies":"Spire Growth","floor":48,"turns":4},{"damage":4,"enemies":"Writhing Mass","floor":49,"turns":6},{"damage":82,"enemies":"SI_POISON_ARCHETYPE","floor":50,"turns":7},{"damage":107,"enemies":"downfall:CharBossMerchant","floor":52,"turns":9},{"damage":20,"enemies":"downfall:NeowBoss","floor":55,"turns":15},{"damage":180,"enemies":"downfall:NeowBossFinal","floor":56,"turns":13}],"seed_played":"2100332921365152107","potions_obtained":[{"floor":2,"key":"LiquidBronze"},{"floor":5,"key":"Dexterity Potion"},{"floor":12,"key":"Slimebound:ThreeZeroPotion"},{"floor":14,"key":"Fire Potion"},{"floor":16,"key":"Regen Potion"},{"floor":25,"key":"FairyPotion"},{"floor":26,"key":"bronze:BurnAndBuffPotion"},{"floor":29,"key":"PowerPotion"},{"floor":31,"key":"SteroidPotion"},{"floor":33,"key":"Slimebound:SlimyTonguePotion"},{"floor":43,"key":"Energy Potion"}],"is_trial":false,"path_per_floor":["R","M","M","?","M","R","T","R","M","?","M","M","R","E","M","B",null,"R","$","M","$","M","M","T","E","M","E","R","M","R","E","M","B",null,"R","?","M","$","M","$","T","R","M","R","M","R","M","M","M","B",null,"E","$","R","B","B",null],"character_chosen":"SLIMEBOUND","items_purchased":["PreservedInsect"],"campfire_rested":1,"item_purchase_floors":[38],"current_hp_per_floor":[59,60,56,61,54,54,54,54,31,80,77,74,74,50,63,51,73,73,79,79,80,80,80,80,79,69,77,77,91,91,72,93,57,84,84,84,95,88,79,81,81,91,107,107,112,112,110,112,117,67,105,23,23,58,114,24],"gold":43,"neow_bonus":"REMOVE_TWO","is_daily":false,"chose_seed":false,"campfire_upgraded":10,"win_rate":0.0,"timestamp":1610946460,"path_taken":["R","M","M","?","M","R","T","R","M","?","M","M","R","E","M","BOSS","R","$","M","?","?","M","T","E","?","E","R","M","R","E","M","BOSS","R","?","M","$","M","$","T","R","M","R","M","R","M","M","M","BOSS","E","$","R","BOSS","BOSS"],"items_purchased_type":["Relic"],"build_version":"2020-12-22","purchased_purges":5,"victory":true,"max_hp_per_floor":[65,65,65,70,70,70,70,70,70,80,80,80,80,80,80,80,80,80,80,80,80,80,80,80,80,80,89,89,91,91,93,93,93,93,93,93,95,97,97,99,99,109,111,111,113,113,115,115,117,117,117,117,117,117,117,117],"card_choices":[{"not_picked":["Slimebound:SamplingLick","Slimebound:SlimeSpikes"],"picked":"Slimebound:GrowthPunch","floor":2},{"not_picked":["Slimebound:LeechEnergy","Slimebound:Prepare"],"picked":"Slimebound:Gluttony","floor":3},{"not_picked":["Slimebound:GoopTackle","Slimebound:SlimeSpikes"],"picked":"Slimebound:HauntingLick","floor":5},{"not_picked":["Slimebound:Schlurp","Slimebound:SplitAcid"],"picked":"Slimebound:SplitSpecialist","floor":9},{"not_picked":["Slimebound:ItLooksTasty","Slimebound:FirmFortitude","Slimebound:SlimeBrawl"],"picked":"SKIP","floor":11},{"not_picked":["Slimebound:ForwardTackle","Slimebound:SplitAcid"],"picked":"Slimebound:GoopSpray","floor":12},{"not_picked":["Slimebound:LeechingTouch","Slimebound:LivingWall"],"picked":"Slimebound:LeechLife","floor":14},{"not_picked":["Slimebound:ComboTackle","Slimebound:Equalize"],"picked":"Slimebound:SplitSpecialist","floor":15},{"not_picked":["Slimebound:LeechLife","Slimebound:Teamwork"],"picked":"Slimebound:MassRepurpose","floor":16},{"not_picked":["Slimebound:LeechingTouch","Slimebound:ItLooksTasty"],"picked":"Slimebound:DisruptingSlam","floor":19},{"not_picked":["Slimebound:SplitBruiser","Slimebound:BestDefense","Slimebound:Grow"],"picked":"SKIP","floor":20},{"not_picked":["Slimebound:Teamwork","Slimebound:Replication"],"picked":"Slimebound:RainOfGoop+1","floor":21},{"not_picked":["Slimebound:ItLooksTasty+1","Slimebound:BestDefense+1"],"picked":"Slimebound:TongueLash","floor":22},{"not_picked":["Slimebound:DivideAndConquer","Slimebound:SplitLeeching"],"picked":"Slimebound:RejuvenatingLick","floor":23},{"not_picked":["Slimebound:SplitMire","Slimebound:Prepare+1"],"picked":"Slimebound:SpikyOuterGoop","floor":25},{"not_picked":["Slimebound:GoopSpray+1","Slimebound:HungryTackle"],"picked":"Slimebound:SlimeBarrage","floor":26},{"not_picked":["Slimebound:LeechingTouch+1","Slimebound:SlimeSlap","Slimebound:ViciousTackle"],"picked":"Singing Bowl","floor":27},{"not_picked":["Slimebound:DisruptingSlam+1","Slimebound:LeechEnergy","Slimebound:PressTheAttack+1"],"picked":"Singing Bowl","floor":29},{"not_picked":["Slimebound:SplitLeeching+1","Slimebound:HauntingLick","Slimebound:SlimeBarrage"],"picked":"Singing Bowl","floor":31},{"not_picked":["Slimebound:PressTheAttack","Slimebound:LivingWall"],"picked":"Slimebound:LeadByExample+1","floor":32},{"not_picked":["Slimebound:PrepareCrush","Slimebound:FirmFortitude"],"picked":"Slimebound:WasteNot","floor":33},{"not_picked":["Slimebound:FinishingTackle+1","Slimebound:ServeAndProtect","Slimebound:Grow+1"],"picked":"Singing Bowl","floor":37},{"not_picked":["Slimebound:ItLooksTasty","Slimebound:Replication","Slimebound:SplitBruiser"],"picked":"Singing Bowl","floor":38},{"not_picked":["Slimebound:SplitAcid+1","Slimebound:SlimeSpikes"],"picked":"Slimebound:MinionMaster","floor":39},{"not_picked":["Slimebound:HungryTackle","Slimebound:GoopSpray+1","Slimebound:LeechEnergy+1"],"picked":"Singing Bowl","floor":40},{"not_picked":["Slimebound:SplitLeeching","Slimebound:SpikyOuterGoop","Slimebound:SplitMire"],"picked":"Singing Bowl","floor":43},{"not_picked":["Slimebound:FinishingTackle+1","Slimebound:TongueLash","Slimebound:SlimeTap+1"],"picked":"Singing Bowl","floor":45},{"not_picked":["Slimebound:Repurpose+1","Slimebound:GoopTackle","Slimebound:Equalize+1"],"picked":"Singing Bowl","floor":47},{"not_picked":["Slimebound:FinishingTackle","Slimebound:GoopTackle+1"],"picked":"Slimebound:SamplingLick+1","floor":48},{"not_picked":["Slimebound:Chomp","Slimebound:RollThrough","Slimebound:LeechingTouch"],"picked":"Singing Bowl","floor":49},{"not_picked":["Slimebound:PrepareCrush","Slimebound:MassRepurpose"],"picked":"Slimebound:Recollect+1","floor":52}],"player_experience":868848,"relics_obtained":[{"floor":7,"key":"Centennial Puzzle"},{"floor":14,"key":"Thread and Needle"},{"floor":24,"key":"Singing Bowl"},{"floor":25,"key":"Pocketwatch"},{"floor":27,"key":"Strawberry"},{"floor":31,"key":"Bag of Marbles"},{"floor":52,"key":"InkBottle"}],"event_choices":[{"cards_removed":["Slimebound:LeechLife"],"damage_healed":39,"gold_gain":0,"player_choice":"Offered Rare","damage_taken":0,"max_hp_gain":10,"max_hp_loss":0,"event_name":"Bonfire Elementals","floor":10,"gold_loss":0}],"is_beta":false,"boss_relics":[{"not_picked":["SlaversCollar","Slimebound:TarBlob"],"picked":"Cursed Key"},{"not_picked":["Empty Cage","bronze:MakeshiftBattery"],"picked":"Philosopher\u0027s Stone"}],"items_purged_floors":[19,21,38,40,53],"is_endless":false,"potions_floor_spawned":[2,5,12,14,16,22,25,26,29,31,33,39,43,45,52],"ascension_level":10}}