{"host":"344lv32hnei0mdhu","time":1610963904,"event":{"mods":["Act Like it!","BaseMod","Better Match","Better Sensory Stone","Better Skull","Better Third Choice","Better Vampires","Colored Powertips","Highlight Path","Minty Spire (QoL Compilation)","Quick Restart","Random Character Button","Rare Cards Sparkle","StSLib"],"gold_per_floor":[116,116,126,201,10,42,42,57,57,232,261,261,275,275,275,372,372,384,145,169,181,181,181,208,225,225,253,266,266,280,280,280,280,280],"floor_reached":33,"language":"ENG","playtime":2265,"items_purged":["Doubt"],"score":477,"play_id":"a0831fb6-6aa7-4c38-aef6-ea78ce16a013","local_time":"20210118035824","is_ascension_mode":true,"campfire_choices":[{"data":"WaveOfTheHand","floor":7.0,"key":"SMITH"},{"floor":12.0,"key":"REST"},{"data":"LikeWater","floor":15.0,"key":"SMITH"},{"floor":23,"key":"RECALL"},{"floor":29,"key":"REST"},{"floor":32,"key":"REST"}],"circlet_count":0,"master_deck":["AscendersBane","Strike_P+1","Strike_P+1","Strike_P+1","Strike_P+1","Defend_P+1","Defend_P+1","Defend_P+1","Defend_P+1","Eruption","Vigilance","FollowUp","SignatureMove","BattleHymn","WaveOfTheHand+1","Protect","LikeWater+1","Evaluate","Dark Shackles","DevaForm+1","FlyingSleeves+1","DeceiveReality+1","SpiritShield"],"relics":["PureWater","NeowsBlessing","Membership Card","Mercury Hourglass","HornCleat","Oddly Smooth Stone","Runic Pyramid","Orichalcum","Ornamental Fan","Dead Branch","Question Card","StrikeDummy"],"acts_visited":["Exordium","TheCity"],"potions_floor_usage":[24,27,27,27],"damage_taken":[{"damage":0.0,"enemies":"Jaw Worm","floor":1.0,"turns":1.0},{"damage":0.0,"enemies":"Small Slimes","floor":3.0,"turns":1.0},{"damage":0.0,"enemies":"Lagavulin","floor":6.0,"turns":1.0},{"damage":0.0,"enemies":"Cultist","floor":8.0,"turns":2.0},{"damage":10.0,"enemies":"Gremlin Nob","floor":11.0,"turns":3.0},{"damage":7.0,"enemies":"3 Louse","floor":13.0,"turns":3.0},{"damage":32.0,"enemies":"Hexaghost","floor":16.0,"turns":7.0},{"damage":0,"enemies":"Chosen","floor":18,"turns":4},{"damage":0,"enemies":"Spheric Guardian","floor":21,"turns":6},{"damage":18,"enemies":"Gremlin Leader","floor":24,"turns":7},{"damage":18,"enemies":"Snake Plant","floor":25,"turns":5},{"damage":3,"enemies":"Slavers","floor":27,"turns":4},{"damage":6,"enemies":"Cultist and Chosen","floor":28,"turns":6},{"damage":1,"enemies":"Snecko","floor":30,"turns":6},{"damage":65,"enemies":"Champ","floor":33,"turns":6}],"seed_played":"-9135016238412150094","potions_obtained":[{"floor":13.0,"key":"DistilledChaos"},{"floor":16.0,"key":"BlessingOfTheForge"},{"floor":21,"key":"DuplicationPotion"},{"floor":24,"key":"Explosive Potion"},{"floor":25,"key":"DistilledChaos"},{"floor":27,"key":"SteroidPotion"}],"is_trial":false,"path_per_floor":["M","?","M","?","$","E","R","M","T","?","E","R","M","?","R","B",null,"M","$","T","M","?","R","E","M","T","E","M","R","M","?","R","B"],"character_chosen":"WATCHER","items_purchased":["Membership Card","BattleHymn","Orichalcum","Ornamental Fan"],"campfire_rested":3,"item_purchase_floors":[5,5,19,19],"current_hp_per_floor":[65,65,65,54,54,54,54,54,54,54,44,65,58,58,58,26,61,61,61,61,61,61,61,43,25,25,22,16,37,36,36,57,0,0],"gold":280,"neow_bonus":"THREE_ENEMY_KILL","is_daily":false,"chose_seed":false,"campfire_upgraded":2,"win_rate":0.0,"timestamp":1610963904,"path_taken":["M","?","M","?","?","E","R","?","T","?","E","R","M","?","R","BOSS","M","$","?","M","?","R","E","M","T","E","M","R","?","?","R","BOSS"],"items_purchased_type":["Relic","Card","Relic","Relic"],"build_version":"2020-12-22","purchased_purges":1,"victory":false,"max_hp_per_floor":[72,72,72,72,72,72,72,72,72,72,72,72,72,72,72,72,72,72,72,72,72,72,72,72,72,72,72,72,72,72,72,72,72,72],"card_choices":[{"not_picked":["JustLucky","CrushJoints"],"picked":"FollowUp","floor":1.0},{"not_picked":["EmptyFist","CrushJoints"],"picked":"SignatureMove","floor":3.0},{"not_picked":["ThirdEye","SignatureMove"],"picked":"WaveOfTheHand","floor":6.0},{"not_picked":["EmptyBody","Prostrate"],"picked":"Protect","floor":8.0},{"not_picked":["EmptyMind","ReachHeaven"],"picked":"LikeWater","floor":11.0},{"not_picked":["FlyingSleeves","Worship"],"picked":"Evaluate","floor":13.0},{"not_picked":["Enlightenment","Mind Blast"],"picked":"Dark Shackles","floor":14.0},{"not_picked":["Judgement","DeusExMachina"],"picked":"DevaForm","floor":16.0},{"not_picked":["FlurryOfBlows","BowlingBash"],"picked":"FlyingSleeves+1","floor":18},{"not_picked":["WreathOfFlame","Adaptation"],"picked":"DeceiveReality+1","floor":21},{"not_picked":["ThirdEye","ClearTheMind","CutThroughFate"],"picked":"SKIP","floor":24},{"not_picked":["Collect+1","FollowUp+1","EmptyMind"],"picked":"SKIP","floor":25},{"not_picked":["FearNoEvil","Weave","EmptyMind"],"picked":"SpiritShield","floor":27},{"not_picked":["EmptyBody","CutThroughFate","CrushJoints","Consecrate"],"picked":"SKIP","floor":28},{"not_picked":["Pray","WreathOfFlame","Tantrum","SandsOfTime"],"picked":"SKIP","floor":30}],"player_experience":346372,"relics_obtained":[{"floor":6.0,"key":"Mercury Hourglass"},{"floor":9.0,"key":"HornCleat"},{"floor":11.0,"key":"Oddly Smooth Stone"},{"floor":24,"key":"Dead Branch"},{"floor":26,"key":"Question Card"},{"floor":27,"key":"StrikeDummy"}],"event_choices":[{"damage_healed":65.0,"max_hp_gain":0.0,"max_hp_loss":72.0,"gold_gain":0.0,"event_name":"betterThird:BetterShining","player_choice":"Leave","floor":2.0,"gold_loss":0.0,"damage_taken":0.0},{"damage_healed":0.0,"max_hp_gain":0.0,"max_hp_loss":0.0,"gold_gain":75.0,"event_name":"betterThird:BetterGoop","player_choice":"Gold","floor":4.0,"gold_loss":0.0,"damage_taken":11.0},{"damage_healed":0.0,"max_hp_gain":0.0,"max_hp_loss":0.0,"gold_gain":175.0,"event_name":"betterThird:BetterSerpent","player_choice":"AGREE","floor":10.0,"gold_loss":0.0,"damage_taken":57.0},{"damage_healed":0.0,"max_hp_gain":0.0,"max_hp_loss":0.0,"gold_gain":1.0,"event_name":"betterStone:BetterStone","player_choice":"1","floor":14.0,"gold_loss":0.0,"damage_taken":0.0},{"damage_healed":0,"gold_gain":0,"player_choice":"Forge","damage_taken":0,"max_hp_gain":0,"max_hp_loss":0,"event_name":"Accursed Blacksmith","floor":22,"gold_loss":0,"cards_upgraded":["DevaForm"]},{"damage_healed":0,"gold_gain":0,"player_choice":"Simplicity","damage_taken":0,"max_hp_gain":0,"max_hp_loss":8,"event_name":"betterThird:BetterWriting","floor":31,"gold_loss":0}],"is_beta":false,"boss_relics":[{"not_picked":["Pandora\u0027s Box","SlaversCollar"],"picked":"Runic Pyramid"}],"items_purged_floors":[19],"is_endless":false,"potions_floor_spawned":[13,16,21,24,25,27],"killed_by":"Champ","ascension_level":10}}