{"host":"khc33f3y4hz17yhu","time":1610935140,"event":{"mods":["BaseMod","Hermit","Minty Spire (QoL Compilation)","StSLib","The Hierophant","The Marked","The Servant 0.9.4"],"gold_per_floor":[112,123,138,213,213,213,243,259,286,286,306,256,181,356,356,451,451,471,154,154,154,165,165,165],"floor_reached":23,"language":"ENG","playtime":1307,"items_purged":["Strike_S","Defend_S"],"score":189,"play_id":"2ac65447-49ef-41c8-844c-e82d20fe0a22","local_time":"20210117205900","is_ascension_mode":false,"campfire_choices":[{"data":"KidneyShot","floor":6,"key":"SMITH"},{"floor":10,"key":"REST"},{"data":"Starlight","floor":15,"key":"SMITH"}],"circlet_count":0,"master_deck":["Strike_S+1","Defend_S+1","KidneyShot+1","Exchange","BottledTime","ShiftingGears+1","Foresight","Starlight+1","Misdirection","Doubt","MurderousAura","Contraction+1","RealityMarble+1","Advance+1","TimeWarp","Exchange","SurpressingFire","Necronomicurse","Rearm"],"relics":["Uniform","NeowsBlessing","Toy Ornithopter","Whetstone","Astrolabe","DollysMirror","Necronomicon"],"acts_visited":["Exordium","TheCity"],"potions_floor_usage":[7,8,16],"damage_taken":[{"damage":0,"enemies":"2 Louse","floor":1,"turns":1},{"damage":0,"enemies":"Jaw Worm","floor":2,"turns":1},{"damage":0,"enemies":"Small Slimes","floor":3,"turns":1},{"damage":25,"enemies":"3 Sentries","floor":7,"turns":12},{"damage":4,"enemies":"3 Louse","floor":8,"turns":3},{"damage":0,"enemies":"Large Slime","floor":11,"turns":5},{"damage":5,"enemies":"The Guardian","floor":16,"turns":14},{"damage":0,"enemies":"Chosen","floor":18,"turns":4},{"damage":1,"enemies":"Spheric Guardian","floor":22,"turns":5},{"damage":48,"enemies":"Slavers","floor":23,"turns":3}],"seed_played":"3078318911341059115","potions_obtained":[{"floor":2,"key":"SteroidPotion"},{"floor":3,"key":"SkillPotion"},{"floor":11,"key":"Block Potion"}],"is_trial":false,"path_per_floor":["M","M","M","?","?","R","E","M","T","R","M","?","$","?","R","B",null,"M","$","?","?","M","E"],"character_chosen":"THE_SERVANT","items_purchased":["DollysMirror","SurpressingFire"],"campfire_rested":1,"item_purchase_floors":[19,19],"current_hp_per_floor":[65,65,65,54,41,41,16,17,17,36,36,36,36,36,36,36,65,65,65,49,49,48,0,0],"gold":165,"neow_bonus":"THREE_ENEMY_KILL","is_daily":false,"chose_seed":false,"campfire_upgraded":2,"win_rate":0.0,"timestamp":1610935140,"path_taken":["M","M","M","?","?","R","E","?","T","R","M","?","$","?","R","BOSS","M","$","?","?","M","E"],"items_purchased_type":["Relic","Card"],"build_version":"2020-12-22","purchased_purges":2,"victory":false,"max_hp_per_floor":[65,65,65,65,65,65,65,65,65,65,65,65,65,65,65,65,65,65,65,65,65,65,65,65],"card_choices":[{"not_picked":["Revamp","Read"],"picked":"BottledTime","floor":1},{"not_picked":["TimeWarp","Spin"],"picked":"ShiftingGears","floor":2},{"not_picked":["ShatteredReality","Potential"],"picked":"Foresight","floor":3},{"not_picked":["Rearm","FastForward","DoubleEdge"],"picked":"SKIP","floor":7},{"not_picked":["Unruled","Rearm"],"picked":"Starlight","floor":8},{"not_picked":["ShiftingGears","Ricochet"],"picked":"Misdirection","floor":11},{"not_picked":["Solidify","PendulumOfEternity"],"picked":"MurderousAura","floor":16},{"not_picked":["DoubleEdge","Alleviate"],"picked":"TimeWarp","floor":18},{"not_picked":["Replace","Defy"],"picked":"Rearm","floor":22}],"player_experience":166342,"relics_obtained":[{"floor":7,"key":"Toy Ornithopter"},{"floor":9,"key":"Whetstone"},{"floor":20,"key":"Necronomicon"}],"event_choices":[{"damage_healed":0,"gold_gain":75,"player_choice":"Gather Gold","damage_taken":11,"max_hp_gain":0,"max_hp_loss":0,"event_name":"World of Goop","floor":4,"gold_loss":0},{"damage_healed":0,"gold_gain":0,"player_choice":"Entered Light","damage_taken":13,"max_hp_gain":0,"max_hp_loss":0,"event_name":"Shining Light","floor":5,"gold_loss":0,"cards_upgraded":["Defend_S","ShiftingGears"]},{"cards_removed":["Strike_S"],"damage_healed":0,"gold_gain":0,"player_choice":"Card Removal","damage_taken":0,"max_hp_gain":0,"max_hp_loss":0,"event_name":"The Cleric","floor":12,"gold_loss":50},{"damage_healed":0,"gold_gain":175,"player_choice":"AGREE","damage_taken":0,"max_hp_gain":0,"max_hp_loss":0,"event_name":"Liars Game","floor":14,"gold_loss":0,"cards_obtained":["Doubt"]},{"damage_healed":0,"gold_gain":0,"player_choice":"Obtained Book","damage_taken":16,"max_hp_gain":0,"max_hp_loss":0,"event_name":"Cursed Tome","floor":20,"gold_loss":0},{"damage_healed":0,"gold_gain":0,"player_choice":"Ignored","damage_taken":0,"max_hp_gain":0,"max_hp_loss":0,"event_name":"Vampires","floor":21,"gold_loss":0}],"is_beta":false,"boss_relics":[{"not_picked":["Pandora\u0027s Box","SacredBark"],"picked":"Astrolabe"}],"items_purged_floors":[13,19],"is_endless":false,"potions_floor_spawned":[2,3,11],"killed_by":"Slavers","ascension_level":0}}