{"host":"vyjryxuuuxkt43k4","time":1610931552,"event":{"mods":["AchievementEnabler","BaseMod","Colored Map","DeckTracker","Keyboard Shortcuts","Minty Spire (QoL Compilation)","Permanent Neow","Quick Restart","StSLib","SuperFastMode","everything is the same but u backflip on backflip"],"gold_per_floor":[111,86,103,116,134,165,185,185,257,270,303,319,319,330,330,428,428,428,428,428,428,64,64,64,64],"floor_reached":24,"language":"KOR","playtime":1311,"items_purged":["ClearTheMind"],"score":280,"play_id":"323388f5-6d90-488d-96ce-403732f0f84b","local_time":"20210118095912","is_ascension_mode":true,"campfire_choices":[{"data":"Adaptation","floor":8,"key":"SMITH"},{"floor":15,"key":"REST"}],"circlet_count":0,"master_deck":["Strike_P","Strike_P","Strike_P","Strike_P","Defend_P","Defend_P","Defend_P","Defend_P","Eruption","Vigilance","Halt","FollowUp","Adaptation+1","FearNoEvil","Judgement","DevaForm","Vault","Crescendo","Ghostly","Ghostly","Ghostly","Ghostly","Ghostly","ClearTheMind+1","DevaForm+1"],"relics":["Black Star","Akabeko","Du-Vu Doll","Eternal Feather","Anchor","Bottled Tornado","Ectoplasm","Peace Pipe","Frozen Egg 2","Sundial"],"acts_visited":["Exordium","TheCity"],"potions_floor_usage":[5,7,11,16,24],"damage_taken":[{"damage":12.0,"enemies":"Cultist","floor":1.0,"turns":3.0},{"damage":0.0,"enemies":"Small Slimes","floor":3.0,"turns":3.0},{"damage":7.0,"enemies":"2 Louse","floor":4.0,"turns":4.0},{"damage":0,"enemies":"Exordium Wildlife","floor":5,"turns":3},{"damage":20,"enemies":"Gremlin Nob","floor":6,"turns":4},{"damage":14,"enemies":"Large Slime","floor":7,"turns":3},{"damage":7,"enemies":"3 Louse","floor":10,"turns":3},{"damage":18,"enemies":"Lagavulin","floor":11,"turns":5},{"damage":0,"enemies":"Looter","floor":12,"turns":2},{"damage":0,"enemies":"2 Fungi Beasts","floor":14,"turns":2},{"damage":33,"enemies":"Hexaghost","floor":16,"turns":10},{"damage":2,"enemies":"Chosen","floor":18,"turns":5},{"damage":8,"enemies":"3 Byrds","floor":19,"turns":5},{"damage":3,"enemies":"Snake Plant","floor":21,"turns":6},{"damage":4,"enemies":"Book of Stabbing","floor":23,"turns":8},{"damage":32,"enemies":"Cultist and Chosen","floor":24,"turns":9}],"seed_played":"-4929761902823500784","potions_obtained":[{"floor":4.0,"key":"BottledMiracle"},{"floor":5,"key":"Energy Potion"},{"floor":10,"key":"Regen Potion"},{"floor":11,"key":"SteroidPotion"},{"floor":12,"key":"Fire Potion"},{"floor":19,"key":"DuplicationPotion"},{"floor":21,"key":"Block Potion"}],"is_trial":false,"path_per_floor":["M","$","M","M","M","E","M","R","T","M","E","M","?","M","R","B",null,"M","M","?","M","$","E","M"],"character_chosen":"WATCHER","items_purchased":["Halt","Peace Pipe"],"campfire_rested":1,"item_purchase_floors":[2,22],"current_hp_per_floor":[60,60,60,53,53,33,19,19,19,12,8,8,8,8,38,5,72,70,62,36,33,33,29,0,0],"gold":64,"neow_bonus":"BOSS_RELIC","is_daily":false,"chose_seed":false,"campfire_upgraded":1,"win_rate":0.0,"timestamp":1610931552,"path_taken":["M","$","M","M","?","E","M","R","T","M","E","?","?","M","R","BOSS","M","M","?","M","$","E","M"],"items_purchased_type":["Card","Relic"],"build_version":"2020-12-22","purchased_purges":1,"victory":false,"max_hp_per_floor":[72,72,72,72,72,72,72,72,72,72,72,72,72,72,72,72,72,72,72,36,36,36,36,36,36],"card_choices":[{"not_picked":["Protect","Nirvana","ThirdEye"],"picked":"SKIP","floor":1.0},{"not_picked":["FlurryOfBlows","TalkToTheHand"],"picked":"FollowUp","floor":3.0},{"not_picked":["Prostrate","WindmillStrike","PathToVictory"],"picked":"SKIP","floor":4.0},{"not_picked":["Wallop","TalkToTheHand"],"picked":"Adaptation","floor":5},{"not_picked":["CutThroughFate","FlurryOfBlows"],"picked":"FearNoEvil","floor":6},{"not_picked":["CrushJoints","SignatureMove"],"picked":"ClearTheMind","floor":7},{"not_picked":["JustLucky","Protect"],"picked":"Judgement","floor":10},{"not_picked":["CutThroughFate","FollowUp"],"picked":"DevaForm","floor":11},{"not_picked":["CutThroughFate","Prostrate","CrushJoints"],"picked":"SKIP","floor":12},{"not_picked":["EmptyFist","FollowUp","FlyingSleeves"],"picked":"SKIP","floor":14},{"not_picked":["LessonLearned","Wish"],"picked":"Vault","floor":16},{"not_picked":["CutThroughFate","Halt","ClearTheMind"],"picked":"SKIP","floor":18},{"not_picked":["Worship","EmptyFist"],"picked":"Crescendo","floor":19},{"not_picked":["Crescendo","Evaluate"],"picked":"ClearTheMind+1","floor":21},{"not_picked":["Pray","EmptyBody"],"picked":"DevaForm+1","floor":23}],"player_experience":427405,"relics_obtained":[{"floor":6,"key":"Akabeko"},{"floor":6,"key":"Du-Vu Doll"},{"floor":9,"key":"Eternal Feather"},{"floor":11,"key":"Anchor"},{"floor":11,"key":"Bottled Tornado"},{"floor":23,"key":"Frozen Egg 2"},{"floor":23,"key":"Sundial"}],"event_choices":[{"damage_healed":0,"gold_gain":0,"player_choice":"Ignored","damage_taken":0,"max_hp_gain":0,"max_hp_loss":0,"event_name":"Liars Game","floor":13,"gold_loss":0},{"damage_healed":0,"gold_gain":0,"player_choice":"Became a Ghost","damage_taken":0,"max_hp_gain":0,"max_hp_loss":36,"event_name":"Ghosts","floor":20,"gold_loss":0,"cards_obtained":["Ghostly","Ghostly","Ghostly","Ghostly","Ghostly"]}],"is_beta":false,"boss_relics":[{"not_picked":["Coffee Dripper","Velvet Choker"],"picked":"Ectoplasm"}],"items_purged_floors":[22],"is_endless":false,"potions_floor_spawned":[4,5,10,11,12,19,21,23],"killed_by":"Cultist and Chosen","ascension_level":2}}