{"host":"6ktzxxgjnfnrmlug","time":1610966184,"event":{"mods":["Astrologer","BaseMod","Better Third Choice","KinomotoSakuraMod(ƒæ÷Æ±æ”£)","Marisa£®ÏF”Í°°ƒß¿Ì…≥£©","Minty Spire (QoL Compilation)","Prisma Mod","Remilia£®¿Ÿ√◊¿Ú—«£©","Replay The Spire","StSLib","The Alterego","The Animator","Yakumo Yukari mod","Youmu£®ªÍ∆«—˝√Œ£©","yUi"],"gold_per_floor":[117,117,117,117,117,144,144,163,163,163,173,173,200,211,211,306,306,319,71,84,9,19,48,64,163,163,214,104,137,151,192,192,318,318,336,336,347,364,379,411,95,95,122,122,122],"floor_reached":44,"language":"ZHS","playtime":12012,"items_purged":["PrismaMod:IllyaCommonAttack+1","PrismaMod:IllyaCommonAttack+1"],"score":513,"play_id":"2a20e48f-c68d-4eff-8b6a-2a5392cd0a7b","local_time":"20210118183624","is_ascension_mode":false,"campfire_choices":[{"data":"PrismaMod:IllyaUncommonDefend","floor":7,"key":"SMITH"},{"data":"PrismaMod:IllyaAlice","floor":10,"key":"SMITH"},{"data":"PrismaMod:IllyaCheapChannelAttack","floor":15,"key":"SMITH"},{"data":"PrismaMod:IllyaCommonDefend","floor":32,"key":"PURGE"}],"circlet_count":0,"master_deck":["PrismaMod:IllyaUncommonAttack+1","PrismaMod:IllyaUncommonDefend+1","PrismaMod:IllyaReinForce+1","PrismaMod:IllyaUpgradeOrbs+1","PrismaMod:IllyaMinorReinForce+1","PrismaMod:IllyaAlice+1","PrismaMod:IllyaBerserCAR+1","PrismaMod:IllyaGrail+1","PrismaMod:IllyaCheapChannelAttack+1","PrismaMod:IllyaCarnivalOrbs+1","PrismaMod:IllyaBride+1","Apotheosis+1","PrismaMod:IllyaSaphire+1","PrismaMod:IllyaUncommonDefend+1","PrismaMod:IllyaCarnivalPrismaAstolfo+1","PrismaMod:IllyaGrail+1","PrismaMod:IllyaCommandSeal+1","PrismaMod:IllyaUberChannel+1","PrismaMod:IllyaRubysPotion+1","PrismaMod:IllyaZwei+1","PrismaMod:IllyaInstallAlterEgo","PrismaMod:IllyaSaphire+1","PrismaMod:IllyaUberDefendChannel+1","PrismaMod:IllyaMinorZwei+1","Injury"],"relics":["PrismaMod:PrismaRuby","Orichalcum","Replay:Kaleidoscope","Replay:Wax Seal","Sundial","Whetstone","Black Star","Replay:Rubber Ducky","Boot","Replay:PocketPolymizer","Golden Egg","Incense Burner","Replay:Multitool","Cursed Key","Pocketwatch","Ginger","Lantern","Oddly Smooth Stone"],"acts_visited":["Exordium","TheCity","TheBeyond"],"potions_floor_usage":[22,30,33,40],"damage_taken":[{"damage":0.0,"enemies":"2 Louse","floor":1.0,"turns":3.0},{"damage":0,"enemies":"Replay:BlueRogue","floor":6,"turns":12},{"damage":0,"enemies":"Small Slimes","floor":8,"turns":4},{"damage":0,"enemies":"Cultist","floor":11,"turns":4},{"damage":7,"enemies":"Gremlin Nob","floor":13,"turns":4},{"damage":0,"enemies":"Large Slime","floor":14,"turns":4},{"damage":16,"enemies":"Fading Forest","floor":16,"turns":11},{"damage":3,"enemies":"Chosen","floor":18,"turns":5},{"damage":3,"enemies":"3 Byrds","floor":20,"turns":6},{"damage":13,"enemies":"Cultist and Chosen","floor":22,"turns":5},{"damage":15,"enemies":"Book of Stabbing","floor":23,"turns":8},{"damage":9,"enemies":"Snake Plant","floor":24,"turns":4},{"damage":9,"enemies":"Replay:Snechameleon","floor":29,"turns":4},{"damage":0,"enemies":"Snecko","floor":30,"turns":5},{"damage":0,"enemies":"Centurion and Healer","floor":31,"turns":6},{"damage":17,"enemies":"Automaton","floor":33,"turns":9},{"damage":0,"enemies":"3 Darklings","floor":35,"turns":5},{"damage":0,"enemies":"3 Shapes","floor":37,"turns":2},{"damage":1,"enemies":"Sphere and 2 Shapes","floor":38,"turns":2},{"damage":0,"enemies":"Spire Growth","floor":39,"turns":4},{"damage":4,"enemies":"R_Hoarder","floor":40,"turns":7},{"damage":2,"enemies":"R_Hoarder","floor":42,"turns":14},{"damage":0,"enemies":"3 Darklings","floor":44,"turns":1}],"seed_played":"4261091423970473875","potions_obtained":[{"floor":6,"key":"Dexterity Potion"},{"floor":11,"key":"Block Potion"},{"floor":14,"key":"Energy Potion"},{"floor":23,"key":"Weak Potion"},{"floor":33,"key":"Dexterity Potion"},{"floor":37,"key":"ColorlessPotion"},{"floor":38,"key":"SkillPotion"}],"is_trial":false,"path_per_floor":["M","?","?","?","?","E","R","M","T","R","M","?","E","M","R","B",null,"M","$","M","?","M","E","M","?","T","?","$","E","M","M","R","B",null,"M","?","M","M","M","E","$","R","T","M"],"character_chosen":"ILLYA","items_purchased":["Apotheosis","PrismaMod:IllyaSaphire","PrismaMod:IllyaGrail","PrismaMod:IllyaUberDefendChannel","Lantern"],"campfire_rested":0,"item_purchase_floors":[19,19,28,41,41],"current_hp_per_floor":[75,75,75,75,75,75,75,75,75,75,75,36,39,49,49,63,75,72,72,75,75,71,65,61,61,61,31,31,27,42,55,55,58,75,75,71,71,71,71,71,71,71,71,71,71],"gold":122,"neow_bonus":"TRANSFORM_CARD","is_daily":false,"chose_seed":false,"campfire_upgraded":3,"win_rate":0.0,"timestamp":1610966184,"path_taken":["M","?","?","?","?","E","R","?","T","R","M","?","E","M","R","BOSS","M","$","M","?","M","E","M","?","T","?","?","E","M","M","R","BOSS","M","?","M","M","M","E","$","R","T","M"],"items_purchased_type":["Card","Card","Card","Card","Relic"],"build_version":"2020-12-22","purchased_purges":2,"victory":false,"max_hp_per_floor":[75,75,75,75,75,75,75,75,75,75,75,75,75,75,75,75,75,75,75,75,75,75,75,75,75,75,75,75,75,75,75,75,75,75,75,71,71,71,71,71,71,71,71,71,71],"card_choices":[{"not_picked":["PrismaMod:IllyaMinorReinForce","PrismaMod:IllyaBoysLove"],"picked":"PrismaMod:IllyaRubysPotion","floor":1.0},{"not_picked":["PrismaMod:IllyaCommonEvoke","PrismaMod:IllyaPartialInstallAssassin"],"picked":"PrismaMod:IllyaAlice","floor":6},{"not_picked":["PrismaMod:IllyaDetonatingBlow","PrismaMod:IllyaDualEvoke"],"picked":"PrismaMod:IllyaBerserCAR","floor":8},{"not_picked":["PrismaMod:IllyaUpgradeOrbs","PrismaMod:IllyaMinorReinForce"],"picked":"PrismaMod:IllyaGrail","floor":11},{"not_picked":["PrismaMod:IllyaDevil","PrismaMod:IllyaUberPoisonChannel","PrismaMod:IllyaFeed"],"picked":"SKIP","floor":13},{"not_picked":["PrismaMod:IllyaStunPoison","PrismaMod:IllyaHassanGift"],"picked":"PrismaMod:IllyaCheapChannelAttack","floor":14},{"not_picked":["PrismaMod:IllyaInstallArcher","PrismaMod:IllyaInstallBerserker"],"picked":"PrismaMod:IllyaCarnivalOrbs","floor":16},{"not_picked":["PrismaMod:IllyaGrailKun","PrismaMod:IllyaStunPoison"],"picked":"PrismaMod:IllyaBride","floor":18},{"not_picked":["PrismaMod:IllyaBerserCAR+1","PrismaMod:IllyaBlindPoisonToss"],"picked":"PrismaMod:IllyaUncommonDefend","floor":20},{"not_picked":["PrismaMod:IllyaUncommonEvoke","PrismaMod:IllyaCheapChannelPoison+1","PrismaMod:IllyaUpgradeOrbs"],"picked":"SKIP","floor":22},{"not_picked":["PrismaMod:IllyaUberAttackChannel","PrismaMod:IllyaRubysPotion"],"picked":"PrismaMod:IllyaCarnivalPrismaAstolfo","floor":23},{"not_picked":["PrismaMod:IllyaDevil+1","PrismaMod:IllyaUncommonAttack","PrismaMod:IllyaCommonEvoke"],"picked":"SKIP","floor":24},{"not_picked":["PrismaMod:IllyaCommonEvoke","PrismaMod:IllyaUberAttackChannel"],"picked":"PrismaMod:IllyaCommandSeal","floor":29},{"not_picked":["PrismaMod:IllyaAOECommonAttack+1","PrismaMod:IllyaUpgradeOrbs"],"picked":"PrismaMod:IllyaUberChannel","floor":30},{"not_picked":["PrismaMod:IllyaRussianRoulette","PrismaMod:IllyaFeed"],"picked":"PrismaMod:IllyaRubysPotion","floor":31},{"not_picked":["PrismaMod:IllyaInstallAvenger","PrismaMod:IllyaCarnivalDefend"],"picked":"PrismaMod:IllyaInstallAlterEgo","floor":33},{"not_picked":["PrismaMod:IllyaBoysLove+1","PrismaMod:IllyaRubysPotion+1","PrismaMod:IllyaGrailKun"],"picked":"SKIP","floor":35},{"not_picked":["PrismaMod:IllyaFriendMaker+1","PrismaMod:IllyaRubysPotion","PrismaMod:IllyaHassanGift+1"],"picked":"SKIP","floor":37},{"not_picked":["PrismaMod:IllyaCheapChannelDefend","PrismaMod:IllyaCheapChannelPoison","PrismaMod:IllyaPoisonTippedWeapons"],"picked":"SKIP","floor":38},{"not_picked":["PrismaMod:IllyaEvokeAll+1","PrismaMod:IllyaDevil+1","PrismaMod:IllyaAlice+1"],"picked":"SKIP","floor":39},{"not_picked":["PrismaMod:IllyaPoisonBomb+1","PrismaMod:IllyaCommonEvoke"],"picked":"PrismaMod:IllyaSaphire+1","floor":40}],"player_experience":49338,"relics_obtained":[{"floor":6,"key":"Orichalcum"},{"floor":9,"key":"Replay:Kaleidoscope"},{"floor":13,"key":"Whetstone"},{"floor":23,"key":"Replay:Rubber Ducky"},{"floor":23,"key":"Boot"},{"floor":26,"key":"Replay:PocketPolymizer"},{"floor":27,"key":"Golden Egg"},{"floor":29,"key":"Incense Burner"},{"floor":29,"key":"Replay:Multitool"},{"floor":40,"key":"Pocketwatch"},{"floor":40,"key":"Ginger"},{"floor":43,"key":"Oddly Smooth Stone"}],"event_choices":[{"damage_healed":0.0,"max_hp_gain":0.0,"max_hp_loss":0.0,"gold_gain":0.0,"cards_transformed":["PrismaMod:IllyaCommonDefend"],"event_name":"Living Wall","player_choice":"Change","floor":2.0,"gold_loss":0.0,"damage_taken":0.0,"cards_obtained":["PrismaMod:IllyaUpgradeOrbs"]},{"cards_removed":["PrismaMod:IllyaCommonDefend"],"damage_healed":0.0,"max_hp_gain":0.0,"max_hp_loss":0.0,"gold_gain":0.0,"event_name":"Purifier","player_choice":"Purged","floor":5.0,"gold_loss":0.0,"damage_taken":0.0},{"damage_healed":0,"gold_gain":1,"player_choice":"Relic Relic ","damage_taken":39,"max_hp_gain":0,"max_hp_loss":0,"event_name":"betterThird:BetterScrap","floor":12,"gold_loss":0,"cards_obtained":["TalkToTheHand"]},{"cards_removed":["PrismaMod:IllyaCommonAttack"],"damage_healed":0,"gold_gain":0,"player_choice":"Gave Gold","damage_taken":0,"max_hp_gain":0,"max_hp_loss":0,"event_name":"Beggar","floor":21,"gold_loss":75},{"damage_healed":0,"gold_gain":99,"player_choice":"Steal","damage_taken":0,"max_hp_gain":0,"max_hp_loss":0,"event_name":"betterThird:BetterNest","floor":25,"gold_loss":0},{"damage_healed":0,"gold_gain":0,"player_choice":"Max HP","damage_taken":0,"max_hp_gain":0,"max_hp_loss":4,"event_name":"Winding Halls","floor":36,"gold_loss":0}],"is_beta":false,"boss_relics":[{"not_picked":["ChewingGum","SlaversCollar"],"picked":"Black Star"},{"not_picked":["Replay:Wanted Poster","Snecko Eye"],"picked":"Cursed Key"}],"items_purged_floors":[28,41],"is_endless":false,"potions_floor_spawned":[6,11,14,16,18,23,33,37,38],"killed_by":"3 Darklings","ascension_level":0}}