{"host":"och2iitg9ibgz06n","time":1610997622,"event":{"mods":["Abigail Mod","AchievementEnabler","Aspiration","BaseMod","Colored Powertips","Dio Mod","FruityMod","Hubris","Hyrulean Relics","Infinite Spire","Minty Spire (QoL Compilation)","Replay The Spire","Small Relic Pack","StSLib","The Animator","The Bug Knight","The Hierophant","The Jungle","The Saiyan","TheHero","Wandering Minibosses","everything is the same but u backflip on backflip","slay the spire mod where everything is the same but ironclad has a cowboy hat","vexMod"],"gold_per_floor":[91,102,57,57,71,71,102,102,102,102,112,123,142,160,160,265,265,277,291,291,147,147,182,182,201,226,166,166,184,184,200,200,200,200],"floor_reached":33,"language":"ENG","playtime":1671,"items_purged":[],"score":373,"play_id":"83b2116b-1ac7-4a05-b449-5f246a1a588c","local_time":"20210118132022","is_ascension_mode":true,"campfire_choices":[{"data":"Saiyan:RuthlessBlow","floor":6,"key":"SMITH"},{"data":"Saiyan:SenzuBean","floor":8,"key":"SMITH"},{"floor":10,"key":"REST"},{"floor":15,"key":"REST"},{"floor":24,"key":"REST"},{"floor":30,"key":"REST"},{"floor":32,"key":"REST"}],"circlet_count":0,"master_deck":["Saiyan:SAIYA_Strike","Saiyan:SAIYA_Strike","Saiyan:SAIYA_Strike","Saiyan:SAIYA_Strike","Saiyan:SAIYA_Defend","Saiyan:SAIYA_Defend","Saiyan:SAIYA_Defend","Saiyan:SAIYA_Defend","Saiyan:EnergyBlast","Saiyan:KaioKen","Saiyan:RuthlessBlow+1","Saiyan:Flurry","Saiyan:Honing","Saiyan:ExpandingShockwave","Saiyan:Quickening","Saiyan:SenzuBean+1","Saiyan:Furor","Saiyan:SaiyanHubris","Saiyan:DoubleMasenko","Saiyan:PowerUp","Saiyan:SolarFlare","Saiyan:Flurry","Saiyan:Planning","relicPack:TruthCard","Saiyan:DoubleMasenko","Saiyan:PressOn","Saiyan:UltraInstinct","Saiyan:TurtleShell"],"relics":["SaiyanSoul","SaiyanHeart","aspiration:Nostalgia","animator:PurgingStone","vexMod:ScavengeHelm","hubris:BundleOfHerbs","vexMod:BarristanHead","infinitespire:Beetle Shell","vexMod:BigBerry","relicPack:SpireResearchBook","hubris:BottledRain","TungstenRod"],"acts_visited":["Exordium","TheCity"],"potions_floor_usage":[13,25,25,31],"damage_taken":[{"damage":0,"enemies":"Cultist","floor":1,"turns":4},{"damage":0,"enemies":"Jaw Worm","floor":2,"turns":3},{"damage":1,"enemies":"Small Slimes","floor":5,"turns":2},{"damage":27,"enemies":"Gremlin Nob","floor":7,"turns":4},{"damage":14,"enemies":"Exordium Wildlife","floor":11,"turns":6},{"damage":5,"enemies":"Blue Slaver","floor":12,"turns":2},{"damage":27,"enemies":"Large Slime","floor":13,"turns":10},{"damage":12,"enemies":"Lots of Slimes","floor":14,"turns":3},{"damage":17,"enemies":"The Guardian","floor":16,"turns":14},{"damage":40,"enemies":"2 Thieves","floor":18,"turns":5},{"damage":28,"enemies":"Shell Parasite","floor":19,"turns":9},{"damage":22,"enemies":"Gremlin Leader","floor":23,"turns":8},{"damage":22,"enemies":"Centurion and Healer","floor":25,"turns":7},{"damage":15,"enemies":"Cultist and Chosen","floor":29,"turns":5},{"damage":36,"enemies":"3 Cultists","floor":31,"turns":7},{"damage":119,"enemies":"Automaton","floor":33,"turns":12}],"seed_played":"-903429336744820907","potions_obtained":[{"floor":7,"key":"Ancient Potion"},{"floor":12,"key":"LiquidMemories"},{"floor":13,"key":"SteroidPotion"},{"floor":18,"key":"BlessingOfTheForge"},{"floor":19,"key":"Strength Potion"},{"floor":29,"key":"LifebloodPotion"}],"is_trial":false,"path_per_floor":["M","M","$","?","M","R","E","R","T","R","M","M","M","M","R","B",null,"M","M","?","$","T","E","R","M","T","?","$","M","R","M","R","B"],"character_chosen":"SAIYAJIN","items_purchased":["Saiyan:ExpandingShockwave","relicPack:SpireResearchBook"],"campfire_rested":5,"item_purchase_floors":[3,21],"current_hp_per_floor":[61,61,61,61,61,61,35,35,35,53,48,43,24,13,33,38,100,60,32,32,32,32,13,43,23,23,23,23,11,43,9,42,0,0],"gold":200,"neow_bonus":"NOSTALGIA","is_daily":false,"chose_seed":false,"campfire_upgraded":2,"win_rate":0.0,"timestamp":1610997622,"path_taken":["M","M","?","?","M","R","E","R","T","R","M","M","?","M","R","BOSS","M","M","?","$","?","E","R","M","T","?","?","M","R","M","R","BOSS"],"items_purchased_type":["Card","Relic"],"build_version":"2020-12-22","purchased_purges":0,"victory":false,"max_hp_per_floor":[61,61,61,61,62,62,63,63,63,63,66,66,68,69,69,70,100,100,100,100,100,100,103,103,105,105,105,105,108,108,110,110,111,111],"card_choices":[{"not_picked":["Saiyan:KiExplosion","Saiyan:Reset"],"picked":"Saiyan:Flurry","floor":1},{"not_picked":["Saiyan:BigBangAttack","Saiyan:KameHameHa"],"picked":"Saiyan:Honing","floor":2},{"not_picked":["Saiyan:BigBangAttack","Saiyan:Kienzan"],"picked":"Saiyan:Quickening","floor":5},{"not_picked":["Saiyan:FingerParry","Saiyan:KameHameHa"],"picked":"Saiyan:SenzuBean","floor":7},{"not_picked":["Saiyan:TurtleShell","Saiyan:ExpandingShockwave"],"picked":"Saiyan:Furor","floor":11},{"not_picked":["Saiyan:TurtleShell","Saiyan:BigBangAttack"],"picked":"Saiyan:SaiyanHubris","floor":12},{"not_picked":["Saiyan:BigBangAttack","Saiyan:Teleport"],"picked":"Saiyan:DoubleMasenko","floor":13},{"not_picked":["Saiyan:Quickening","Saiyan:ExpandingShockwave"],"picked":"Saiyan:PowerUp","floor":14},{"not_picked":["Saiyan:GhostAttack","Saiyan:GenkiDama"],"picked":"Saiyan:SolarFlare","floor":16},{"not_picked":["Saiyan:SpiritSword","Saiyan:Planning"],"picked":"Saiyan:Flurry","floor":18},{"not_picked":["Saiyan:SaiyanHubris","Saiyan:DragonFist"],"picked":"Saiyan:Planning","floor":19},{"not_picked":["Saiyan:KameHameHa+1","Saiyan:DragonFist"],"picked":"Saiyan:DoubleMasenko","floor":23},{"not_picked":["Saiyan:Teleport","Saiyan:TransfigurationBeam"],"picked":"Saiyan:PressOn","floor":25},{"not_picked":["Saiyan:ExpandingShockwave+1","Saiyan:BigBangAttack"],"picked":"Saiyan:UltraInstinct","floor":29},{"not_picked":["Saiyan:BackAttack+1","Saiyan:FinalFlash"],"picked":"Saiyan:TurtleShell","floor":31}],"player_experience":397620,"relics_obtained":[{"floor":7,"key":"vexMod:ScavengeHelm"},{"floor":9,"key":"hubris:BundleOfHerbs"},{"floor":11,"key":"vexMod:BarristanHead"},{"floor":13,"key":"infinitespire:Beetle Shell"},{"floor":22,"key":"hubris:BottledRain"},{"floor":23,"key":"TungstenRod"}],"event_choices":[{"damage_healed":0,"gold_gain":0,"player_choice":"Ignored","damage_taken":0,"max_hp_gain":0,"max_hp_loss":0,"event_name":"Transmorgrifier","floor":4,"gold_loss":0},{"damage_healed":0,"gold_gain":0,"player_choice":"1 cards matched","damage_taken":0,"max_hp_gain":0,"max_hp_loss":0,"event_name":"Match and Keep!","floor":20,"gold_loss":0,"cards_obtained":["relicPack:TruthCard"]}],"is_beta":false,"boss_relics":[{"not_picked":["vexMod:NewClearReactor","ReplayTheSpireMod:SealedPack"],"picked":"vexMod:BigBerry"}],"items_purged_floors":[],"is_endless":false,"potions_floor_spawned":[7,12,13,18,19,29],"killed_by":"Automaton","ascension_level":4}}