{"host":"SpaceMun","time":1610939195,"event":{"mods":["Act Like it!","Astrologer","Bard","BaseMod","Better Third Choice","Gremlin Mod","Hallownest","Hermit","Jorbs\u0027s Wanderer Trilogy","Minty Spire (QoL Compilation)","Relic Stats","Robot Space Explorer","Shop Mod","StSLib","The Animator","The Bug Knight","The Construct","The Forsaken","The Hierophant","The Runesmith","TheBandit","everything is the same but u backflip on backflip","slay the spire mod where everything is the same but ironclad has a cowboy hat"],"gold_per_floor":[111,111,121,134,134,134,173,188,188,188,211,211,236,15,15,139,139,155,155,170,170,170,170,181,181,181,215,229,229,258,272,272,272,272],"floor_reached":33,"language":"ENG","playtime":1903,"items_purged":["theForsaken:TheForsaken_Strike"],"score":287,"play_id":"0339938c-81a1-4c39-989c-06261e87900b","local_time":"20210118030635","is_ascension_mode":false,"campfire_choices":[{"data":"Magnetism","floor":6,"key":"SMITH"},{"data":"theForsaken:Prudence","floor":10,"key":"SMITH"},{"data":"theForsaken:WordsOfMight","floor":15,"key":"SMITH"},{"data":"theForsaken:Prudence","floor":23,"key":"SMITH"},{"data":"theForsaken:WordsOfMight","floor":25,"key":"SMITH"},{"data":"theForsaken:WordsOfMight","floor":29,"key":"SMITH"},{"floor":32,"key":"REST"}],"circlet_count":0,"master_deck":["theForsaken:TheForsaken_Strike","theForsaken:TheForsaken_Strike","theForsaken:TheForsaken_Defend","theForsaken:TheForsaken_Defend","theForsaken:TheForsaken_Defend","theForsaken:TheForsaken_Defend","theForsaken:Smite","theForsaken:Penitence","theForsaken:WordsOfMight+1","theForsaken:PreciseStrike","theForsaken:NobleSacrifice","theForsaken:Prudence+1","theForsaken:FatRoll","theForsaken:WordsOfMight+1","theForsaken:FatRoll","theForsaken:Prudence+1","theForsaken:WordsOfMight+1"],"relics":["theForsaken:JudgementScales","Bloody Idol","Bag of Preparation","Darkstone Periapt","Lee\u0027s Waffle","Sozu","Dream Catcher","Unceasing Top","construct:BoolHorns"],"acts_visited":["Exordium","TheCity"],"potions_floor_usage":[8],"damage_taken":[{"damage":0,"enemies":"Cultist","floor":1,"turns":4},{"damage":2,"enemies":"2 Louse","floor":3,"turns":5},{"damage":3,"enemies":"Small Slimes","floor":4,"turns":4},{"damage":20,"enemies":"HollowMod:MossKnight","floor":7,"turns":14},{"damage":12,"enemies":"Gremlin Gang","floor":8,"turns":4},{"damage":4,"enemies":"Large Slime","floor":11,"turns":9},{"damage":3,"enemies":"3 Louse","floor":13,"turns":5},{"damage":30,"enemies":"Slime Boss","floor":16,"turns":17},{"damage":0,"enemies":"Spheric Guardian","floor":18,"turns":6},{"damage":0,"enemies":"Chosen","floor":20,"turns":5},{"damage":17,"enemies":"Centurion and Healer","floor":24,"turns":8},{"damage":59,"enemies":"Gremlin Leader","floor":27,"turns":13},{"damage":4,"enemies":"Shelled Parasite and Fungi","floor":28,"turns":9},{"damage":18,"enemies":"Book of Stabbing","floor":30,"turns":9},{"damage":7,"enemies":"Sentry and Sphere","floor":31,"turns":9},{"damage":94,"enemies":"Champ","floor":33,"turns":15}],"seed_played":"3681023569039471191","potions_obtained":[{"floor":4,"key":"Energy Potion"},{"floor":7,"key":"SneckoOil"},{"floor":16,"key":"Swift Potion"}],"is_trial":false,"path_per_floor":["M","?","M","M","?","R","E","M","T","R","M","?","M","$","R","B",null,"M","?","M","?","?","R","M","R","T","E","M","R","E","M","R","B"],"character_chosen":"THE_FORSAKEN","items_purchased":["Lee\u0027s Waffle"],"campfire_rested":1,"item_purchase_floors":[14],"current_hp_per_floor":[50,43,44,43,43,43,38,28,28,28,27,27,31,67,67,49,67,67,67,67,67,67,67,67,67,67,25,38,38,28,29,49,0,0],"gold":272,"neow_bonus":"RANDOM_COLORLESS_2","is_daily":false,"chose_seed":false,"campfire_upgraded":6,"win_rate":0.0,"timestamp":1610939195,"path_taken":["M","?","M","M","?","R","E","M","T","R","M","?","?","$","R","BOSS","M","?","M","?","?","R","M","R","T","E","M","R","E","?","R","BOSS"],"items_purchased_type":["Relic"],"build_version":"2020-12-18","purchased_purges":1,"victory":false,"max_hp_per_floor":[65,65,65,65,60,60,60,60,60,60,60,60,60,67,67,67,67,67,67,67,67,67,67,67,67,67,67,67,67,67,67,67,67,67],"relic_stats":{"Darkstone Periapt":0,"Sozu":7,"Lee\u0027s Waffle":36,"Dream Catcher":1,"counters":[16,136],"Bloody Idol":25,"Bag of Preparation":[24],"obtain_stats":[{"Darkstone Periapt":9,"Sozu":17,"construct:BoolHorns":30,"Lee\u0027s Waffle":14,"Dream Catcher":26,"Golden Idol":5,"Bloody Idol":21,"Bag of Preparation":7,"theForsaken:JudgementScales":0,"Unceasing Top":27},{"Darkstone Periapt":5,"Sozu":8,"construct:BoolHorns":14,"Lee\u0027s Waffle":7,"Dream Catcher":11,"Golden Idol":3,"Bloody Idol":10,"Bag of Preparation":4,"theForsaken:JudgementScales":0,"Unceasing Top":12},{"Darkstone Periapt":31,"Sozu":62,"construct:BoolHorns":112,"Lee\u0027s Waffle":45,"Dream Catcher":81,"Golden Idol":13,"Bloody Idol":73,"Bag of Preparation":27,"theForsaken:JudgementScales":0,"Unceasing Top":94}],"Unceasing Top":[0]},"card_choices":[{"not_picked":["Secret Technique","The Bomb"],"picked":"Magnetism","floor":0},{"not_picked":["theForsaken:ShieldCharge","theForsaken:StoreUp"],"picked":"theForsaken:WordsOfMight","floor":1},{"not_picked":["theForsaken:FuryStrikes","theForsaken:Riposte"],"picked":"theForsaken:PreciseStrike","floor":3},{"not_picked":["theForsaken:Preservation","theForsaken:HorrifyingStrike"],"picked":"theForsaken:NobleSacrifice","floor":4},{"not_picked":["theForsaken:WordOfPower","theForsaken:BlightOfFamine"],"picked":"theForsaken:Prudence","floor":7},{"not_picked":["theForsaken:HealingLight","theForsaken:WordsOfPestilence"],"picked":"theForsaken:FatRoll","floor":8},{"not_picked":["theForsaken:QuickAttack","theForsaken:WardingHymn"],"picked":"theForsaken:WordsOfMight","floor":11},{"not_picked":["theForsaken:Parry","theForsaken:PowerUp"],"picked":"theForsaken:FatRoll","floor":13},{"not_picked":["theForsaken:Temperance","theForsaken:Confusion"],"picked":"theForsaken:Prudence","floor":16},{"not_picked":["theForsaken:FatRoll+1","theForsaken:CreepingInfection","theForsaken:StoreUp+1"],"picked":"SKIP","floor":18},{"not_picked":["theForsaken:Parry","theForsaken:HymnOfPatience"],"picked":"theForsaken:WordsOfMight","floor":20},{"not_picked":["theForsaken:SolarFlare","theForsaken:HymnOfPatience","theForsaken:Tranquility"],"picked":"SKIP","floor":24},{"not_picked":["theForsaken:HymnOfPatience+1","theForsaken:AncientWords","theForsaken:HorrifyingStrike"],"picked":"SKIP","floor":27},{"not_picked":["theForsaken:Devotion","theForsaken:FatRoll+1","theForsaken:StoreUp"],"picked":"SKIP","floor":28},{"not_picked":["theForsaken:PreciseStrike","theForsaken:Enfeeble+1","theForsaken:DesperatePlea"],"picked":"SKIP","floor":30},{"not_picked":["theForsaken:NobleSacrifice+1","theForsaken:WardingHymn+1","theForsaken:Devotion"],"picked":"SKIP","floor":31}],"player_experience":209511,"relics_obtained":[{"floor":7,"key":"Bag of Preparation"},{"floor":9,"key":"Darkstone Periapt"},{"floor":26,"key":"Dream Catcher"},{"floor":27,"key":"Unceasing Top"},{"floor":30,"key":"construct:BoolHorns"}],"event_choices":[{"cards_removed":["theForsaken:TheForsaken_Strike"],"damage_healed":0,"gold_gain":0,"player_choice":"Card Removal","damage_taken":7,"max_hp_gain":0,"max_hp_loss":0,"event_name":"Golden Wing","floor":2,"gold_loss":0},{"damage_healed":0,"gold_gain":0,"player_choice":"Lose Max HP","damage_taken":0,"relics_obtained":["Golden Idol"],"max_hp_gain":0,"max_hp_loss":5,"event_name":"Golden Idol","floor":5,"gold_loss":0},{"cards_removed":["Magnetism"],"damage_healed":0,"gold_gain":0,"player_choice":"Purged","damage_taken":0,"max_hp_gain":0,"max_hp_loss":0,"event_name":"Purifier","floor":12,"gold_loss":0},{"damage_healed":0,"gold_gain":0,"player_choice":"Ignored","damage_taken":0,"max_hp_gain":0,"max_hp_loss":0,"event_name":"Ghosts","floor":19,"gold_loss":0},{"damage_healed":0,"gold_gain":0,"player_choice":"Gave Idol","damage_taken":0,"relics_obtained":["Bloody Idol"],"max_hp_gain":0,"max_hp_loss":0,"event_name":"Forgotten Altar","floor":21,"relics_lost":["Golden Idol"],"gold_loss":0},{"damage_healed":0,"gold_gain":0,"player_choice":"Got Potions","damage_taken":0,"max_hp_gain":0,"max_hp_loss":0,"event_name":"Lab","floor":22,"gold_loss":0}],"is_beta":true,"boss_relics":[{"not_picked":["construct:ClawGrip","Calling Bell"],"picked":"Sozu"}],"items_purged_floors":[14],"is_endless":false,"potions_floor_spawned":[4,7,16,20,27,30,31],"killed_by":"Champ","ascension_level":0}}