{"host":"sc0o2qwpf9j16a4i","time":1610982959,"event":{"mods":["AchievementEnabler","BaseMod","BetterRewards","Block Reminder","Colored Map","Colored Powertips","Custom Start","Highlight Path","Minty Spire (QoL Compilation)","Relic Stats"],"gold_per_floor":[110,66,66,85,85,85,114,114,162,185,211,52,89,106,106,189,189,210,237,264,17,41,41,66,66,66,66,87,44,44,70,70,156,156,175,196,14,23,37,37,37],"floor_reached":40,"language":"ENG","playtime":1177,"items_purged":["Strike_B"],"score":1447,"play_id":"c8fd7163-a09e-4242-8c01-2cecd65f2393","local_time":"20210118171559","is_ascension_mode":true,"campfire_choices":[{"floor":6,"key":"REST"},{"floor":15,"key":"REST"},{"data":"Defragment","floor":23,"key":"SMITH"},{"data":"Defragment","floor":25,"key":"SMITH"},{"floor":30,"key":"REST"},{"floor":32,"key":"REST"}],"circlet_count":0,"master_deck":["AscendersBane","Strike_B","Strike_B+1","Strike_B","Defend_B","Defend_B","Defend_B","Defend_B","Zap","Dualcast","Defragment+1","Cold Snap+1","Steam+1","FTL","Doom and Gloom","Darkness+1","Ball Lightning","Lockon","Buffer","Defragment+1","Echo Form","Echo Form","Coolheaded+1","Conserve Battery+1","Ghostly+1","Ghostly+1","Ghostly+1","Panacea+1","Capacitor","Defragment","Coolheaded+1","Stack+1","Biased Cognition","Consume+1","Coolheaded+1","Hologram+1","Good Instincts+1"],"relics":["Cracked Core","Toxic Egg 2","Question Card","Whetstone","Gremlin Horn","CeramicFish","DollysMirror","Lantern","Sozu","OrangePellets","Singing Bowl","Cables","Inserter","Membership Card"],"acts_visited":["Exordium","TheCity","TheBeyond"],"potions_floor_usage":[7,10,13,13,14,27,27],"damage_taken":[{"damage":0,"enemies":"Small Slimes","floor":1,"turns":3},{"damage":0,"enemies":"Jaw Worm","floor":4,"turns":3},{"damage":2,"enemies":"Lagavulin","floor":7,"turns":6},{"damage":0,"enemies":"2 Louse","floor":10,"turns":1},{"damage":9,"enemies":"Looter","floor":11,"turns":2},{"damage":13,"enemies":"3 Sentries","floor":13,"turns":5},{"damage":0,"enemies":"Exordium Wildlife","floor":14,"turns":3},{"damage":0,"enemies":"Slime Boss","floor":16,"turns":8},{"damage":27,"enemies":"Shell Parasite","floor":18,"turns":5},{"damage":0,"enemies":"Spheric Guardian","floor":19,"turns":5},{"damage":9,"enemies":"Snake Plant","floor":22,"turns":6},{"damage":3,"enemies":"Book of Stabbing","floor":24,"turns":7},{"damage":7,"enemies":"Gremlin Leader","floor":27,"turns":4},{"damage":13,"enemies":"Cultist and Chosen","floor":28,"turns":5},{"damage":7,"enemies":"Centurion and Healer","floor":31,"turns":6},{"damage":0,"enemies":"Champ","floor":33,"turns":13},{"damage":18,"enemies":"3 Shapes","floor":35,"turns":5},{"damage":17,"enemies":"3 Darklings","floor":36,"turns":5},{"damage":0,"enemies":"Transient","floor":39,"turns":6},{"damage":11,"enemies":"Giant Head","floor":40,"turns":4}],"seed_played":"5589824409693841453","potions_obtained":[{"floor":1,"key":"LiquidMemories"},{"floor":11,"key":"EntropicBrew"},{"floor":13,"key":"SkillPotion"},{"floor":16,"key":"AttackPotion"}],"is_trial":false,"path_per_floor":["M","$","?","M","?","R","E","T","T","M","M","$","E","M","R","B",null,"M","M","?","$","M","R","E","R","T","E","M","$","R","M","R","B",null,"M","M","$","?","M","E"],"character_chosen":"DEFECT","items_purchased":["Defragment","Toxic Egg 2","Cold Snap","FocusPotion","Steam+1","Doom and Gloom","DollysMirror","OrangePellets","Panacea+1","Coolheaded+1","Membership Card","Hologram+1"],"campfire_rested":4,"item_purchase_floors":[0,0,0,0,0,2,12,21,21,29,37,37],"current_hp_per_floor":[44,44,49,49,38,60,58,58,58,58,49,49,36,36,58,58,72,45,45,38,38,29,29,28,28,28,21,8,8,20,13,25,25,36,18,1,1,1,3,0,0],"gold":37,"neow_bonus":"","is_daily":false,"chose_seed":false,"campfire_upgraded":2,"win_rate":0.0,"timestamp":1610982959,"path_taken":["M","$","?","M","?","R","E","?","T","M","M","$","E","M","R","BOSS","M","M","?","$","M","R","E","R","T","E","M","$","R","M","R","BOSS","M","M","$","?","M","E"],"items_purchased_type":["Card","Relic","Card","Potion","Card","Card","Relic","Relic","Card","Card","Relic","Card"],"build_version":"2020-12-22","purchased_purges":1,"victory":false,"max_hp_per_floor":[71,71,76,76,76,76,76,76,76,76,76,76,76,76,76,76,76,76,76,38,38,38,38,40,40,40,40,40,40,40,40,40,40,40,40,40,40,40,42,42,42],"relic_stats":{"Sozu":6,"OrangePellets":[7],"Inserter":[10],"Gremlin Horn":[14,14],"Singing Bowl":4,"counters":[110,509],"CeramicFish":180,"Whetstone":["Cold Snap","Strike_B"],"Question Card":17,"obtain_stats":[{"Ice Cream":0,"Calipers":0,"Gremlin Horn":9,"CeramicFish":9,"Ginger":11,"Whetstone":7,"Old Coin":14,"Sozu":17,"DollysMirror":12,"MealTicket":11,"Philosopher\u0027s Stone":17,"Kunai":24,"Toxic Egg 2":0,"Pear":9,"Happy Flower":13,"Astrolabe":17,"Pen Nib":19,"Letter Opener":0,"Question Card":20,"Cables":9,"WarpedTongs":21,"Du-Vu Doll":7,"OrangePellets":0,"SlaversCollar":17,"Shuriken":0,"Bronze Scales":7,"Snecko Eye":17,"Symbiotic Virus":9,"StrikeDummy":9,"Pocketwatch":12,"Darkstone Periapt":7,"Lantern":0,"Regal Pillow":0,"Singing Bowl":24,"Juzu Bracelet":26,"Smiling Mask":10,"Matryoshka":6,"Gambling Chip":0,"Cracked Core":0,"Inserter":34,"Golden Idol":10,"PreservedInsect":13,"Omamori":7,"Orichalcum":19,"Frozen Egg 2":0,"Anchor":12,"Busted Crown":17,"Ornamental Fan":9,"Orrery":20,"Turnip":14,"Art of War":12,"Membership Card":0,"FossilizedHelix":0,"Toy Ornithopter":0},{"Ice Cream":0,"Calipers":80,"Gremlin Horn":38,"CeramicFish":19,"Ginger":27,"Whetstone":93,"Old Coin":21,"Sozu":9,"DollysMirror":95,"MealTicket":7,"Philosopher\u0027s Stone":30,"Kunai":13,"Toxic Egg 2":90,"Pear":71,"Happy Flower":87,"Astrolabe":22,"Pen Nib":63,"Letter Opener":34,"Question Card":32,"Cables":6,"WarpedTongs":64,"Du-Vu Doll":71,"OrangePellets":34,"SlaversCollar":62,"Shuriken":46,"Bronze Scales":19,"Snecko Eye":88,"Symbiotic Virus":58,"StrikeDummy":85,"Pocketwatch":60,"Darkstone Periapt":38,"Lantern":15,"Regal Pillow":15,"Singing Bowl":102,"Juzu Bracelet":14,"Smiling Mask":59,"Matryoshka":50,"Gambling Chip":24,"Cracked Core":0,"Inserter":106,"Golden Idol":26,"PreservedInsect":73,"Omamori":5,"Orichalcum":43,"Frozen Egg 2":46,"Anchor":73,"Busted Crown":75,"Ornamental Fan":51,"Orrery":89,"Turnip":61,"Art of War":20,"Membership Card":24,"FossilizedHelix":24,"Toy Ornithopter":54},{"Ice Cream":0,"Calipers":360,"Gremlin Horn":171,"CeramicFish":83,"Ginger":117,"Whetstone":419,"Old Coin":91,"Sozu":36,"DollysMirror":422,"MealTicket":26,"Philosopher\u0027s Stone":134,"Kunai":59,"Toxic Egg 2":407,"Pear":319,"Happy Flower":389,"Astrolabe":98,"Pen Nib":285,"Letter Opener":154,"Question Card":144,"Cables":21,"WarpedTongs":288,"Du-Vu Doll":319,"OrangePellets":154,"SlaversCollar":281,"Shuriken":214,"Bronze Scales":83,"Snecko Eye":397,"Symbiotic Virus":257,"StrikeDummy":380,"Pocketwatch":266,"Darkstone Periapt":171,"Lantern":67,"Regal Pillow":67,"Singing Bowl":461,"Juzu Bracelet":66,"Smiling Mask":262,"Matryoshka":228,"Gambling Chip":102,"Cracked Core":0,"Inserter":489,"Golden Idol":109,"PreservedInsect":327,"Omamori":19,"Orichalcum":200,"Frozen Egg 2":214,"Anchor":327,"Busted Crown":335,"Ornamental Fan":231,"Orrery":401,"Turnip":271,"Art of War":86,"Membership Card":102,"FossilizedHelix":102,"Toy Ornithopter":243}],"Cables":[45,25,10,10,0]},"card_choices":[{"not_picked":["Chaos+1","Conserve Battery+1"],"picked":"FTL","floor":1},{"not_picked":["Self Repair","Conserve Battery+1"],"picked":"Darkness+1","floor":4},{"not_picked":["Blizzard","Coolheaded+1","Compile Driver"],"picked":"Ball Lightning","floor":7},{"not_picked":["Go for the Eyes","Rip and Tear","Stack+1"],"picked":"Lockon","floor":10},{"not_picked":["Turbo+1","Cold Snap","Steam+1"],"picked":"Buffer","floor":11},{"not_picked":["Stack+1","Fusion+1","Self Repair"],"picked":"Echo Form","floor":13},{"not_picked":["Ball Lightning","Rebound","Tempest+1","Consume+1"],"picked":"SKIP","floor":14},{"not_picked":["Fission+1","Hyperbeam","Machine Learning"],"picked":"Echo Form","floor":16},{"not_picked":["BootSequence+1","Recycle+1","Rebound"],"picked":"Coolheaded+1","floor":18},{"not_picked":["Beam Cell","Gash","Compile Driver"],"picked":"Conserve Battery+1","floor":19},{"not_picked":["Go for the Eyes+1","Multi-Cast+1","Rebound"],"picked":"Capacitor","floor":22},{"not_picked":["Steam Power+1","Darkness+1","Aggregate+1","Steam+1"],"picked":"Singing Bowl","floor":24},{"not_picked":["Go for the Eyes","Ball Lightning","Beam Cell"],"picked":"Defragment","floor":28},{"not_picked":["Hello World","Melter","Redo+1"],"picked":"Stack+1","floor":31},{"not_picked":["Buffer","Reboot+1","Multi-Cast+1"],"picked":"Biased Cognition","floor":33},{"not_picked":["Recycle+1","Leap+1","Blizzard"],"picked":"Consume+1","floor":35},{"not_picked":["Force Field+1","Chill+1","Redo+1"],"picked":"Coolheaded+1","floor":36},{"not_picked":["Impatience+1","Deep Breath+1","Trip+1"],"picked":"Good Instincts+1","floor":38},{"not_picked":["Static Discharge","Darkness+1","Barrage","Compile Driver+1"],"picked":"Singing Bowl","floor":39}],"player_experience":721646,"relics_obtained":[{"floor":7,"key":"Whetstone"},{"floor":8,"key":"Gremlin Horn"},{"floor":9,"key":"CeramicFish"},{"floor":13,"key":"Lantern"},{"floor":24,"key":"Singing Bowl"},{"floor":26,"key":"Cables"}],"event_choices":[{"damage_healed":0,"gold_gain":0,"player_choice":"Donut","damage_taken":0,"max_hp_gain":5,"max_hp_loss":0,"event_name":"Big Fish","floor":3,"gold_loss":0},{"damage_healed":0,"gold_gain":0,"player_choice":"Success","damage_taken":11,"relics_obtained":["Question Card"],"max_hp_gain":0,"max_hp_loss":0,"event_name":"Scrap Ooze","floor":5,"gold_loss":0},{"damage_healed":0,"gold_gain":0,"player_choice":"Became a Ghost","damage_taken":0,"max_hp_gain":0,"max_hp_loss":38,"event_name":"Ghosts","floor":20,"gold_loss":0,"cards_obtained":["Ghostly","Ghostly","Ghostly"]},{"damage_healed":0,"gold_gain":0,"player_choice":"Memory 1","damage_taken":0,"max_hp_gain":0,"max_hp_loss":0,"event_name":"SensoryStone","floor":38,"gold_loss":0}],"is_beta":false,"boss_relics":[{"not_picked":["Runic Dome","SlaversCollar"],"picked":"Sozu"},{"not_picked":["Tiny House","FrozenCore"],"picked":"Inserter"}],"items_purged_floors":[0],"is_endless":false,"potions_floor_spawned":[1,4,11,13,16,19,24,31,33,36,39],"killed_by":"Giant Head","ascension_level":20}}