{"host":"bfxnw9us3ok3sr4c","time":1610934843,"event":{"mods":["Act Like it!","BaseMod","BetterRewards","Colored Map","Colored Powertips","Downfall","Hallownest","Hubris","Infinite Spire","Minty Spire (QoL Compilation)","StSLib","The Cursed"],"gold_per_floor":[99,113,1003,2222,2222,2122,2169,2199,561,2222,2222,2022,1652,1687,1697,1796,1846,1846,1857,1873,1873,1865,1865,1941,1956,2034,2055,2083,2183,1737,1772,1785,1884,1884,1884,1912,1922,1424,1452,1490,1490,1490,1517,1547,1547,1565,1327,1354,1372,1372,1372,1407,949,949,949,949],"floor_reached":57,"language":"ENG","playtime":7796,"items_purged":["hexamod:Defend","hexamod:Rewind","hexamod:FourthSeal"],"score":1565,"play_id":"8156b8d9-3d0d-4a4b-96f4-0dd1399525cb","local_time":"20210118045403","is_ascension_mode":false,"campfire_choices":[{"floor":1,"key":"RECALL"},{"data":"hexamod:ForkedFlame","floor":6,"key":"SMITH"},{"data":"expansioncontent:StudyTheSpire","floor":12,"key":"SMITH"},{"data":"expansioncontent:DashGenerateEvil","floor":18,"key":"SMITH"},{"data":"hexamod:GhostOfSpirePresent","floor":35,"key":"SMITH"},{"floor":42,"key":"REST"},{"floor":45,"key":"REST"},{"floor":54,"key":"REST"}],"circlet_count":0,"master_deck":["hexamod:GhostflameBarrier+1","hexamod:StepThrough+1","expansioncontent:DashGenerateEvil+1","hexamod:ForkedFlame+1","hexamod:RainOfEmbers+1","hexamod:PhantomCloak+1","infinitespire:FinalStrike+1","hexamod:SkipABeat+1","Panacea+1","hexamod:DynamicBlow+1","hexamod:SearingWound+1","hexamod:Firestarter+1","hexamod:Haunt+1","expansioncontent:StudyTheSpire+1","hexamod:FifthSeal","hexamod:EtherealExpedition+1","hexamod:ThermalTransfer+1","hexamod:NecessarySacrifice+1","hexamod:EmpoweredFlame+1","hexamod:SixthSeal","hexamod:FastForward+1","hexamod:BurningTouch+1","hexamod:TimeOfNeed+1","hexamod:SpectersWail+1","hexamod:AdvancingGuard+1","hexamod:HeatShield+1","hexamod:CouncilsJustice+1","hexamod:CouncilsJustice+1","hexamod:CouncilsJustice+1","Ghostly+1","Ghostly+1","Ghostly+1","hexamod:FirstSeal","hexamod:SecondSeal","hexamod:FourthSeal","hexamod:ThirdSeal","hexamod:SixthSeal","hexamod:ShieldOfDarkness+1","hexamod:RadiantFlame+1","hexamod:SixthSeal","hexamod:RecurringNightmare+1","hexamod:SwordOfDarkness+1","hexamod:ParanormalForm+1","hexamod:Hexaguard+1","J.A.X.+1","hexamod:HeatCrush+1","hexamod:ChargedBarrage+1","hexamod:Incineration+1","hexamod:CatchUp+1","hexamod:GhostLash+1","hexamod:TimeWarp+1","hexamod:GhostOfSpirePresent+1","hexamod:GhostOfSpirePast+1","hexamod:SpectralAdrenaline+1","hexamod:TurnItUp+1","Finesse+1","hexamod:InspiringFlames+1","hexamod:GhostflameInferno+1","hexamod:HeatMetal+1","Metamorphosis+1"],"relics":["hexamod:SpiritBrand","Ancient Tea Set","Lantern","ClockworkSouvenir","downfall:HeartBlessingRed","hubris:GlazedTorus","Toxic Egg 2","Molten Egg 2","Cauldron","downfall:ShatteredFragment","downfall:HeartBlessingGreen","downfall:HeartBlessingBlue","Tiny Chest","hubris:HerbalPaste","infinitespire:PuzzleCube","hubris:CrystalStatue","Tiny House","HornCleat","infinitespire:CheckeredPen","MutagenicStrength","Pen Nib","OrangePellets","Strawberry","hubris:ScarierMask","infinitespire:WardingShard","Membership Card","hubris:SlimyHat","infinitespire:EmpoweringShard","Akabeko","Sundial","Happy Flower","Art of War","Centennial Puzzle","hubris:PeanutButter","infinitespire:FocusingShard","TheAbacus"],"acts_visited":["Exordium","TheCity","TheBeyond","TheEnding"],"potions_floor_usage":[9,9,16,16,16,16,16,29,29,31,31,33,33,39,40,40,40,40,40,44,44,50,56,56,56],"damage_taken":[{"damage":0,"enemies":"Jaw Worm","floor":2,"turns":3},{"damage":0,"enemies":"downfall:FleeingMerchant","floor":3,"turns":4},{"damage":0,"enemies":"3 Sentries","floor":8,"turns":2},{"damage":0,"enemies":"downfall:FleeingMerchant","floor":9,"turns":4},{"damage":0,"enemies":"Small Slimes","floor":10,"turns":2},{"damage":0,"enemies":"downfall:FleeingMerchant","floor":13,"turns":1},{"damage":0,"enemies":"Lagavulin","floor":14,"turns":3},{"damage":0,"enemies":"Cultist","floor":15,"turns":2},{"damage":4,"enemies":"WA_ARCHETYPE_RETAIN","floor":16,"turns":2},{"damage":1,"enemies":"Shell Parasite","floor":19,"turns":2},{"damage":0,"enemies":"Chosen","floor":20,"turns":2},{"damage":0,"enemies":"Shelled Parasite and Fungi","floor":25,"turns":3},{"damage":0,"enemies":"3 Cultists","floor":27,"turns":4},{"damage":0,"enemies":"Chosen and Byrds","floor":28,"turns":3},{"damage":0,"enemies":"downfall:Augmenter","floor":29,"turns":3},{"damage":0,"enemies":"Gremlin Leader","floor":31,"turns":2},{"damage":0,"enemies":"Snake Plant","floor":32,"turns":1},{"damage":10,"enemies":"IC_MUSHROOM_ARCHETYPE","floor":33,"turns":5},{"damage":0,"enemies":"3 Darklings","floor":36,"turns":2},{"damage":0,"enemies":"3 Shapes","floor":37,"turns":2},{"damage":0,"enemies":"Sphere and 2 Shapes","floor":39,"turns":1},{"damage":0,"enemies":"Giant Head","floor":40,"turns":4},{"damage":1,"enemies":"Transient","floor":43,"turns":5},{"damage":0,"enemies":"Reptomancer","floor":44,"turns":3},{"damage":0,"enemies":"Jaw Worm Horde","floor":46,"turns":1},{"damage":0,"enemies":"Writhing Mass","floor":49,"turns":2},{"damage":0,"enemies":"SI_POISON_ARCHETYPE","floor":50,"turns":4},{"damage":3,"enemies":"downfall:CharBossMerchant","floor":52,"turns":4},{"damage":0,"enemies":"downfall:NeowBoss","floor":55,"turns":9},{"damage":0,"enemies":"downfall:NeowBossFinal","floor":56,"turns":3}],"seed_played":"-7313635986085030613","potions_obtained":[{"floor":9,"key":"EntropicBrew"},{"floor":9,"key":"ColorlessPotion"},{"floor":15,"key":"Regen Potion"},{"floor":16,"key":"LiquidBronze"},{"floor":17,"key":"Regen Potion"},{"floor":20,"key":"SkillPotion"},{"floor":28,"key":"Fire Potion"},{"floor":29,"key":"Regen Potion"},{"floor":29,"key":"LiquidBronze"},{"floor":32,"key":"LiquidMemories"},{"floor":36,"key":"DistilledChaos"},{"floor":39,"key":"hexamod:InfernoChargePotion"},{"floor":43,"key":"hexamod:DoubleChargePotion"},{"floor":43,"key":"Dexterity Potion"},{"floor":44,"key":"Block Potion"},{"floor":46,"key":"DistilledChaos"},{"floor":46,"key":"champ:CounterPotion"},{"floor":52,"key":"Swift Potion"},{"floor":52,"key":"Ancient Potion"}],"is_trial":false,"path_per_floor":["R","M","$","?","?","R","T","E","$","M","?","R","$","E","M","B",null,"R","M","M","?","?","?","T","M","T","M","M","?","$","E","M","B",null,"R","M","M","$","M","E","T","R","M","E","R","M","$","?","M","B",null,"E","$","R","B","B",null],"character_chosen":"THE_SPIRIT","items_purchased":["Ancient Tea Set","Lantern","ClockworkSouvenir","expansioncontent:DashGenerateEvil","hexamod:ForkedFlame","hexamod:RainOfEmbers","hexamod:Rewind","hexamod:ShieldOfDarkness","hexamod:PhantomCloak","bronze:BurnAndBuffPotion","ColorlessPotion","LiquidBronze","Toxic Egg 2","Molten Egg 2","Panacea+1","hexamod:DynamicBlow+1","hexamod:SearingWound+1","hexamod:Firestarter+1","Cauldron","infinitespire:BlackPotion","hexamod:Haunt+1","expansioncontent:StudyTheSpire","hexamod:FifthSeal","Tiny Chest","hubris:HerbalPaste","infinitespire:PuzzleCube","hexamod:HeatMetal+1","hexamod:NecessarySacrifice+1","hexamod:EmpoweredFlame","Pen Nib","OrangePellets","hexamod:Incineration+1","infinitespire:WardingShard","Membership Card","EntropicBrew","LiquidBronze","Sundial","Happy Flower","Finesse+1","hubris:PeanutButter","infinitespire:FocusingShard","TheAbacus","hexamod:HeatMetal+1","Metamorphosis+1"],"campfire_rested":3,"item_purchase_floors":[3,3,3,3,3,3,3,3,3,3,3,3,9,9,9,9,9,9,9,9,9,9,9,13,13,13,13,13,13,30,30,30,38,38,38,38,47,47,47,53,53,53,53,53],"current_hp_per_floor":[77,77,77,77,77,77,77,77,77,77,56,66,66,71,74,78,92,92,91,92,92,85,85,85,92,92,92,92,92,92,99,99,92,99,99,99,99,99,99,99,99,99,99,99,99,99,99,99,99,99,99,99,99,99,99,99],"gold":949,"neow_bonus":"TEN_PERCENT_HP_BONUS","is_daily":false,"chose_seed":false,"campfire_upgraded":4,"win_rate":0.0,"timestamp":1610934843,"path_taken":["R","M","$","?","?","R","T","E","?","M","?","R","$","E","M","BOSS","R","M","M","?","?","?","T","M","?","?","M","?","$","E","M","BOSS","R","M","M","$","M","E","T","R","M","E","R","M","$","?","M","BOSS","E","$","R","BOSS","BOSS"],"items_purchased_type":["Relic","Relic","Relic","Card","Card","Card","Card","Card","Card","Potion","Potion","Potion","Relic","Relic","Card","Card","Card","Card","Relic","Potion","Card","Card","Card","Relic","Relic","Relic","Card","Card","Card","Relic","Relic","Card","Relic","Relic","Potion","Potion","Relic","Relic","Card","Relic","Relic","Relic","Card","Card"],"build_version":"2020-12-22","purchased_purges":3,"victory":true,"max_hp_per_floor":[77,77,77,77,77,77,77,77,77,77,77,87,87,87,87,87,92,92,92,92,92,92,92,92,92,92,92,92,92,92,99,99,99,99,99,99,99,99,99,99,99,99,99,99,99,99,99,99,99,99,99,99,99,99,99,99],"card_choices":[{"not_picked":["hexamod:NightmareStrike","hexamod:ShieldOfDarkness"],"picked":"hexamod:GhostflameBarrier","floor":2},{"not_picked":["hexamod:ShieldOfDarkness","hexamod:GhostShield"],"picked":"hexamod:StepThrough","floor":3},{"not_picked":["infinitespire:SealOfDarkness+","hubris:InfiniteBlow"],"picked":"infinitespire:FinalStrike","floor":4},{"not_picked":["hexamod:GhostShield","hexamod:NightmareStrike"],"picked":"hexamod:SkipABeat","floor":8},{"not_picked":["hexamod:SpectralAdrenaline","hexamod:Firestarter"],"picked":"hexamod:FourthSeal","floor":9},{"not_picked":["hexamod:NightmareGuise+1","hexamod:Firestarter+1"],"picked":"hexamod:EtherealExpedition+1","floor":10},{"not_picked":["hexamod:Again+1","hexamod:ExtraCrispy"],"picked":"hexamod:ThermalTransfer+1","floor":13},{"not_picked":["hexamod:SecondSeal","hexamod:FourthSeal"],"picked":"hexamod:SixthSeal","floor":14},{"not_picked":["hexamod:Again+1","hexamod:ThermalTransfer+1"],"picked":"hexamod:FastForward+1","floor":14},{"not_picked":["hexamod:GhostShield+1","hexamod:GhostOfSpireFuture"],"picked":"hexamod:BurningTouch+1","floor":15},{"not_picked":["hexamod:ForkedFlame+1","hexamod:GhostflameInferno+1"],"picked":"hexamod:TimeOfNeed+1","floor":16},{"not_picked":["hexamod:GhostLash+1","hexamod:BurningTouch+1"],"picked":"hexamod:SpectersWail+1","floor":17},{"not_picked":["hexamod:GhostflameBarrier+1","hexamod:BurningTouch+1"],"picked":"hexamod:AdvancingGuard+1","floor":19},{"not_picked":["hexamod:SpectersWail+1","hexamod:AdvancingGuard+1"],"picked":"hexamod:HeatShield+1","floor":20},{"not_picked":["hexamod:FourthSeal","hexamod:SecondSeal"],"picked":"hexamod:SixthSeal","floor":25},{"not_picked":["hexamod:StepThrough+1","hexamod:GhostShield+1"],"picked":"hexamod:ShieldOfDarkness+1","floor":25},{"not_picked":["hexamod:InspiringFlames+1","hexamod:AdvancingGuard+1"],"picked":"hexamod:RadiantFlame+1","floor":27},{"not_picked":["hexamod:ThirdSeal","hexamod:FirstSeal"],"picked":"hexamod:SixthSeal","floor":27},{"not_picked":["hexamod:BacktrackSmack+1","hexamod:Rewind+1"],"picked":"hexamod:RecurringNightmare+1","floor":27},{"not_picked":["hexamod:ThermalTransfer+1","hexamod:HeatShield+1"],"picked":"hexamod:SwordOfDarkness+1","floor":28},{"not_picked":[],"picked":"J.A.X.+1","floor":29},{"not_picked":["hexamod:RadiantFlame","hexamod:Hexaguard+1"],"picked":"hexamod:HeatCrush+1","floor":29},{"not_picked":["hexamod:SwordOfDarkness+1","hexamod:NightmareStrike+1"],"picked":"hexamod:ChargedBarrage+1","floor":29},{"not_picked":["hexamod:AdvancingGuard+1","hexamod:Incineration+1"],"picked":"hexamod:CatchUp+1","floor":31},{"not_picked":["hexamod:ThirdSeal","hexamod:Firestarter+1"],"picked":"hexamod:GhostLash+1","floor":32},{"not_picked":["hexamod:GhostflameInferno+1","hexamod:SearingWound+1"],"picked":"hexamod:TimeWarp+1","floor":33},{"not_picked":["hexamod:TimeWarp+1","hexamod:ForkedFlame+1"],"picked":"hexamod:GhostOfSpirePresent","floor":33},{"not_picked":["hexamod:Firestarter+1","hexamod:RadiantFlame","hexamod:Incineration+1"],"picked":"SKIP","floor":36},{"not_picked":["hexamod:CatchUp+1","hexamod:FastForward+1"],"picked":"hexamod:GhostOfSpirePast+1","floor":37},{"not_picked":["hexamod:SwordOfDarkness+1","hexamod:SkipABeat+1","hexamod:ShieldOfDarkness+1"],"picked":"SKIP","floor":39},{"not_picked":["hexamod:NightmareGuise+1","hexamod:SwordOfDarkness+1","hexamod:ChargedBarrage+1"],"picked":"SKIP","floor":40},{"not_picked":["hexamod:Hexaguard+1","hexamod:GhostLash+1"],"picked":"hexamod:SpectralAdrenaline+1","floor":43},{"not_picked":["hexamod:BurningTouch+1","hexamod:Hexaguard+1","hexamod:Firestarter+1"],"picked":"SKIP","floor":43},{"not_picked":["hexamod:NightmareGuise+1","hexamod:Hexaguard+1","hexamod:GhostLash+1"],"picked":"SKIP","floor":44},{"not_picked":["hexamod:SpectersWail+1","hexamod:GhostLash+1","hexamod:DynamicBlow+1"],"picked":"SKIP","floor":44},{"not_picked":["hexamod:GhostOfSpirePast+1","hexamod:Firestarter+1"],"picked":"hexamod:TurnItUp+1","floor":46},{"not_picked":["hexamod:FirstSeal","hexamod:ThirdSeal","hexamod:SecondSeal"],"picked":"SKIP","floor":49},{"not_picked":["hexamod:ChargedBarrage+1","hexamod:ThermalTransfer+1","hexamod:GhostShield+1"],"picked":"SKIP","floor":49},{"not_picked":["hexamod:CatchUp+1","hexamod:GhostLash+1"],"picked":"hexamod:InspiringFlames+1","floor":52},{"not_picked":["hexamod:Haunt+1","hexamod:AdvancingGuard+1"],"picked":"hexamod:GhostflameInferno+1","floor":52}],"player_experience":281988,"relics_obtained":[{"floor":8,"key":"hubris:GlazedTorus"},{"floor":14,"key":"hubris:CrystalStatue"},{"floor":24,"key":"HornCleat"},{"floor":26,"key":"infinitespire:CheckeredPen"},{"floor":29,"key":"MutagenicStrength"},{"floor":31,"key":"Strawberry"},{"floor":40,"key":"hubris:SlimyHat"},{"floor":41,"key":"infinitespire:EmpoweringShard"},{"floor":44,"key":"Akabeko"},{"floor":48,"key":"Art of War"},{"floor":52,"key":"Centennial Puzzle"}],"event_choices":[],"is_beta":false,"boss_relics":[{"not_picked":["infinitespire:Cupcake","Philosopher\u0027s Stone"],"picked":"Tiny House"},{"not_picked":["Calling Bell","hubris:RunicObelisk"],"picked":"hubris:ScarierMask"}],"items_purged_floors":[9,13,30],"is_endless":false,"potions_floor_spawned":[14,15,16,19,20,28,29,31,32,39,43,46,49,52],"ascension_level":0}}