{"host":"ln76an1o32p2wxtf","time":1610988541,"event":{"mods":["AchievementEnabler","Act Like it!","BaseMod","BetterRewards","Colored Powertips","Energized Spire","GifTheSpireLib","Infinite Spire","Minty Spire (QoL Compilation)","Shop Mod","StSLib"],"gold_per_floor":[110,110,110,35,55,55,84,84,84,118,136,165,185,198,198,298,298,317,333,351,79,97,125,125,136,136,136,168,183,202,237,237,237,237],"floor_reached":33,"language":"ENG","playtime":2004,"items_purged":["Defend_R","Defend_R"],"score":372,"play_id":"5513ded7-227d-47b6-9599-20b30902e618","local_time":"20210119004901","is_ascension_mode":true,"campfire_choices":[{"floor":6.0,"key":"RECALL"},{"data":"Battle Trance","floor":8.0,"key":"SMITH"},{"floor":15.0,"key":"REST"},{"data":"Double Tap","floor":24.0,"key":"SMITH"},{"floor":27.0,"key":"REST"},{"floor":32,"key":"REST"}],"circlet_count":0,"master_deck":["Strike_R","Strike_R","Strike_R","Strike_R","Defend_R","Defend_R","Bash","Battle Trance+1","Seeing Red","Flex","Thunderclap","Cleave","Impervious","Searing Blow","Double Tap+1","Rage","Pummel","Spot Weakness","Panache","Feed","Intimidate+1","Seeing Red+1"],"relics":["Cracked Core","NeowsBlessing","infinitespire:Cubic Diamond","infinitespire:FocusingShard","infinitespire:EmpoweringShard","infinitespire:CursedDice","Nunchaku","Sozu","Shuriken","Red Skull","infinitespire:Lucky Rock"],"acts_visited":["Exordium","TheCity"],"potions_floor_usage":[30],"damage_taken":[{"damage":0.0,"enemies":"2 Louse","floor":1.0,"turns":1.0},{"damage":0.0,"enemies":"Jaw Worm","floor":5.0,"turns":1.0},{"damage":0.0,"enemies":"Gremlin Nob","floor":7.0,"turns":1.0},{"damage":39.0,"enemies":"3 Sentries","floor":10.0,"turns":9.0},{"damage":0.0,"enemies":"Cultist","floor":11.0,"turns":2.0},{"damage":18.0,"enemies":"Lagavulin","floor":12.0,"turns":3.0},{"damage":8.0,"enemies":"Large Slime","floor":13.0,"turns":3.0},{"damage":0.0,"enemies":"3 Louse","floor":14.0,"turns":2.0},{"damage":13.0,"enemies":"Slime Boss","floor":16.0,"turns":8.0},{"damage":19.0,"enemies":"3 Byrds","floor":18.0,"turns":4.0},{"damage":0.0,"enemies":"Spheric Guardian","floor":19.0,"turns":3.0},{"damage":0.0,"enemies":"Centurion and Healer","floor":20.0,"turns":2.0},{"damage":20.0,"enemies":"Shelled Parasite and Fungi","floor":22.0,"turns":3.0},{"damage":9.0,"enemies":"Slavers","floor":23.0,"turns":3.0},{"damage":37.0,"enemies":"Snake Plant","floor":25.0,"turns":3.0},{"damage":19.0,"enemies":"Book of Stabbing","floor":28.0,"turns":4.0},{"damage":0.0,"enemies":"Cultist and Chosen","floor":29.0,"turns":3.0},{"damage":0,"enemies":"Snecko","floor":30,"turns":2},{"damage":15,"enemies":"Gremlin Leader","floor":31,"turns":4},{"damage":68,"enemies":"Automaton","floor":33,"turns":6}],"seed_played":"-5700041084305683600","potions_obtained":[{"floor":1.0,"key":"ColorlessPotion"},{"floor":5.0,"key":"SpeedPotion"},{"floor":14.0,"key":"SpeedPotion"},{"floor":16.0,"key":"SpeedPotion"}],"is_trial":false,"path_per_floor":["M","?","?","$","M","R","E","R","T","E","M","E","M","M","R","B",null,"M","M","M","$","M","E","R","M","T","R","E","M","M","E","R","B"],"character_chosen":"IRONCLAD","items_purchased":["Panache"],"campfire_rested":3,"item_purchase_floors":[21],"current_hp_per_floor":[80,80,80,80,80,80,80,80,80,41,41,23,15,15,39,26,80,61,61,61,61,41,32,32,33,33,57,38,41,41,29,55,0,0],"gold":237,"neow_bonus":"THREE_ENEMY_KILL","is_daily":false,"chose_seed":false,"campfire_upgraded":2,"win_rate":0.0,"timestamp":1610988541,"path_taken":["M","?","?","$","?","R","E","R","T","E","M","E","M","M","R","BOSS","M","M","M","$","M","E","R","M","T","R","E","M","M","E","R","BOSS"],"items_purchased_type":["Card"],"build_version":"2020-12-22","purchased_purges":2,"victory":false,"max_hp_per_floor":[80,80,80,80,80,80,80,80,80,80,80,80,80,80,80,80,80,80,80,80,80,80,80,80,83,83,83,83,86,86,89,89,89,89],"card_choices":[{"not_picked":["Flex","Warcry","Perfected Strike"],"picked":"SKIP","floor":1.0},{"not_picked":["Shockwave","Clash"],"picked":"Battle Trance","floor":5.0},{"not_picked":["Perfected Strike","Clothesline"],"picked":"Seeing Red","floor":7.0},{"not_picked":["Intimidate","Headbutt"],"picked":"Flex","floor":10.0},{"not_picked":["Anger","Clothesline"],"picked":"Thunderclap","floor":11.0},{"not_picked":["Flame Barrier","Blood for Blood"],"picked":"Cleave","floor":12.0},{"not_picked":["Havoc","Disarm"],"picked":"Impervious","floor":13.0},{"not_picked":["Body Slam","Havoc"],"picked":"Searing Blow","floor":14.0},{"not_picked":["Juggernaut","Berserk"],"picked":"Double Tap","floor":16.0},{"not_picked":["Anger","Wild Strike+1"],"picked":"Rage","floor":18.0},{"not_picked":["Headbutt+1","Fire Breathing"],"picked":"Pummel","floor":19.0},{"not_picked":["Iron Wave+1","Cleave"],"picked":"Spot Weakness","floor":20.0},{"not_picked":["Whirlwind+1","Thunderclap","Havoc"],"picked":"SKIP","floor":22.0},{"not_picked":["Intimidate","Headbutt+1"],"picked":"Feed","floor":23.0},{"not_picked":["Warcry","Combust+1"],"picked":"Intimidate+1","floor":25.0},{"not_picked":["Sword Boomerang+1","Anger","Pummel"],"picked":"SKIP","floor":28.0},{"not_picked":["infinitespire:OneForAll","Heavy Blade"],"picked":"Seeing Red+1","floor":29.0},{"not_picked":["Pommel Strike","Anger","Intimidate+1"],"picked":"SKIP","floor":30},{"not_picked":["Armaments","Rupture+1","Warcry+1"],"picked":"SKIP","floor":31}],"player_experience":730017,"relics_obtained":[{"floor":7.0,"key":"infinitespire:FocusingShard"},{"floor":9.0,"key":"infinitespire:EmpoweringShard"},{"floor":10.0,"key":"infinitespire:CursedDice"},{"floor":12.0,"key":"Nunchaku"},{"floor":23.0,"key":"Shuriken"},{"floor":28.0,"key":"Red Skull"},{"floor":31,"key":"infinitespire:Lucky Rock"}],"event_choices":[{"cards_removed":["Strike_R"],"damage_healed":0.0,"max_hp_gain":0.0,"max_hp_loss":0.0,"gold_gain":0.0,"event_name":"Wheel of Change","player_choice":"Card Removal","floor":3.0,"gold_loss":0.0,"damage_taken":0.0}],"is_beta":false,"boss_relics":[{"not_picked":["energizedSpire:HugeHouse","Runic Cube"],"picked":"Sozu"}],"items_purged_floors":[4,21],"is_endless":false,"potions_floor_spawned":[1,5,14,16,18,19,23,28,31],"killed_by":"Automaton","ascension_level":1}}