{"host":"k7udt7atmcuzf6l0","time":1610961246,"event":{"mods":["AchievementEnabler","BaseMod","Colored Map","Colored Powertips","Highlight Path","Minty Spire (QoL Compilation)","Quick Restart","Rare Cards Sparkle","StSLib","UnlockEverythingMod"],"gold_per_floor":[114,189,203,203,203,203,215,215,238,254,254,264,299,313,313,408,408,419,219,219,232,243,271,289,289,343,359,233,242,1,10,10,110,110,129,158,182,182,182],"floor_reached":38,"language":"ZHT","playtime":1191,"items_purged":[],"score":423,"play_id":"79f07362-c418-440b-8ad1-7a51ce13de4e","local_time":"20210118171406","is_ascension_mode":false,"campfire_choices":[{"data":"Armaments","floor":6.0,"key":"SMITH"},{"data":"Inflame","floor":8.0,"key":"SMITH"},{"data":"Warcry","floor":11.0,"key":"SMITH"},{"data":"Dual Wield","floor":15.0,"key":"SMITH"},{"floor":25.0,"key":"REST"},{"floor":29.0,"key":"REST"},{"data":"Flex","floor":32.0,"key":"SMITH"}],"circlet_count":0,"master_deck":["Strike_R","Strike_R","Strike_R","Strike_R","Defend_R","Defend_R","Bash","Inflame+1","Armaments+1","Whirlwind","Warcry+1","Clash","Dual Wield+1","Feed","Body Slam+1","Headbutt","Ghostly Armor+1","Dual Wield+1","Flex+1","Pommel Strike+1","Thunderclap","Headbutt","Infernal Blade","Rage","Rage+1"],"relics":["Burning Blood","NeowsBlessing","MealTicket","Gambling Chip","Empty Cage","Medical Kit","Akabeko","CeramicFish","Dream Catcher","Bottled Flame","SlaversCollar"],"acts_visited":["Exordium","TheCity","TheBeyond"],"potions_floor_usage":[],"damage_taken":[{"damage":0.0,"enemies":"2 Louse","floor":1.0,"turns":1.0},{"damage":0.0,"enemies":"Jaw Worm","floor":3.0,"turns":1.0},{"damage":0.0,"enemies":"Small Slimes","floor":7.0,"turns":1.0},{"damage":27.0,"enemies":"Exordium Thugs","floor":10.0,"turns":4.0},{"damage":13.0,"enemies":"Red Slaver","floor":12.0,"turns":4.0},{"damage":5.0,"enemies":"Gremlin Nob","floor":13.0,"turns":3.0},{"damage":0.0,"enemies":"Gremlin Gang","floor":14.0,"turns":2.0},{"damage":36.0,"enemies":"The Guardian","floor":16.0,"turns":7.0},{"damage":20.0,"enemies":"2 Thieves","floor":18.0,"turns":3.0},{"damage":10.0,"enemies":"3 Byrds","floor":21.0,"turns":3.0},{"damage":21.0,"enemies":"Snake Plant","floor":22.0,"turns":4.0},{"damage":56.0,"enemies":"Gremlin Leader","floor":23.0,"turns":6.0},{"damage":24.0,"enemies":"Centurion and Healer","floor":24.0,"turns":5.0},{"damage":12.0,"enemies":"3 Cultists","floor":27.0,"turns":3.0},{"damage":47,"enemies":"Champ","floor":33,"turns":8},{"damage":15,"enemies":"Orb Walker","floor":35,"turns":3},{"damage":49,"enemies":"3 Darklings","floor":36,"turns":5},{"damage":21,"enemies":"4 Shapes","floor":37,"turns":3},{"damage":52,"enemies":"Jaw Worm Horde","floor":38,"turns":3}],"seed_played":"-865434344972166984","potions_obtained":[{"floor":7.0,"key":"Swift Potion"},{"floor":12.0,"key":"ColorlessPotion"},{"floor":14.0,"key":"Strength Potion"},{"floor":18.0,"key":"Explosive Potion"},{"floor":21.0,"key":"PowerPotion"},{"floor":23.0,"key":"ColorlessPotion"},{"floor":37,"key":"ElixirPotion"}],"is_trial":false,"path_per_floor":["M","?","M","?","?","R","M","R","T","M","R","M","E","M","R","B",null,"M","$","?","M","M","E","M","R","T","M","?","R","$","?","R","B",null,"M","M","M","M"],"character_chosen":"IRONCLAD","items_purchased":["Medical Kit","Headbutt","Bottled Flame"],"campfire_rested":2,"item_purchase_floors":[19,19,30],"current_hp_per_floor":[80,69,75,75,80,80,85,85,85,64,64,57,58,64,64,34,85,71,85,85,85,73,27,9,37,37,37,37,67,82,82,82,41,102,96,53,41,0,0],"gold":182,"neow_bonus":"THREE_ENEMY_KILL","is_daily":false,"chose_seed":false,"campfire_upgraded":5,"win_rate":0.0,"timestamp":1610961246,"path_taken":["M","?","M","?","?","R","M","R","T","M","R","?","E","M","R","BOSS","M","$","?","?","M","E","M","R","T","M","?","R","?","?","R","BOSS","M","M","M","M"],"items_purchased_type":["Relic","Card","Relic"],"build_version":"2020-12-22","purchased_purges":0,"victory":false,"max_hp_per_floor":[80,80,80,80,85,85,85,85,85,85,85,85,85,85,85,85,85,85,85,85,89,92,96,96,96,96,102,102,102,102,102,102,102,102,105,105,108,108,108],"card_choices":[{"not_picked":["Pommel Strike","Heavy Blade"],"picked":"Inflame","floor":1.0},{"not_picked":["Headbutt","Reckless Charge"],"picked":"Armaments","floor":3.0},{"not_picked":["Armaments","Inflame"],"picked":"Whirlwind","floor":7.0},{"not_picked":["Fire Breathing","Disarm"],"picked":"Warcry","floor":10.0},{"not_picked":["True Grit","Entrench"],"picked":"Clash","floor":12.0},{"not_picked":["True Grit","Cleave"],"picked":"Dual Wield","floor":13.0},{"not_picked":["Sever Soul","Power Through","Wild Strike"],"picked":"SKIP","floor":14.0},{"not_picked":["Immolate","Demon Form"],"picked":"Feed","floor":16.0},{"not_picked":["Clash","Sword Boomerang"],"picked":"Body Slam","floor":18.0},{"not_picked":["Entrench","Dropkick"],"picked":"Ghostly Armor+1","floor":21.0},{"not_picked":["Infernal Blade+1","Clash"],"picked":"Dual Wield+1","floor":22.0},{"not_picked":["Sword Boomerang","Flame Barrier"],"picked":"Flex","floor":23.0},{"not_picked":["Anger","Bludgeon"],"picked":"Pommel Strike+1","floor":24.0},{"not_picked":["Havoc","Armaments","Rupture"],"picked":"SKIP","floor":27.0},{"not_picked":["Dropkick","Dark Embrace"],"picked":"Thunderclap","floor":29.0},{"not_picked":["Power Through+1","Thunderclap"],"picked":"Infernal Blade","floor":35},{"not_picked":["Power Through","Body Slam"],"picked":"Rage","floor":36},{"not_picked":["Metallicize","Inflame"],"picked":"Rage+1","floor":37}],"player_experience":80146,"relics_obtained":[{"floor":9.0,"key":"MealTicket"},{"floor":13.0,"key":"Gambling Chip"},{"floor":23.0,"key":"Akabeko"},{"floor":26.0,"key":"CeramicFish"}],"event_choices":[{"damage_healed":0.0,"max_hp_gain":0.0,"max_hp_loss":0.0,"gold_gain":75.0,"event_name":"World of Goop","player_choice":"Gather Gold","floor":2.0,"gold_loss":0.0,"damage_taken":11.0},{"damage_healed":0.0,"max_hp_gain":0.0,"max_hp_loss":0.0,"gold_gain":0.0,"event_name":"The Cleric","player_choice":"Leave","floor":4.0,"gold_loss":0.0,"damage_taken":0.0},{"damage_healed":0.0,"max_hp_gain":5.0,"max_hp_loss":0.0,"gold_gain":0.0,"event_name":"Big Fish","player_choice":"Donut","floor":5.0,"gold_loss":0.0,"damage_taken":0.0},{"damage_healed":0.0,"max_hp_gain":0.0,"max_hp_loss":0.0,"gold_gain":0.0,"event_name":"Upgrade Shrine","player_choice":"Upgraded","floor":20.0,"gold_loss":0.0,"damage_taken":0.0,"cards_upgraded":["Body Slam"]},{"damage_healed":0.0,"max_hp_gain":0.0,"max_hp_loss":0.0,"gold_gain":0.0,"event_name":"WeMeetAgain","player_choice":"Paid Gold","floor":28.0,"gold_loss":126.0,"damage_taken":0.0,"relics_obtained":["Dream Catcher"]},{"damage_healed":0.0,"max_hp_gain":0.0,"max_hp_loss":0.0,"gold_gain":0.0,"cards_transformed":["Defend_R"],"event_name":"Transmorgrifier","player_choice":"Transformed","floor":31.0,"gold_loss":0.0,"damage_taken":0.0,"cards_obtained":["Headbutt"]}],"is_beta":false,"boss_relics":[{"not_picked":["Snecko Eye","Velvet Choker"],"picked":"Empty Cage"},{"not_picked":["Black Blood","Calling Bell"],"picked":"SlaversCollar"}],"items_purged_floors":[],"is_endless":false,"potions_floor_spawned":[7,12,14,18,21,23,37],"killed_by":"Jaw Worm Horde","ascension_level":0}}