{"host":"j015jhc2yy25u1i1","time":1610938855,"event":{"mods":["AchievementEnabler","BaseMod","Colored Map","Colored Powertips","Dark Map","Highlight Path","Minty Spire (QoL Compilation)"],"gold_per_floor":[112,33,52,52,71,71,84,84,84,99,134,134,163,178,178,280,280,299,209,223,235,253,253,287,287,366,380,430,430],"floor_reached":28,"language":"ENG","playtime":1951,"items_purged":[],"score":265,"play_id":"662fb37a-27d6-4f8e-ab36-0f5452532559","local_time":"20210117200055","is_ascension_mode":true,"campfire_choices":[{"data":"Noxious Fumes","floor":6,"key":"SMITH"},{"data":"Bane","floor":8,"key":"SMITH"},{"floor":12,"key":"REST"},{"floor":15,"key":"REST"},{"floor":23,"key":"REST"}],"circlet_count":0,"master_deck":["Strike_G+1","Strike_G","Strike_G","Strike_G","Defend_G","Defend_G","Defend_G","Defend_G","Defend_G","Survivor","Neutralize","Prepared","Noxious Fumes+1","Noxious Fumes+1","Catalyst","Bane+1","Poisoned Stab","Acrobatics","Footwork","Catalyst","Envenom","Dodge and Roll","Terror+1","Infinite Blades+1","Backflip"],"relics":["Ring of the Snake","Bottled Lightning","MealTicket","Runic Pyramid","Bag of Preparation","SsserpentHead","Matryoshka"],"acts_visited":["Exordium","TheCity"],"potions_floor_usage":[11,11,11,18,18,22,27],"damage_taken":[{"damage":0,"enemies":"Cultist","floor":1,"turns":4},{"damage":5,"enemies":"Jaw Worm","floor":3,"turns":5},{"damage":7,"enemies":"Small Slimes","floor":5,"turns":4},{"damage":9,"enemies":"Blue Slaver","floor":7,"turns":4},{"damage":5,"enemies":"Looter","floor":10,"turns":4},{"damage":14,"enemies":"Gremlin Nob","floor":11,"turns":3},{"damage":8,"enemies":"Lagavulin","floor":13,"turns":5},{"damage":9,"enemies":"Gremlin Gang","floor":14,"turns":5},{"damage":7,"enemies":"Slime Boss","floor":16,"turns":9},{"damage":4,"enemies":"Spheric Guardian","floor":18,"turns":5},{"damage":12,"enemies":"Shell Parasite","floor":20,"turns":4},{"damage":31,"enemies":"Centurion and Healer","floor":21,"turns":7},{"damage":16,"enemies":"Sentry and Sphere","floor":22,"turns":4},{"damage":51,"enemies":"Book of Stabbing","floor":24,"turns":6},{"damage":0,"enemies":"Snecko","floor":27,"turns":6},{"damage":0,"enemies":"Snake Plant","floor":28,"turns":1}],"seed_played":"-7579746812889824891","potions_obtained":[{"floor":1,"key":"Swift Potion"},{"floor":3,"key":"Regen Potion"},{"floor":10,"key":"ColorlessPotion"},{"floor":14,"key":"Weak Potion"},{"floor":16,"key":"Poison Potion"},{"floor":18,"key":"Fire Potion"},{"floor":21,"key":"FairyPotion"},{"floor":24,"key":"ColorlessPotion"}],"is_trial":false,"path_per_floor":["M","$","M","?","M","R","M","R","T","M","E","R","E","M","R","B",null,"M","?","M","M","M","R","E","?","T","M","M"],"character_chosen":"THE_SILENT","items_purchased":["Noxious Fumes"],"campfire_rested":3,"item_purchase_floors":[2],"current_hp_per_floor":[70,70,65,65,58,58,49,49,49,44,35,56,48,39,60,53,70,66,66,54,23,7,28,2,2,2,2,2,2],"gold":430,"neow_bonus":"THREE_CARDS","is_daily":false,"chose_seed":false,"campfire_upgraded":2,"win_rate":0.0,"timestamp":1610938855,"path_taken":["M","$","M","?","M","R","M","R","T","M","E","R","E","?","R","BOSS","M","?","?","M","M","R","E","?","T","M","?"],"items_purchased_type":["Card"],"build_version":"2020-12-22","purchased_purges":0,"victory":false,"max_hp_per_floor":[70,70,70,70,70,70,70,70,70,70,70,70,70,70,70,70,70,70,70,70,70,70,70,70,70,70,70,70,70],"card_choices":[{"not_picked":["Heel Hook","Sucker Punch"],"picked":"Prepared","floor":0},{"not_picked":["Catalyst","Outmaneuver"],"picked":"Noxious Fumes","floor":1},{"not_picked":["Slice","PiercingWail"],"picked":"Catalyst","floor":3},{"not_picked":["Quick Slash","Terror"],"picked":"Bane","floor":5},{"not_picked":["Caltrops","Finisher","Heel Hook"],"picked":"SKIP","floor":7},{"not_picked":["Dagger Spray","Endless Agony"],"picked":"Poisoned Stab","floor":10},{"not_picked":["Heel Hook","Terror"],"picked":"Acrobatics","floor":11},{"not_picked":["Blade Dance","Acrobatics"],"picked":"Footwork","floor":13},{"not_picked":["Sucker Punch","Poisoned Stab"],"picked":"Catalyst","floor":14},{"not_picked":["Burst","Corpse Explosion"],"picked":"Envenom","floor":16},{"not_picked":["Escape Plan+1","Quick Slash"],"picked":"Dodge and Roll","floor":18},{"not_picked":["Prepared","Reflex+1","Masterful Stab"],"picked":"SKIP","floor":20},{"not_picked":["Acrobatics","PiercingWail"],"picked":"Terror+1","floor":21},{"not_picked":["Blade Dance","Expertise","Quick Slash"],"picked":"SKIP","floor":22},{"not_picked":["Finisher","Caltrops+1"],"picked":"Infinite Blades+1","floor":24},{"not_picked":["Terror","Finisher"],"picked":"Backflip","floor":27}],"player_experience":36721,"relics_obtained":[{"floor":11,"key":"Bottled Lightning"},{"floor":13,"key":"MealTicket"},{"floor":24,"key":"Bag of Preparation"},{"floor":26,"key":"Matryoshka"}],"event_choices":[{"damage_healed":0,"gold_gain":0,"player_choice":"Forge","damage_taken":0,"max_hp_gain":0,"max_hp_loss":0,"event_name":"Accursed Blacksmith","floor":4,"gold_loss":0,"cards_upgraded":["Noxious Fumes"]},{"cards_removed":["Strike_G"],"damage_healed":0,"gold_gain":0,"player_choice":"Upgrade and Remove","damage_taken":0,"max_hp_gain":0,"max_hp_loss":0,"event_name":"Designer","floor":19,"gold_loss":90,"cards_upgraded":["Strike_G"]},{"damage_healed":0,"gold_gain":0,"player_choice":"Trade","damage_taken":0,"relics_obtained":["SsserpentHead"],"max_hp_gain":0,"max_hp_loss":0,"event_name":"FaceTrader","floor":25,"gold_loss":0}],"is_beta":false,"boss_relics":[{"not_picked":["Runic Dome","SlaversCollar"],"picked":"Runic Pyramid"}],"items_purged_floors":[],"is_endless":false,"potions_floor_spawned":[1,3,10,14,16,18,21,24],"killed_by":"Snake Plant","ascension_level":1}}