{"host":"njruw0b0uprlitpx","time":1610936989,"event":{"mods":["2.2 Compatiblity","BaseMod","Better Altar","Better Match","Better Note","Better Sensory Stone","Better Skull","Better Third Choice","Block Reminder","Colored Map","Colored Powertips","Downfall","Energized Spire","Jedi Mod","Keyboard Shortcuts","Minty Spire (QoL Compilation)","Quick Restart","Rare Cards Sparkle","Relic Stats","SacredBarkPlus","Spicy Shops","StSLib","SuperFastMode"],"gold_per_floor":[99,109,127,277,277,42,42,61,46,74,5,5,5,5,5,5,5,5,5,0,0,0,0,0,0,0,0,0,0,0,0,0,77,77,77,87,87,107,14,39,39,39,54,54,71,71,102,114,136,148],"floor_reached":51,"language":"ENG","playtime":4590,"items_purged":["bronze:Strike","bronze:Strike"],"score":811,"play_id":"7c268ead-1ae8-49a0-a8d7-706f5f3d4257","local_time":"20210117202949","is_ascension_mode":false,"campfire_choices":[{"floor":1.0,"key":"RECALL"},{"floor":13.0,"key":"REST"},{"data":"expansioncontent:QuickStudy","floor":18.0,"key":"SMITH"},{"data":"bronze:Mutator","floor":25.0,"key":"SMITH"},{"data":"bronze:Format","floor":28.0,"key":"SMITH"},{"data":"bronze:AlphaBuild","floor":35.0,"key":"SMITH"},{"floor":44.0,"key":"REST"},{"floor":46.0,"key":"REST"}],"circlet_count":0,"master_deck":["bronze:Strike","bronze:Strike","bronze:Defend","bronze:Defend","bronze:Defend","bronze:Defend","bronze:Replicate","bronze:Goto","bronze:Iterate","bronze:Return","bronze:Fortify","bronze:Mutator+1","bronze:Turbo","bronze:Invalidate","bronze:Break","expansioncontent:PolyBeam","expansioncontent:QuickStudy+1","bronze:ChosenStrike","bronze:Repair","bronze:Frontload","bronze:CutThrough","bronze:Format+1","bronze:FollowUp+1","bronze:Flail","Pride","downfall:Aged","bronze:BugBarrage+1","bronze:Mutator","bronze:FineTuning","bronze:AlphaBuild+1","jedi:cleanse","Enlightenment","Jack Of All Trades","bronze:Optimize","jedi:thedog","bronze:Return","bronze:ItsAFeature+1","Clumsy","Injury","bronze:Shield+1"],"relics":["bronze:BronzeCore","hexamod:BolsterEngine","Bag of Preparation","jedi:ominousloannote","ClockworkSouvenir","Cursed Key","Smiling Mask","Art of War","Busted Crown","Mummified Hand","MealTicket","Meat on the Bone","MawBank","Du-Vu Doll"],"acts_visited":["TheCity","TheBeyond"],"potions_floor_usage":[],"damage_taken":[{"damage":1.0,"enemies":"Cultist","floor":2.0,"turns":4.0},{"damage":2.0,"enemies":"2 Louse","floor":3.0,"turns":3.0},{"damage":10.0,"enemies":"downfall:FleeingMerchant","floor":6.0,"turns":4.0},{"damage":1.0,"enemies":"Jaw Worm","floor":8.0,"turns":3.0},{"damage":0.0,"enemies":"downfall:FleeingMerchant","floor":9.0,"turns":4.0},{"damage":21.0,"enemies":"3 Sentries","floor":10.0,"turns":6.0},{"damage":10.0,"enemies":"downfall:FleeingMerchant","floor":11.0,"turns":4.0},{"damage":1.0,"enemies":"Exordium Wildlife","floor":12.0,"turns":2.0},{"damage":6.0,"enemies":"Gremlin Gang","floor":14.0,"turns":3.0},{"damage":0.0,"enemies":"3 Louse","floor":15.0,"turns":4.0},{"damage":44.0,"enemies":"WA_ARCHETYPE_RETAIN","floor":16.0,"turns":7.0},{"damage":0.0,"enemies":"Spheric Guardian","floor":19.0,"turns":2.0},{"damage":7.0,"enemies":"downfall:FleeingMerchant","floor":20.0,"turns":4.0},{"damage":0.0,"enemies":"Centurion and Healer","floor":22.0,"turns":3.0},{"damage":10.0,"enemies":"Shelled Parasite and Fungi","floor":26.0,"turns":4.0},{"damage":8.0,"enemies":"Snecko","floor":29.0,"turns":3.0},{"damage":4.0,"enemies":"3 Cultists","floor":30.0,"turns":3.0},{"damage":0.0,"enemies":"Chosen and Byrds","floor":31.0,"turns":3.0},{"damage":3.0,"enemies":"Centurion and Healer","floor":32.0,"turns":5.0},{"damage":82.0,"enemies":"IC_MUSHROOM_ARCHETYPE","floor":33.0,"turns":10.0},{"damage":7.0,"enemies":"3 Darklings","floor":36.0,"turns":5.0},{"damage":7.0,"enemies":"3 Shapes","floor":38.0,"turns":4.0},{"damage":4.0,"enemies":"downfall:FleeingMerchant","floor":39.0,"turns":3.0},{"damage":202.0,"enemies":"Giant Head","floor":40.0,"turns":11.0},{"damage":27.0,"enemies":"Jaw Worm Horde","floor":43.0,"turns":4.0},{"damage":15.0,"enemies":"Writhing Mass","floor":45.0,"turns":5.0},{"damage":113.0,"enemies":"Nemesis","floor":47.0,"turns":9.0},{"damage":2,"enemies":"3 Darklings","floor":49,"turns":2},{"damage":107,"enemies":"SI_POISON_ARCHETYPE","floor":50,"turns":9}],"seed_played":"-3178097584339143482","potions_obtained":[{"floor":8.0,"key":"Weak Potion"},{"floor":12.0,"key":"DuplicationPotion"},{"floor":14.0,"key":"Strength Potion"},{"floor":16.0,"key":"AttackPotion"},{"floor":19.0,"key":"champ:CounterPotion"},{"floor":22.0,"key":"AttackPotion"},{"floor":30.0,"key":"BlessingOfTheForge"},{"floor":33.0,"key":"EntropicBrew"},{"floor":40.0,"key":"AttackPotion"},{"floor":43.0,"key":"Swift Potion"},{"floor":45.0,"key":"Dexterity Potion"}],"is_trial":false,"path_per_floor":["R","M","M","?","?","$","T","M","$","E","$","M","R","M","M","B",null,"R","M","$","?","M","?","T","R","M","?","R","M","M","M","M","B",null,"R","M","?","M","$","E","T","?","M","R","M","R","E","?","M","B",null],"character_chosen":"THE_AUTOMATON","items_purchased":["bronze:Mutator","hexamod:BolsterEngine","jedi:ominousloannote","expansioncontent:PolyBeam","expansioncontent:QuickStudy","bronze:ChosenStrike","ClockworkSouvenir","Mummified Hand","Jack Of All Trades"],"campfire_rested":3,"item_purchase_floors":[6,6,11,11,11,11,11,39,39],"current_hp_per_floor":[77,76,74,74,74,64,64,63,63,42,32,31,54,55,62,18,77,77,77,77,77,77,77,77,77,67,67,67,59,55,55,52,47,77,77,74,74,67,70,46,46,46,41,64,49,72,17,17,77,77],"gold":160,"neow_bonus":"TEN_PERCENT_HP_BONUS","is_daily":false,"chose_seed":false,"campfire_upgraded":4,"win_rate":0.0,"timestamp":1610936989,"path_taken":["R","M","?","?","?","$","T","?","$","E","$","M","R","M","M","BOSS","R","M","$","?","M","?","T","R","M","?","R","?","?","M","M","BOSS","R","M","?","M","$","E","T","?","M","R","M","R","E","R","M","BOSS"],"items_purchased_type":["Card","Relic","Relic","Card","Card","Card","Relic","Relic","Card"],"build_version":"2020-12-22","purchased_purges":2,"victory":true,"max_hp_per_floor":[77,77,77,77,77,77,77,77,77,77,77,77,77,77,77,77,77,77,77,77,77,77,77,77,77,77,77,77,77,77,77,77,77,77,77,77,77,77,77,77,77,77,77,77,77,77,77,77,77,77],"relic_stats":{"Busted Crown":20,"counters":[29,133],"Mummified Hand":[30],"MealTicket":0,"Bag of Preparation":[46],"Art of War":[6],"Cursed Key":2,"Smiling Mask":75,"MawBank":48,"obtain_stats":[{"bronze:BronzeCore":0,"Bag of Preparation":10,"Cursed Key":17,"Smiling Mask":23,"MawBank":47,"ClockworkSouvenir":11,"Du-Vu Doll":48,"Busted Crown":34,"jedi:ominousloannote":11,"Mummified Hand":39,"MealTicket":40,"Art of War":24,"hexamod:BolsterEngine":6,"Meat on the Bone":41},{"bronze:BronzeCore":0,"Bag of Preparation":6,"Cursed Key":11,"Smiling Mask":14,"MawBank":27,"ClockworkSouvenir":7,"Du-Vu Doll":27,"Busted Crown":20,"jedi:ominousloannote":7,"Mummified Hand":23,"MealTicket":24,"Art of War":14,"hexamod:BolsterEngine":3,"Meat on the Bone":24},{"bronze:BronzeCore":0,"Bag of Preparation":24,"Cursed Key":44,"Smiling Mask":53,"MawBank":122,"ClockworkSouvenir":28,"Du-Vu Doll":122,"Busted Crown":81,"jedi:ominousloannote":28,"Mummified Hand":93,"MealTicket":104,"Art of War":53,"hexamod:BolsterEngine":11,"Meat on the Bone":104}],"Meat on the Bone":24},"card_choices":[{"not_picked":["bronze:FineTuning","bronze:Invalidate"],"picked":"bronze:Iterate","floor":2.0},{"not_picked":["bronze:Repulsor","bronze:Deprecate"],"picked":"bronze:Return","floor":3.0},{"not_picked":["bronze:Allocate","bronze:Shield"],"picked":"bronze:Fortify","floor":6.0},{"not_picked":["bronze:Deprecate","bronze:WhirlingStrike"],"picked":"bronze:Turbo","floor":8.0},{"not_picked":["bronze:WhirlingStrike","bronze:DelayedGuard"],"picked":"bronze:Invalidate","floor":9.0},{"not_picked":["bronze:DarkDash","bronze:Frontload"],"picked":"bronze:Break","floor":10.0},{"not_picked":["bronze:DelayedGuard","bronze:WildBeam","bronze:Invalidate"],"picked":"SKIP","floor":11.0},{"not_picked":["bronze:FineTuning","bronze:ChosenStrike"],"picked":"bronze:Repair","floor":12.0},{"not_picked":["bronze:BugBarrage","bronze:BuggyMess"],"picked":"bronze:Frontload","floor":14.0},{"not_picked":["bronze:Iterate","bronze:Overheat"],"picked":"bronze:CutThrough","floor":15.0},{"not_picked":["bronze:Virus","bronze:ThunderWave"],"picked":"bronze:Format","floor":16.0},{"not_picked":["bronze:Overheat","bronze:BuggyMess"],"picked":"bronze:FollowUp+1","floor":19.0},{"not_picked":["bronze:Repair","bronze:Branch","bronze:Turbo+1"],"picked":"SKIP","floor":20.0},{"not_picked":["bronze:CutThrough+1","bronze:Turbo"],"picked":"bronze:Flail","floor":22.0},{"not_picked":["bronze:Frontload+1","bronze:WhirlingStrike"],"picked":"bronze:BugBarrage+1","floor":26.0},{"not_picked":["bronze:FineTuning","bronze:BronzeArmor"],"picked":"bronze:Mutator","floor":29.0},{"not_picked":["bronze:Deprecate","bronze:Branch"],"picked":"bronze:FineTuning","floor":30.0},{"not_picked":["bronze:Invalidate","bronze:Shield","bronze:NullPointer"],"picked":"SKIP","floor":31.0},{"not_picked":["bronze:Philosophize","bronze:CutThrough","bronze:BitShift"],"picked":"SKIP","floor":32.0},{"not_picked":["bronze:ThunderWave","bronze:Mutator"],"picked":"bronze:AlphaBuild","floor":33.0},{"not_picked":["bronze:WildBeam+1"],"picked":"SKIP","floor":36.0},{"not_picked":[],"picked":"jedi:cleanse","floor":37.0},{"not_picked":[],"picked":"Enlightenment","floor":37.0},{"not_picked":["bronze:WhirlingStrike+1"],"picked":"SKIP","floor":38.0},{"not_picked":["bronze:Invalidate+1"],"picked":"SKIP","floor":39.0},{"not_picked":[],"picked":"bronze:Optimize","floor":40.0},{"not_picked":[],"picked":"bronze:Return","floor":43.0},{"not_picked":["bronze:WhirlingStrike+1"],"picked":"SKIP","floor":45.0},{"not_picked":[],"picked":"bronze:ItsAFeature+1","floor":47.0},{"not_picked":[],"picked":"bronze:Shield+1","floor":49}],"player_experience":1443201,"relics_obtained":[{"floor":10.0,"key":"Bag of Preparation"},{"floor":24.0,"key":"Art of War"},{"floor":40.0,"key":"MealTicket"},{"floor":41.0,"key":"Meat on the Bone"},{"floor":47.0,"key":"MawBank"}],"event_choices":[{"cards_removed":["downfall:Icky"],"damage_healed":0.0,"max_hp_gain":0.0,"max_hp_loss":0.0,"gold_gain":0.0,"event_name":"The Cleric","player_choice":"Card Removal","floor":5.0,"gold_loss":0.0,"damage_taken":0.0},{"cards_removed":["expansioncontent:QuickStudy"],"damage_healed":0.0,"max_hp_gain":0.0,"max_hp_loss":0.0,"gold_gain":0.0,"event_name":"betterNote:BetterNote","player_choice":"Give","floor":21.0,"gold_loss":0.0,"damage_taken":0.0,"cards_obtained":["None"]},{"damage_healed":0.0,"max_hp_gain":0.0,"max_hp_loss":0.0,"gold_gain":0.0,"event_name":"Addict","player_choice":"Stole Relic","floor":23.0,"gold_loss":0.0,"damage_taken":0.0,"relics_obtained":["Smiling Mask"],"cards_obtained":["Pride"]},{"damage_healed":0.0,"max_hp_gain":0.0,"max_hp_loss":0.0,"gold_gain":3.0,"event_name":"betterStone:BetterStone","player_choice":"1","floor":37.0,"gold_loss":0.0,"damage_taken":0.0},{"damage_healed":0.0,"max_hp_gain":0.0,"max_hp_loss":0.0,"gold_gain":0.0,"event_name":"Mysterious Sphere","player_choice":"Ignored","floor":42.0,"gold_loss":0.0,"damage_taken":0.0}],"is_beta":false,"boss_relics":[{"not_picked":["expansioncontent:StudyCardRelic","SlaversCollar"],"picked":"Cursed Key"},{"not_picked":["Calling Bell","Empty Cage"],"picked":"Busted Crown"}],"items_purged_floors":[39,39],"is_endless":false,"potions_floor_spawned":[8,12,14,16,19,22,30,33,40,43,45],"ascension_level":0}}