{"host":"d66n7ln59ex8canu","time":1610994430,"event":{"mods":["AchievementEnabler","BaseMod","Colored Map","Minty Spire (QoL Compilation)","Quick Restart","StSLib"],"gold_per_floor":[113,113,113,113,132,163,163,182,182,196,212,232,259,275,275,373,373,389,408,353,371,371,371],"floor_reached":22,"language":"ENG","playtime":687,"items_purged":[],"score":304,"play_id":"2e590236-a1f3-42d7-adba-a0c84fc4f44f","local_time":"20210118132710","is_ascension_mode":true,"campfire_choices":[{"data":"Loop","floor":15,"key":"SMITH"}],"circlet_count":0,"master_deck":["Strike_B","Strike_B","Strike_B","Strike_B","Defend_B","Defend_B","Defend_B","Defend_B","Zap+1","Dualcast","Self Repair","Conserve Battery","Redo+1","Hologram","Sweeping Beam","Cold Snap","Leap","Loop+1","Electrodynamics","Machine Learning","Ball Lightning","Steam Power","Self Repair","BootSequence"],"relics":["Cracked Core","NeowsBlessing","Mummified Hand","The Courier","Sozu"],"acts_visited":["Exordium","TheCity"],"potions_floor_usage":[16,18,19,22],"damage_taken":[{"damage":0,"enemies":"Jaw Worm","floor":1,"turns":1},{"damage":0,"enemies":"Small Slimes","floor":5,"turns":1},{"damage":0,"enemies":"Gremlin Nob","floor":6,"turns":1},{"damage":5,"enemies":"2 Louse","floor":8,"turns":3},{"damage":6,"enemies":"Red Slaver","floor":10,"turns":4},{"damage":6,"enemies":"Blue Slaver","floor":11,"turns":4},{"damage":7,"enemies":"Large Slime","floor":12,"turns":5},{"damage":31,"enemies":"Lagavulin","floor":13,"turns":7},{"damage":16,"enemies":"Exordium Wildlife","floor":14,"turns":4},{"damage":26,"enemies":"Slime Boss","floor":16,"turns":5},{"damage":33,"enemies":"Chosen","floor":18,"turns":5},{"damage":24,"enemies":"Shell Parasite","floor":19,"turns":6},{"damage":35,"enemies":"Centurion and Healer","floor":21,"turns":5},{"damage":43,"enemies":"Shelled Parasite and Fungi","floor":22,"turns":3}],"seed_played":"-1463079081633366229","potions_obtained":[{"floor":1,"key":"Explosive Potion"},{"floor":11,"key":"DuplicationPotion"},{"floor":13,"key":"AttackPotion"},{"floor":16,"key":"Regen Potion"}],"is_trial":false,"path_per_floor":["M","?","?","?","M","E","?","M","T","M","M","M","E","M","R","B",null,"M","M","$","M","M"],"character_chosen":"DEFECT","items_purchased":["Self Repair"],"campfire_rested":0,"item_purchase_floors":[20],"current_hp_per_floor":[68,73,73,73,73,73,73,75,75,76,77,77,53,44,44,25,66,40,37,37,16,0,0],"gold":371,"neow_bonus":"THREE_ENEMY_KILL","is_daily":false,"chose_seed":false,"campfire_upgraded":1,"win_rate":0.0,"timestamp":1610994430,"path_taken":["M","?","?","?","M","E","?","?","T","M","M","M","E","M","R","BOSS","M","M","$","M","M"],"items_purchased_type":["Card"],"build_version":"2020-12-22","purchased_purges":0,"victory":false,"max_hp_per_floor":[75,80,80,80,80,80,80,80,80,80,80,80,80,80,80,80,80,80,80,80,80,80,80],"card_choices":[{"not_picked":["Turbo","Stack"],"picked":"Self Repair","floor":1},{"not_picked":["Gash","Blizzard"],"picked":"Conserve Battery","floor":5},{"not_picked":["Amplify","Hello World"],"picked":"Redo","floor":6},{"not_picked":["Chill","Rebound"],"picked":"Hologram","floor":8},{"not_picked":["Cold Snap","Streamline"],"picked":"Sweeping Beam","floor":10},{"not_picked":["Go for the Eyes","Compile Driver"],"picked":"Cold Snap","floor":11},{"not_picked":["Steam Power","Cold Snap"],"picked":"Leap","floor":12},{"not_picked":["Ball Lightning","Turbo"],"picked":"Loop","floor":13},{"not_picked":["Skim","Compile Driver"],"picked":"Electrodynamics","floor":14},{"not_picked":["Meteor Strike","Hyperbeam"],"picked":"Machine Learning","floor":16},{"not_picked":["Streamline","Conserve Battery"],"picked":"Ball Lightning","floor":18},{"not_picked":["Turbo","Leap"],"picked":"Steam Power","floor":19},{"not_picked":["Redo","Rebound"],"picked":"BootSequence","floor":21}],"player_experience":334858,"relics_obtained":[{"floor":6,"key":"Mummified Hand"},{"floor":13,"key":"The Courier"}],"event_choices":[{"damage_healed":0,"gold_gain":0,"player_choice":"Donut","damage_taken":0,"max_hp_gain":5,"max_hp_loss":0,"event_name":"Big Fish","floor":2,"gold_loss":0},{"damage_healed":0,"gold_gain":0,"player_choice":"Leave","damage_taken":0,"max_hp_gain":0,"max_hp_loss":0,"event_name":"The Cleric","floor":3,"gold_loss":0},{"damage_healed":0,"gold_gain":0,"player_choice":"Grow","damage_taken":0,"max_hp_gain":0,"max_hp_loss":0,"event_name":"Living Wall","floor":4,"gold_loss":0,"cards_upgraded":["Zap"]},{"damage_healed":0,"gold_gain":0,"player_choice":"Forge","damage_taken":0,"max_hp_gain":0,"max_hp_loss":0,"event_name":"Accursed Blacksmith","floor":7,"gold_loss":0,"cards_upgraded":["Redo"]}],"is_beta":false,"boss_relics":[{"not_picked":["Velvet Choker","Pandora\u0027s Box"],"picked":"Sozu"}],"items_purged_floors":[],"is_endless":false,"potions_floor_spawned":[1,11,13,14,16,19],"killed_by":"Shelled Parasite and Fungi","ascension_level":7}}