{"host":"5unvcuco0qq3uuek","time":1610996006,"event":{"mods":["BaseMod","Downfall","Minty Spire (QoL Compilation)","StSLib"],"gold_per_floor":[99,99,113,125,142,142,142,158,185,285,285,305,337,347,363,363,363],"floor_reached":16,"language":"ENG","playtime":1415,"items_purged":[],"score":114,"play_id":"9a2fc32c-f0b0-4adb-9608-66d1c5c7f975","local_time":"20210118135326","is_ascension_mode":false,"campfire_choices":[{"data":"bronze:SpaghettiCode","floor":1,"key":"SMITH"},{"data":"bronze:GetLatest","floor":6,"key":"SMITH"},{"floor":11,"key":"REST"}],"circlet_count":0,"master_deck":["bronze:Strike","bronze:Strike","bronze:Strike","bronze:Defend","bronze:Defend","bronze:Defend","bronze:Defend","bronze:Replicate","bronze:Goto","bronze:SpaghettiCode+1","bronze:Iterate","bronze:Iterate","bronze:GetLatest+1","bronze:Overload","bronze:ForceShield","bronze:Assembly"],"relics":["bronze:BronzeCore","PreservedInsect","Regal Pillow"],"acts_visited":["Exordium"],"potions_floor_usage":[9,13],"damage_taken":[{"damage":0,"enemies":"2 Louse","floor":3,"turns":3},{"damage":0,"enemies":"Cultist","floor":4,"turns":2},{"damage":2,"enemies":"Small Slimes","floor":5,"turns":2},{"damage":12,"enemies":"Exordium Thugs","floor":8,"turns":6},{"damage":40,"enemies":"Lagavulin","floor":9,"turns":6},{"damage":13,"enemies":"Gremlin Gang","floor":12,"turns":6},{"damage":1,"enemies":"3 Sentries","floor":13,"turns":6},{"damage":2,"enemies":"3 Louse","floor":14,"turns":5},{"damage":6,"enemies":"Blue Slaver","floor":15,"turns":4},{"damage":15,"enemies":"WA_ARCHETYPE_RETAIN","floor":16,"turns":7}],"seed_played":"-6862850993020587065","potions_obtained":[{"floor":5,"key":"PowerPotion"},{"floor":8,"key":"BlessingOfTheForge"},{"floor":9,"key":"LiquidBronze"},{"floor":13,"key":"Guardian:BlockOnCardUsePotion"}],"is_trial":false,"path_per_floor":["R","?","M","M","M","R","T","M","E","?","R","M","E","M","M","B"],"character_chosen":"THE_AUTOMATON","items_purchased":[],"campfire_rested":1,"item_purchase_floors":[],"current_hp_per_floor":[70,70,70,70,68,68,68,56,16,16,37,24,23,21,15,0,0],"gold":363,"neow_bonus":"ONE_RANDOM_RARE_CARD","is_daily":false,"chose_seed":false,"campfire_upgraded":2,"win_rate":0.0,"timestamp":1610996006,"path_taken":["R","?","M","M","M","R","T","M","E","?","R","M","E","M","M","BOSS"],"items_purchased_type":[],"build_version":"2020-12-22","purchased_purges":0,"victory":false,"max_hp_per_floor":[70,70,70,70,70,70,70,70,70,70,70,70,70,70,70,70,70],"card_choices":[{"not_picked":["bronze:BuggyMess","bronze:FineTuning"],"picked":"bronze:Iterate","floor":3},{"not_picked":["bronze:Deprecate","bronze:WildBeam"],"picked":"bronze:Iterate","floor":4},{"not_picked":["bronze:WildBeam","bronze:CutThrough"],"picked":"bronze:GetLatest","floor":5},{"not_picked":["bronze:Overheat","bronze:OilSpill"],"picked":"bronze:Overload","floor":8},{"not_picked":["bronze:Return","bronze:Philosophize"],"picked":"bronze:ForceShield","floor":9},{"not_picked":["bronze:Frontload","bronze:ChildClass","bronze:BugBarrage"],"picked":"SKIP","floor":12},{"not_picked":["bronze:Repair","bronze:NullPointer"],"picked":"bronze:Assembly","floor":13},{"not_picked":["bronze:Shield","bronze:BuggyMess","bronze:WildBeam"],"picked":"SKIP","floor":14},{"not_picked":["bronze:Return","bronze:NullPointer","bronze:DigitalCarnage"],"picked":"SKIP","floor":15}],"player_experience":491494,"relics_obtained":[{"floor":9,"key":"PreservedInsect"},{"floor":13,"key":"Regal Pillow"}],"event_choices":[{"cards_removed":["bronze:Strike"],"damage_healed":0,"gold_gain":0,"player_choice":"Card Removal","damage_taken":0,"max_hp_gain":0,"max_hp_loss":0,"event_name":"The Cleric","floor":2,"gold_loss":0}],"is_beta":false,"boss_relics":[],"items_purged_floors":[],"is_endless":false,"potions_floor_spawned":[5,8,9,13],"killed_by":"WA_ARCHETYPE_RETAIN","ascension_level":0}}