{"host":"wnty67d4nhrob9mt","time":1610939128,"event":{"mods":["BaseMod","Block Reminder","Infinite Spire","Minty Spire (QoL Compilation)","Permanent Neow","Quick Restart","Relic Stats","Replay The Spire","StSLib","The Jungle"],"gold_per_floor":[116,176,189,5,24,56,56,83,107,107,142,142,142,153,153,254,254,271,282,332,332,366,400,400,455,481,16,67,67,86,86,86],"floor_reached":31,"language":"TUR","playtime":1978,"items_purged":[],"score":430,"play_id":"bc7018a3-8d74-4ed6-87ea-f065b088b3db","local_time":"20210118060528","is_ascension_mode":true,"campfire_choices":[{"data":"Armaments","floor":12,"key":"SMITH"},{"floor":15,"key":"REST"},{"floor":24,"key":"REST"}],"circlet_count":0,"master_deck":["Strike_R+1","Strike_R","Strike_R","Strike_R","Strike_R","Defend_R","Defend_R","Defend_R","Defend_R","Bash","Defend_B","Bash","Chrysalis","Blood for Blood","Perfected Strike","Armaments+1","Pummel","Pommel Strike","Thunderclap","Rampage","Self Repair+1","Berserk","ReplayTheSpireMod:Limb From Limb","Replay:Undeath\u0027s Touch","Immolate","Inflame","Uppercut","Hallucinations","infinitespire:FutureSight","Shrug It Off+1","Replay:Many Hands","Power Through+1","Decay","Exhume","infinitespire:FutureSight","Demonic Infusion","Spot Weakness"],"relics":["infinitespire:Lucky Rock","Brimstone","Pen Nib","Dream Catcher","Centennial Puzzle","Iron Core","infinitespire:BottledMercury","infinitespire:Joker Card","Replay:Bronze Core","Ring of Greed","Golden Idol","Smiling Mask","ReplayTheSpireMod:Ring of Challenge","White Beast Statue","Ginger","Durian","Ancient Tea Set","Counterbalance","DollysMirror","Replay:Baseball","Letter Opener"],"acts_visited":["Exordium","TheCity"],"potions_floor_usage":[6,8,22,23,25,28,28,28,31],"damage_taken":[{"damage":1,"enemies":"Jaw Worm","floor":1,"turns":7},{"damage":24,"enemies":"infinitespire:Voidling","floor":3,"turns":5},{"damage":0,"enemies":"2 Louse","floor":5,"turns":2},{"damage":12,"enemies":"3 Sentries","floor":6,"turns":6},{"damage":24,"enemies":"Lagavulin","floor":8,"turns":4},{"damage":0,"enemies":"Replay:BlueRogue","floor":11,"turns":3},{"damage":7,"enemies":"Large Slime","floor":14,"turns":3},{"damage":0,"enemies":"Slime Boss","floor":16,"turns":3},{"damage":7,"enemies":"Spheric Guardian","floor":18,"turns":3},{"damage":0,"enemies":"Chosen","floor":19,"turns":1},{"damage":8,"enemies":"Sentry and Sphere","floor":22,"turns":3},{"damage":22,"enemies":"Slavers","floor":23,"turns":3},{"damage":21,"enemies":"Replay:Snechameleon","floor":25,"turns":2},{"damage":58,"enemies":"Nightmare","floor":28,"turns":5},{"damage":12,"enemies":"3 Cultists","floor":30,"turns":3},{"damage":20,"enemies":"Shelled Parasite and Fungi","floor":31,"turns":1}],"seed_played":"-2359024775672890306","potions_obtained":[{"floor":2,"key":"Milkshake"},{"floor":2,"key":"Venom Potion"},{"floor":3,"key":"HeartOfIron"},{"floor":5,"key":"LifebloodPotion"},{"floor":8,"key":"BloodPotion"},{"floor":14,"key":"Cursed Concoction"},{"floor":16,"key":"Dexterity Potion"},{"floor":22,"key":"Elixir"},{"floor":23,"key":"SkillPotion"},{"floor":25,"key":"SkillPotion"},{"floor":28,"key":"BlessingOfTheForge"},{"floor":30,"key":"PowerPotion"}],"is_trial":false,"path_per_floor":["M","?","M","$","M","E","?","E","T","?","E","R","?","M","R","B",null,"M","M","?","AVR","M","E","R","E","T","$","NM","T","M","M"],"character_chosen":"IRONCLAD","items_purchased":["Brimstone","Pummel","Counterbalance","DollysMirror"],"campfire_rested":2,"item_purchase_floors":[4,4,27,27],"current_hp_per_floor":[80,60,42,42,48,42,42,24,24,24,24,24,24,27,51,51,80,80,80,80,80,72,50,74,58,58,58,27,27,15,0,0],"gold":86,"neow_bonus":"RANDOM_COLORLESS_2","is_daily":false,"chose_seed":false,"campfire_upgraded":1,"win_rate":0.0,"timestamp":1610939128,"path_taken":["M","?","M","$","?","E","?","E","T","?","E","R","?","M","R","BOSS","M","M","?","AVR","M","E","R","E","T","$","NM","?","M","M"],"items_purchased_type":["Relic","Card","Relic","Relic"],"build_version":"2020-12-22","purchased_purges":0,"victory":false,"max_hp_per_floor":[80,80,80,80,80,80,80,80,80,80,80,80,80,80,80,80,80,80,80,80,80,80,80,80,85,85,85,85,85,85,85,85],"relic_stats":{"Dream Catcher":2,"Centennial Puzzle":[24],"counters":[16,54],"Golden Idol":30,"Pen Nib":[7],"Ginger":[0],"Letter Opener":[25],"Smiling Mask":0,"obtain_stats":[{"infinitespire:BottledMercury":11,"Iron Core":10,"Golden Idol":20,"Counterbalance":27,"Pen Nib":6,"infinitespire:Joker Card":13,"infinitespire:Lucky Rock":2,"Ring of Greed":20,"Ginger":23,"Letter Opener":29,"Smiling Mask":20,"Ancient Tea Set":26,"Burning Blood":0,"White Beast Statue":21,"Dream Catcher":8,"Centennial Puzzle":9,"Replay:Baseball":28,"Brimstone":4,"DollysMirror":27,"Replay:Bronze Core":17,"Durian":25,"ReplayTheSpireMod:Ring of Challenge":20},{"infinitespire:BottledMercury":6,"Iron Core":5,"Golden Idol":10,"Counterbalance":13,"Pen Nib":4,"infinitespire:Joker Card":6,"infinitespire:Lucky Rock":1,"Ring of Greed":10,"Ginger":12,"Letter Opener":14,"Smiling Mask":10,"Ancient Tea Set":13,"Burning Blood":0,"White Beast Statue":10,"Dream Catcher":5,"Centennial Puzzle":5,"Replay:Baseball":14,"Brimstone":2,"DollysMirror":13,"Replay:Bronze Core":8,"Durian":13,"ReplayTheSpireMod:Ring of Challenge":10},{"infinitespire:BottledMercury":27,"Iron Core":24,"Golden Idol":37,"Counterbalance":45,"Pen Nib":20,"infinitespire:Joker Card":27,"infinitespire:Lucky Rock":7,"Ring of Greed":37,"Ginger":43,"Letter Opener":50,"Smiling Mask":37,"Ancient Tea Set":45,"Burning Blood":0,"White Beast Statue":37,"Dream Catcher":24,"Centennial Puzzle":24,"Replay:Baseball":50,"Brimstone":12,"DollysMirror":45,"Replay:Bronze Core":33,"Durian":45,"ReplayTheSpireMod:Ring of Challenge":37}]},"card_choices":[{"not_picked":["ReplayTheSpireMod:Brewmster","Thinking Ahead"],"picked":"Chrysalis","floor":0},{"not_picked":["Thunderclap","Abandon"],"picked":"Blood for Blood","floor":1},{"not_picked":["True Grit","Body Slam"],"picked":"Perfected Strike","floor":2},{"not_picked":["Whirlwind","Second Wind"],"picked":"Armaments","floor":3},{"not_picked":["Abandon","Intimidate"],"picked":"Pommel Strike","floor":5},{"not_picked":["Wild Strike","Battle Trance"],"picked":"Thunderclap","floor":6},{"not_picked":["Warcry","Ghostly Armor"],"picked":"Rampage","floor":8},{"not_picked":["Rebound","Combust"],"picked":"Berserk","floor":11},{"not_picked":["True Grit","Replay:Undeath\u0027s Touch"],"picked":"ReplayTheSpireMod:Limb From Limb","floor":14},{"not_picked":["Perfected Strike","Pommel Strike"],"picked":"Replay:Undeath\u0027s Touch","floor":15},{"not_picked":["Eclipse","Impervious"],"picked":"Immolate","floor":16},{"not_picked":["Flex","Anger"],"picked":"Inflame","floor":18},{"not_picked":["True Grit","Wild Strike+1"],"picked":"Uppercut","floor":19},{"not_picked":["Power Through","Heavy Blade"],"picked":"Shrug It Off+1","floor":22},{"not_picked":["ReplayTheSpireMod:Muscle Training","Headbutt"],"picked":"Replay:Many Hands","floor":23},{"not_picked":["Clash+1","ReplayTheSpireMod:Strike From Hell"],"picked":"Power Through+1","floor":24},{"not_picked":["True Grit","Body Slam"],"picked":"Exhume","floor":25},{"not_picked":["Combust","ReplayReversal"],"picked":"Demonic Infusion","floor":28},{"not_picked":["Sword Boomerang","Headbutt"],"picked":"Spot Weakness","floor":30}],"player_experience":187542,"relics_obtained":[{"floor":2,"key":"infinitespire:Lucky Rock"},{"floor":6,"key":"Pen Nib"},{"floor":8,"key":"Dream Catcher"},{"floor":9,"key":"Centennial Puzzle"},{"floor":11,"key":"infinitespire:BottledMercury"},{"floor":13,"key":"infinitespire:Joker Card"},{"floor":20,"key":"Ring of Greed"},{"floor":20,"key":"Golden Idol"},{"floor":20,"key":"Smiling Mask"},{"floor":20,"key":"ReplayTheSpireMod:Ring of Challenge"},{"floor":23,"key":"Ginger"},{"floor":25,"key":"Durian"},{"floor":26,"key":"Ancient Tea Set"},{"floor":28,"key":"Replay:Baseball"},{"floor":29,"key":"Letter Opener"}],"event_choices":[],"is_beta":false,"boss_relics":[{"not_picked":["Runic Dome","Busted Crown"],"picked":"Replay:Bronze Core"}],"items_purged_floors":[],"is_endless":true,"potions_floor_spawned":[3,5,8,14,16,22,23,25,28,30],"killed_by":"Shelled Parasite and Fungi","ascension_level":1}}