{"host":"p9o9yh7a0b9qf53k","time":1610982909,"event":{"mods":["BaseMod","Downfall","Minty Spire (QoL Compilation)","StSLib"],"gold_per_floor":[149,159,171,171,171,171,198,225,236,236,247,247,259,272,284,382,382,382,393,409,19,19,45,45,45,55,55,72,88,99,99,99],"floor_reached":31,"language":"ZHS","playtime":1806,"items_purged":["downfall:Malfunctioning"],"score":276,"play_id":"8e2b6a0f-647e-4a6c-8b8c-a88a63b75508","local_time":"20210118231509","is_ascension_mode":false,"campfire_choices":[{"data":"bronze:CloningBeam","floor":1.0,"key":"SMITH"},{"data":"bronze:Virus","floor":18.0,"key":"SMITH"},{"floor":27.0,"key":"REST"}],"circlet_count":0,"master_deck":["bronze:Strike+1","bronze:Strike","bronze:Strike","bronze:Defend+1","bronze:Defend","bronze:Defend","bronze:Replicate+1","bronze:Goto","bronze:CloningBeam+1","bronze:GetLatest","bronze:GetLatest","bronze:Flail","bronze:Return","bronze:Boost+1","bronze:Repulsor","bronze:CleanCode","bronze:Virus+1","bronze:FineTuning+1","bronze:Backtrace","bronze:FindAndReplace","downfall:Bewildered","bronze:BronzeOrb","bronze:Assembly","bronze:Overload+1","bronze:DigitalCarnage"],"relics":["Tiny House","Odd Mushroom","SlaversCollar","sneckomod:BabySnecko","TungstenRod","Pear","downfall:RedIOU"],"acts_visited":["Exordium","TheCity"],"potions_floor_usage":[31,31],"damage_taken":[{"damage":0.0,"enemies":"Small Slimes","floor":2.0,"turns":3.0},{"damage":0.0,"enemies":"2 Louse","floor":3.0,"turns":2.0},{"damage":0.0,"enemies":"Cultist","floor":6.0,"turns":1.0},{"damage":6.0,"enemies":"The Mushroom Lair","floor":8.0,"turns":3.0},{"damage":0.0,"enemies":"3 Louse","floor":9.0,"turns":2.0},{"damage":15.0,"enemies":"Exordium Wildlife","floor":11.0,"turns":3.0},{"damage":6.0,"enemies":"Blue Slaver","floor":13.0,"turns":4.0},{"damage":0.0,"enemies":"Lots of Slimes","floor":14.0,"turns":2.0},{"damage":12.0,"enemies":"Exordium Thugs","floor":15.0,"turns":3.0},{"damage":33.0,"enemies":"IC_STATUS_ARCHETYPE","floor":16.0,"turns":10.0},{"damage":12.0,"enemies":"Spheric Guardian","floor":19.0,"turns":2.0},{"damage":10.0,"enemies":"Chosen","floor":20.0,"turns":4.0},{"damage":2.0,"enemies":"downfall:FleeingMerchant","floor":21.0,"turns":4.0},{"damage":45.0,"enemies":"Slavers","floor":23.0,"turns":5.0},{"damage":9.0,"enemies":"Centurion and Healer","floor":26.0,"turns":6.0},{"damage":12.0,"enemies":"Chosen and Byrds","floor":28.0,"turns":4.0},{"damage":11,"enemies":"Snake Plant","floor":29,"turns":4},{"damage":7,"enemies":"Shelled Parasite and Fungi","floor":30,"turns":4},{"damage":9,"enemies":"Centurion and Healer","floor":31,"turns":2}],"seed_played":"-6515055722678681761","potions_obtained":[{"floor":0.0,"key":"SteroidPotion"},{"floor":2.0,"key":"SteroidPotion"},{"floor":3.0,"key":"SkillPotion"},{"floor":20.0,"key":"ColorlessPotion"},{"floor":26.0,"key":"SneckoOil"},{"floor":29,"key":"Weak Potion"}],"is_trial":false,"path_per_floor":["R","M","M","?","?","M","T","?","M","?","M","?","M","M","M","B",null,"R","M","M","$","?","E","T","?","M","R","M","M","M","M"],"character_chosen":"THE_AUTOMATON","items_purchased":["Nunchaku","bronze:Backtrace","bronze:FindAndReplace"],"campfire_rested":1,"item_purchase_floors":[21,21,21],"current_hp_per_floor":[75,75,75,75,75,75,75,69,69,69,54,54,48,48,36,3,75,75,63,53,51,51,6,16,16,7,32,20,9,2,0,0],"gold":99,"neow_bonus":"BOSS_RELIC","is_daily":false,"chose_seed":false,"campfire_upgraded":2,"win_rate":0.0,"timestamp":1610982909,"path_taken":["R","M","M","?","?","M","T","?","M","?","M","?","M","?","M","BOSS","R","M","?","$","?","E","T","?","M","R","M","M","M","M"],"items_purchased_type":["Relic","Card","Card"],"build_version":"2020-12-22","purchased_purges":1,"victory":false,"max_hp_per_floor":[75,75,75,75,75,75,75,75,75,75,75,75,75,75,75,75,75,75,75,75,75,75,75,85,85,85,85,85,85,85,85,85],"card_choices":[{"not_picked":["bronze:BronzeArmor","bronze:Frontload"],"picked":"bronze:CloningBeam","floor":0.0},{"not_picked":["bronze:Allocate","bronze:DelayedSlice"],"picked":"bronze:GetLatest","floor":2.0},{"not_picked":["bronze:Boost","bronze:BitShift"],"picked":"bronze:GetLatest","floor":3.0},{"not_picked":["bronze:Iterate","bronze:Repulsor"],"picked":"bronze:Flail","floor":6.0},{"not_picked":["bronze:ChildClass","bronze:Repulsor"],"picked":"bronze:Return","floor":8.0},{"not_picked":["bronze:OilSpill","bronze:Iterate","bronze:WildBeam"],"picked":"SKIP","floor":9.0},{"not_picked":["bronze:DelayedSlice","bronze:Shield"],"picked":"bronze:Repulsor","floor":11.0},{"not_picked":["bronze:Frontload","bronze:ForceShield","bronze:BugBarrage"],"picked":"SKIP","floor":13.0},{"not_picked":["bronze:Safeguard","bronze:WildBeam","bronze:DelayedGuard"],"picked":"SKIP","floor":14.0},{"not_picked":["bronze:DelayedSlice","bronze:BugBarrage"],"picked":"bronze:CleanCode","floor":15.0},{"not_picked":["bronze:Verify","bronze:Mutator"],"picked":"bronze:Virus","floor":16.0},{"not_picked":["bronze:Branch","bronze:Invalidate","bronze:Shield"],"picked":"SKIP","floor":19.0},{"not_picked":["bronze:WhirlingStrike","bronze:Shield","bronze:Iterate+1"],"picked":"SKIP","floor":20.0},{"not_picked":["bronze:Frontload","bronze:Return"],"picked":"bronze:FineTuning+1","floor":21.0},{"not_picked":["bronze:FineTuning","bronze:Shell"],"picked":"bronze:BronzeOrb","floor":23.0},{"not_picked":["bronze:DelayedSlice","bronze:CutThrough+1"],"picked":"bronze:Assembly","floor":26.0},{"not_picked":["bronze:ForceShield+1","bronze:Branch"],"picked":"bronze:Overload+1","floor":28.0},{"not_picked":["bronze:Overheat","bronze:Shield","bronze:FineTuning"],"picked":"SKIP","floor":29},{"not_picked":["bronze:Invalidate","bronze:DelayedSlice"],"picked":"bronze:DigitalCarnage","floor":30}],"player_experience":585860,"relics_obtained":[{"floor":8.0,"key":"Odd Mushroom"},{"floor":23.0,"key":"TungstenRod"},{"floor":24.0,"key":"Pear"}],"event_choices":[{"damage_healed":0.0,"max_hp_gain":0.0,"max_hp_loss":0.0,"gold_gain":0.0,"event_name":"Mushrooms","player_choice":"Fought Mushrooms","floor":8.0,"gold_loss":0.0,"damage_taken":0.0}],"is_beta":false,"boss_relics":[{"not_picked":["Sozu","Runic Pyramid"],"picked":"SlaversCollar"}],"items_purged_floors":[21],"is_endless":false,"potions_floor_spawned":[2,3,9,14,20,26,29],"killed_by":"Centurion and Healer","ascension_level":0}}