{"host":"ygfasg9u7olr7skw","time":1610953507,"event":{"mods":["AchievementEnabler","BaseMod","Better Note","Better Vampires","Colored Powertips","Minty Spire (QoL Compilation)","Replay The Spire","Spicy Shops","StSLib","The IronCluck"],"gold_per_floor":[211,211,231,244,228,153,153,173,245,245,263,263,10,285,285,285,285],"floor_reached":16,"language":"ENG","playtime":882,"items_purged":["Strike_B","Strike_B"],"score":115,"play_id":"187c2682-aba3-450c-b870-f18a69eb2d92","local_time":"20210118020507","is_ascension_mode":true,"campfire_choices":[{"floor":10,"key":"REST"},{"floor":15,"key":"REST"}],"circlet_count":0,"master_deck":["Strike_B","Strike_B","Defend_B","Defend_B","Defend_B","Defend_B","Zap","Dualcast","Heatsinks","White Noise","FIFO Queue","Static Discharge","Storm+1","Regret"],"relics":["Cracked Core","Prayer Wheel","Golden Egg","Frozen Eye"],"acts_visited":["Exordium"],"potions_floor_usage":[16],"damage_taken":[{"damage":7,"enemies":"Jaw Worm","floor":1,"turns":3},{"damage":1,"enemies":"Cultist","floor":3,"turns":3},{"damage":0,"enemies":"2 Louse","floor":4,"turns":2},{"damage":24,"enemies":"Exordium Thugs","floor":5,"turns":4},{"damage":19,"enemies":"Blue Slaver","floor":8,"turns":7},{"damage":14,"enemies":"Exordium Wildlife","floor":11,"turns":6},{"damage":69,"enemies":"Fading Forest","floor":16,"turns":7}],"seed_played":"1071721555390635465","potions_obtained":[{"floor":1,"key":"Strength Potion"},{"floor":11,"key":"PotionOfCapacity"}],"is_trial":false,"path_per_floor":["M","?","M","M","M","$","?","M","T","R","M","?","$","?","R","B"],"character_chosen":"DEFECT","items_purchased":["Storm","Frozen Eye"],"campfire_rested":2,"item_purchase_floors":[13,13],"current_hp_per_floor":[68,75,74,74,50,50,50,31,31,53,39,39,39,39,61,0,0],"gold":285,"neow_bonus":"HUNDRED_GOLD","is_daily":false,"chose_seed":false,"campfire_upgraded":0,"win_rate":0.0,"timestamp":1610953507,"path_taken":["M","?","?","M","M","$","?","M","T","R","M","?","$","?","R","BOSS"],"items_purchased_type":["Card","Relic"],"build_version":"2020-12-22","purchased_purges":2,"victory":false,"max_hp_per_floor":[75,75,75,75,75,75,75,75,75,75,75,75,75,75,75,75,75],"card_choices":[{"not_picked":["Go for the Eyes","Redo"],"picked":"Heatsinks","floor":1},{"not_picked":["Doom and Gloom","Coolheaded"],"picked":"White Noise","floor":3},{"not_picked":["Cold Snap","Stack"],"picked":"ReplayTheSpireMod:Fabricate Wheel","floor":4},{"not_picked":["Force Field","ReplayTheSpireMod:GoodbyeWorld"],"picked":"FIFO Queue","floor":5},{"not_picked":["FTL","Rebound","Cold Snap"],"picked":"SKIP","floor":5},{"not_picked":["Turbo","Hello World"],"picked":"Static Discharge","floor":8},{"not_picked":["Beam Cell","Gash","Defragment"],"picked":"SKIP","floor":8},{"not_picked":["Fission","Panic Button","Reinforced Body"],"picked":"SKIP","floor":11},{"not_picked":["Sunder","Compile Driver","BasicCrystalCard"],"picked":"SKIP","floor":11}],"player_experience":327189,"relics_obtained":[{"floor":9,"key":"Golden Egg"}],"event_choices":[{"damage_healed":7,"gold_gain":0,"player_choice":"Full Heal","damage_taken":0,"max_hp_gain":0,"max_hp_loss":0,"event_name":"Wheel of Change","floor":2,"gold_loss":0},{"damage_healed":0,"gold_gain":0,"player_choice":"Searched \u00270\u0027 times","damage_taken":0,"max_hp_gain":0,"max_hp_loss":0,"event_name":"Dead Adventurer","floor":12,"gold_loss":0},{"damage_healed":0,"gold_gain":275,"player_choice":"Desecrate","damage_taken":0,"max_hp_gain":0,"max_hp_loss":0,"event_name":"Golden Shrine","floor":14,"gold_loss":0,"cards_obtained":["Regret"]}],"is_beta":false,"boss_relics":[],"items_purged_floors":[6,13],"is_endless":false,"potions_floor_spawned":[1,11],"killed_by":"Fading Forest","ascension_level":5}}