{"host":"ygfasg9u7olr7skw","time":1610950766,"event":{"mods":["AchievementEnabler","BaseMod","Better Note","Better Vampires","Colored Powertips","Minty Spire (QoL Compilation)","Replay The Spire","Spicy Shops","StSLib","The IronCluck"],"gold_per_floor":[114,125,139,159,159,159,179,46,46,46,70,83,104,125,125,254,254,272,257,257,14,32,51,74,26,26,26,26,26,44,44,44],"floor_reached":31,"language":"ENG","playtime":2247,"items_purged":["Strike_G","Strike_G","Normality"],"score":247,"play_id":"60062b1a-1e23-4263-a4bd-c5aa092eb815","local_time":"20210118011926","is_ascension_mode":true,"campfire_choices":[{"floor":6,"key":"REST"},{"data":"Deadly Poison","floor":10,"key":"SMITH"},{"floor":15,"key":"REST"},{"floor":29,"key":"REST"}],"circlet_count":0,"master_deck":["Strike_G","Defend_G","Defend_G","Defend_G","Defend_G","Defend_G","Survivor","Neutralize","Deadly Poison+1","Draining Mist+1","Poisoned Stab+1","Deadly Poison","Bouncing Flask+1","Writhe","Catalyst"],"relics":["Ring of the Snake","Golden Idol","Happy Flower","Empty Cage","Guide Book","ReplayTheSpireMod:CursedCoin","ReplayTheSpireMod:Shallot"],"acts_visited":["Exordium","TheCity"],"potions_floor_usage":[4,16,16,19,23,24,30],"damage_taken":[{"damage":0,"enemies":"Cultist","floor":1,"turns":4},{"damage":0,"enemies":"2 Louse","floor":2,"turns":3},{"damage":0,"enemies":"Jaw Worm","floor":3,"turns":3},{"damage":3,"enemies":"Lots of Slimes","floor":4,"turns":7},{"damage":1,"enemies":"Large Slime","floor":7,"turns":8},{"damage":27,"enemies":"Exordium Thugs","floor":11,"turns":9},{"damage":4,"enemies":"Exordium Wildlife","floor":12,"turns":4},{"damage":1,"enemies":"Lots of Slimes","floor":13,"turns":6},{"damage":3,"enemies":"Looter","floor":14,"turns":2},{"damage":5,"enemies":"The Guardian","floor":16,"turns":7},{"damage":9,"enemies":"3 Byrds","floor":18,"turns":6},{"damage":17,"enemies":"2 Thieves","floor":19,"turns":4},{"damage":25,"enemies":"Centurion and Healer","floor":22,"turns":8},{"damage":12,"enemies":"Chosen and Byrds","floor":23,"turns":7},{"damage":3,"enemies":"Snake Plant","floor":24,"turns":4},{"damage":19,"enemies":"Centurion and Healer","floor":30,"turns":11},{"damage":5,"enemies":"Sentry and Sphere","floor":31,"turns":3}],"seed_played":"4839238158092483011","potions_obtained":[{"floor":1,"key":"Block Potion"},{"floor":3,"key":"EssenceOfSteel"},{"floor":7,"key":"AttackPotion"},{"floor":12,"key":"Dexterity Potion"},{"floor":18,"key":"PowerPotion"},{"floor":19,"key":"SkillPotion"},{"floor":23,"key":"Dexterity Potion"}],"is_trial":false,"path_per_floor":["M","M","M","M","?","R","M","$","T","R","M","M","M","M","R","B",null,"M","M","?","$","M","M","M","$","T","PTL","PTL","R","M","M"],"character_chosen":"THE_SILENT","items_purchased":["Draining Mist+1","Guide Book","ReplayTheSpireMod:CursedCoin","Catalyst"],"campfire_rested":3,"item_purchase_floors":[8,21,25,25],"current_hp_per_floor":[75,75,75,72,54,75,74,74,74,74,47,43,42,39,61,56,75,66,49,42,42,17,5,2,2,2,2,2,24,5,0,0],"gold":44,"neow_bonus":"RANDOM_EVENT","is_daily":false,"chose_seed":false,"campfire_upgraded":1,"win_rate":0.0,"timestamp":1610950766,"path_taken":["M","M","M","M","?","R","M","$","T","R","M","M","M","M","R","BOSS","M","M","?","$","M","M","?","$","T","PTL","PTL","R","R","M","M"],"items_purchased_type":["Card","Relic","Relic","Card"],"build_version":"2020-12-22","purchased_purges":3,"victory":false,"max_hp_per_floor":[75,75,75,75,75,75,75,75,75,75,75,75,75,75,75,75,75,75,75,75,75,75,75,75,75,75,75,75,75,75,75,75],"card_choices":[{"not_picked":["ReplayTheSpireMod:Speed Training","Eviscerate","Hidden Blade"],"picked":"SKIP","floor":1},{"not_picked":["ReplayTheSpireMod:Speed Training","Eviscerate","Hidden Blade"],"picked":"SKIP","floor":1},{"not_picked":["Draining Mist","Setup"],"picked":"Deadly Poison","floor":2},{"not_picked":["Underhanded Strike","Acrobatics","Backflip"],"picked":"SKIP","floor":3},{"not_picked":["Hidden Blade","Slice","Dagger Throw"],"picked":"SKIP","floor":4},{"not_picked":["Footwork","Replay:Bag of Tricks","Tactician"],"picked":"SKIP","floor":7},{"not_picked":["Terror","ReplayTheSpireMod:Speed Training"],"picked":"Poisoned Stab","floor":11},{"not_picked":["Cloak And Dagger","Slice"],"picked":"Deadly Poison","floor":12},{"not_picked":["Leg Sweep","Hidden Blade","ReplayTheSpireMod:Speed Training"],"picked":"SKIP","floor":13},{"not_picked":["Deadly Poison","Prepared"],"picked":"Bouncing Flask","floor":14},{"not_picked":["Draining Mist","Sucker Punch+1","Dagger Throw"],"picked":"SKIP","floor":18},{"not_picked":["Slice","ReplayTheSpireMod:Scrap Shanks","PiercingWail"],"picked":"SKIP","floor":19},{"not_picked":["Blade Dance+1","Backstab+1","Hidden Blade"],"picked":"SKIP","floor":22},{"not_picked":["Dodge and Roll","Deflect","Concentrate"],"picked":"SKIP","floor":23},{"not_picked":["Quick Slash","Deflect","Outmaneuver"],"picked":"SKIP","floor":24},{"not_picked":["Hidden Blade","Outmaneuver+1","Infinite Blades"],"picked":"SKIP","floor":30}],"player_experience":323166,"relics_obtained":[{"floor":9,"key":"Happy Flower"},{"floor":26,"key":"ReplayTheSpireMod:Shallot"}],"event_choices":[{"damage_healed":0,"gold_gain":0,"player_choice":"Donut","damage_taken":0,"max_hp_gain":5,"max_hp_loss":0,"event_name":"Big Fish","floor":0,"gold_loss":0},{"damage_healed":0,"gold_gain":0,"player_choice":"Take Damage","damage_taken":18,"relics_obtained":["Golden Idol"],"max_hp_gain":0,"max_hp_loss":0,"event_name":"Golden Idol","floor":5,"gold_loss":0},{"damage_healed":0,"gold_gain":0,"player_choice":"Damaged","damage_taken":7,"max_hp_gain":0,"max_hp_loss":0,"event_name":"Wheel of Change","floor":20,"gold_loss":0}],"is_beta":false,"boss_relics":[{"not_picked":["Replay:Grab Bag","Coffee Dripper"],"picked":"Empty Cage"}],"items_purged_floors":[8,21,25],"is_endless":false,"potions_floor_spawned":[1,3,7,12,18,19,23],"killed_by":"Sentry and Sphere","ascension_level":1}}