{"host":"qrbkigq52dd42dk0","time":1610984272,"event":{"mods":["AchievementEnabler","BaseMod","Colored Map","Colored Powertips","Minty Spire (QoL Compilation)","Quick Restart","StSLib","SuperFastMode","The IronCluck"],"gold_per_floor":[118,118,131,144,94,94,120,45,45,45,73,92,92,103,103,202,202,216,116,116,116,116,150,150,175,175,175,50,50,64,98,98,202,202,213,488,502,522,229,257,307,307,331,281,281,194,214,248,248,248,248,248,98,131,131],"floor_reached":56,"language":"ENG","playtime":4637,"items_purged":["Defend_R","Defend_R+1","Strike_R","Searing Blow+1","Burning Pact","Dropkick+1"],"score":1942,"play_id":"ff39e6f2-2f3f-4875-a64d-95e0937d8971","local_time":"20210118163752","is_ascension_mode":true,"campfire_choices":[{"data":"Rage","floor":10,"key":"SMITH"},{"data":"Spot Weakness","floor":13,"key":"SMITH"},{"data":"Pommel Strike","floor":15,"key":"SMITH"},{"data":"Battle Trance","floor":24,"key":"SMITH"},{"data":"Reaper","floor":29,"key":"SMITH"},{"data":"Seeing Red","floor":32,"key":"SMITH"},{"floor":42,"key":"RECALL"},{"data":"Limit Break","floor":49,"key":"SMITH"},{"data":"Bloodletting","floor":52,"key":"SMITH"}],"circlet_count":0,"master_deck":["AscendersBane","Rage+1","Pommel Strike+1","Spot Weakness+1","Reaper+1","Spot Weakness+1","Battle Trance+1","Seeing Red+1","Carnage+1","Bloodletting+1","Limit Break+1","Limit Break+1","Pommel Strike"],"relics":["Burning Blood","NeowsBlessing","HornCleat","Whetstone","Bag of Preparation","War Paint","SlaversCollar","MutagenicStrength","Omamori","Art of War","MealTicket","Astrolabe","Akabeko","Smiling Mask","FossilizedHelix","Anchor","Nunchaku","DollysMirror","Pantograph"],"acts_visited":["Exordium","TheCity","TheBeyond","TheEnding"],"potions_floor_usage":[11,16,18,23,25,41,50],"damage_taken":[{"damage":0,"enemies":"Jaw Worm","floor":1,"turns":1},{"damage":0,"enemies":"Cultist","floor":3,"turns":1},{"damage":0,"enemies":"Small Slimes","floor":4,"turns":1},{"damage":42,"enemies":"3 Sentries","floor":7,"turns":9},{"damage":0,"enemies":"Gremlin Nob","floor":11,"turns":3},{"damage":0,"enemies":"3 Louse","floor":12,"turns":4},{"damage":4,"enemies":"Red Slaver","floor":14,"turns":2},{"damage":32,"enemies":"The Guardian","floor":16,"turns":11},{"damage":12,"enemies":"3 Byrds","floor":18,"turns":5},{"damage":17,"enemies":"Book of Stabbing","floor":23,"turns":3},{"damage":25,"enemies":"Slavers","floor":25,"turns":4},{"damage":22,"enemies":"2 Thieves","floor":30,"turns":4},{"damage":1,"enemies":"Gremlin Leader","floor":31,"turns":4},{"damage":53,"enemies":"Collector","floor":33,"turns":9},{"damage":1,"enemies":"Orb Walker","floor":35,"turns":3},{"damage":47,"enemies":"3 Darklings","floor":37,"turns":6},{"damage":40,"enemies":"Transient","floor":38,"turns":5},{"damage":32,"enemies":"Reptomancer","floor":40,"turns":6},{"damage":19,"enemies":"Mind Bloom Boss Battle","floor":41,"turns":6},{"damage":21,"enemies":"Spire Growth","floor":47,"turns":5},{"damage":28,"enemies":"Nemesis","floor":48,"turns":5},{"damage":3,"enemies":"Time Eater","floor":50,"turns":4},{"damage":75,"enemies":"Shield and Spear","floor":54,"turns":4},{"damage":94,"enemies":"The Heart","floor":55,"turns":6}],"seed_played":"-5856102930673862283","potions_obtained":[{"floor":3,"key":"SteroidPotion"},{"floor":7,"key":"AttackPotion"},{"floor":12,"key":"Block Potion"},{"floor":14,"key":"Explosive Potion"},{"floor":16,"key":"Strength Potion"},{"floor":18,"key":"ColorlessPotion"},{"floor":25,"key":"Strength Potion"},{"floor":33,"key":"SpeedPotion"},{"floor":38,"key":"Fruit Juice"},{"floor":48,"key":"ColorlessPotion"},{"floor":54,"key":"Fire Potion"}],"is_trial":false,"path_per_floor":["M","?","M","M","?","?","E","$","T","R","E","M","R","M","R","B",null,"M","$","$","?","?","E","R","E","T","?","$","R","M","E","R","B",null,"M","?","M","M","$","E","?","R","T","$","?","$","M","E","R","B",null,"R","$","E","B",null],"character_chosen":"IRONCLAD","items_purchased":["Akabeko","Bloodletting","DollysMirror"],"campfire_rested":0,"item_purchase_floors":[39,46,53],"current_hp_per_floor":[78,78,80,80,80,80,44,44,44,44,50,56,56,58,58,32,68,76,76,76,76,76,65,65,80,80,80,80,80,80,80,80,33,68,73,73,64,55,70,54,67,67,67,82,82,85,70,48,48,85,85,85,85,65,43],"gold":131,"neow_bonus":"THREE_ENEMY_KILL","is_daily":false,"chose_seed":false,"campfire_upgraded":8,"win_rate":0.0,"timestamp":1610984272,"path_taken":["M","?","?","M","?","?","E","$","T","R","E","?","R","M","R","BOSS","M","?","$","?","?","E","R","E","T","?","$","R","M","E","R","BOSS","M","?","M","?","$","E","?","R","T","$","?","$","?","E","R","BOSS","R","$","E","BOSS"],"items_purchased_type":["Relic","Card","Relic"],"build_version":"2020-12-22","purchased_purges":6,"victory":true,"max_hp_per_floor":[80,80,80,80,80,80,80,80,80,80,80,80,80,80,80,80,80,80,80,80,80,80,80,80,80,80,80,80,80,80,80,80,80,80,80,80,80,80,80,80,85,85,85,85,85,85,85,85,85,85,85,85,85,85,85],"card_choices":[{"not_picked":["Headbutt","Searing Blow"],"picked":"Rage","floor":1},{"not_picked":["Clash","Blood for Blood"],"picked":"Pommel Strike","floor":3},{"not_picked":["Clothesline","Power Through","Dropkick"],"picked":"SKIP","floor":4},{"not_picked":["Blood for Blood","Warcry","Havoc"],"picked":"SKIP","floor":7},{"not_picked":["Pommel Strike","Thunderclap"],"picked":"Spot Weakness","floor":11},{"not_picked":["True Grit","Pummel","Exhume"],"picked":"SKIP","floor":12},{"not_picked":["Clothesline","Anger","Ghostly Armor"],"picked":"SKIP","floor":14},{"not_picked":["Juggernaut","Berserk"],"picked":"Reaper","floor":16},{"not_picked":["Sever Soul+1","Feel No Pain"],"picked":"Spot Weakness+1","floor":18},{"not_picked":["Body Slam+1","True Grit","Flex"],"picked":"SKIP","floor":23},{"not_picked":["Rupture","Iron Wave","Warcry"],"picked":"SKIP","floor":25},{"not_picked":["Anger","Clash","Dark Embrace+1"],"picked":"SKIP","floor":30},{"not_picked":["Dropkick","Body Slam"],"picked":"Seeing Red","floor":31},{"not_picked":["Thunderclap","Spot Weakness","Carnage"],"picked":"SKIP","floor":35},{"not_picked":["Thunderclap","Headbutt","Clash+1"],"picked":"SKIP","floor":37},{"not_picked":["Bludgeon","Armaments","Feel No Pain+1"],"picked":"SKIP","floor":38},{"not_picked":["Flame Barrier+1","Ghostly Armor","Power Through"],"picked":"SKIP","floor":40},{"not_picked":["Flame Barrier","Carnage","Warcry+1"],"picked":"SKIP","floor":47},{"not_picked":["Impervious","Combust"],"picked":"Limit Break","floor":48},{"not_picked":["Heavy Blade","Wild Strike+1"],"picked":"Pommel Strike","floor":54}],"player_experience":167486,"relics_obtained":[{"floor":7,"key":"Whetstone"},{"floor":9,"key":"Bag of Preparation"},{"floor":11,"key":"War Paint"},{"floor":23,"key":"Omamori"},{"floor":25,"key":"Art of War"},{"floor":31,"key":"MealTicket"},{"floor":40,"key":"Smiling Mask"},{"floor":41,"key":"FossilizedHelix"},{"floor":43,"key":"Anchor"},{"floor":48,"key":"Nunchaku"},{"floor":54,"key":"Pantograph"}],"event_choices":[{"cards_removed":["Defend_R"],"damage_healed":0,"gold_gain":0,"player_choice":"Offered Basic","damage_taken":0,"max_hp_gain":0,"max_hp_loss":0,"event_name":"Bonfire Elementals","floor":2,"gold_loss":0},{"cards_removed":["Defend_R"],"damage_healed":0,"gold_gain":0,"player_choice":"Card Removal","damage_taken":0,"max_hp_gain":0,"max_hp_loss":0,"event_name":"The Cleric","floor":5,"gold_loss":50},{"damage_healed":0,"gold_gain":0,"player_choice":"Gave Potion","damage_taken":0,"relics_obtained":["HornCleat"],"max_hp_gain":0,"max_hp_loss":0,"event_name":"WeMeetAgain","floor":6,"gold_loss":0},{"damage_healed":0,"gold_gain":0,"player_choice":"Read","damage_taken":0,"max_hp_gain":0,"max_hp_loss":0,"event_name":"The Library","floor":21,"gold_loss":0,"cards_obtained":["Battle Trance"]},{"damage_healed":0,"gold_gain":0,"player_choice":"Inject Mutagens","damage_taken":0,"relics_obtained":["MutagenicStrength"],"max_hp_gain":0,"max_hp_loss":0,"event_name":"Drug Dealer","floor":22,"gold_loss":0},{"damage_healed":0,"gold_gain":0,"cards_transformed":["Bash"],"player_choice":"Transformed","damage_taken":0,"max_hp_gain":0,"max_hp_loss":0,"event_name":"Transmorgrifier","floor":27,"gold_loss":0,"cards_obtained":["Burning Pact"]},{"damage_healed":0,"gold_gain":275,"player_choice":"Desecrate","damage_taken":0,"max_hp_gain":0,"max_hp_loss":0,"event_name":"Golden Shrine","floor":36,"gold_loss":0,"cards_obtained":["Regret"]},{"damage_healed":0,"gold_gain":0,"player_choice":"Fight","damage_taken":0,"max_hp_gain":0,"max_hp_loss":0,"event_name":"MindBloom","floor":41,"gold_loss":0},{"cards_removed":["Strike_R"],"damage_healed":0,"gold_gain":0,"player_choice":"Removed Attack","damage_taken":0,"max_hp_gain":0,"max_hp_loss":0,"event_name":"Falling","floor":45,"gold_loss":0}],"is_beta":false,"boss_relics":[{"not_picked":["Runic Dome","Fusion Hammer"],"picked":"SlaversCollar"},{"not_picked":["SacredBark","Velvet Choker"],"picked":"Astrolabe"}],"items_purged_floors":[8,19,28,39,44,46],"is_endless":false,"potions_floor_spawned":[3,7,12,14,16,18,25,33,38,40,48,54],"ascension_level":12}}