{"host":"8d3fefv2347kqkpz","time":1610994247,"event":{"mods":["100% Spire Juice","AchievementEnabler","Act Like it!","Aspiration","BaseMod","Better Vampires","Colored Map","Colored Powertips","Conspire","GifTheSpireLib","Highlight Path","Mimic Mod","Minty Spire (QoL Compilation)","Quick Restart","Reimu£®≤©¿ˆ¡È√Œ£©","Relic Stats","Remilia£®¿Ÿ√◊¿Ú—«£©","Replay The Spire","Spicy Shops","StSLib","The Gatherer","The Jungle","The Senshi","The Servant 0.9.4","Waifu the Spire","vexMod"],"gold_per_floor":[116,133,133,145,186,217,217,233,269,269,75,88,113,113,113,212,212,227,227,227,237,87,127,127,148,171,197,207,39,76,113,113,234,234,260,36,104,104,139,185,205,205,228,228,27,58,89,129,129,147],"floor_reached":51,"language":"ZHS","playtime":3684,"items_purged":["Strike_G","Strike_G"],"score":736,"play_id":"1ad7a319-3a47-403a-bf1a-f528c693aa35","local_time":"20210119022407","is_ascension_mode":false,"campfire_choices":[{"floor":7.0,"key":"REST"},{"floor":10.0,"key":"REST"},{"data":"After Image","floor":15.0,"key":"SMITH"},{"data":"Neutralize","floor":24.0,"key":"SMITH"},{"floor":32,"key":"REST"},{"floor":42,"key":"REST"},{"floor":44,"key":"REST"},{"data":"Envenom","floor":49,"key":"SMITH"}],"circlet_count":0,"master_deck":["Strike_G","Strike_G","Defend_G","Defend_G","Defend_G","Defend_G","Defend_G","Survivor","Neutralize","Prepared","Blade Dance","Dash","conspire:DoublingDagger","Noxious Fumes","Quick Slash","After Image+1","Envenom+1","Neutralize+1","Cloak And Dagger","Heel Hook+1","Hidden Blade+1","Dagger Throw","Footwork","Adrenaline","Night Terror","Acrobatics","Accuracy","Prepared+1","Finesse","Accuracy","Dagger Spray","Cloak And Dagger","Blade Dance+1","Parasite","Prepared+1","Prepared+1"],"relics":["Ring of the Snake","aspiration:Nostalgia","Burning Blood","Darkstone Periapt","CaptainsWheel","Replay:Wax Seal","conspire:DecoderRing","ScarletDevilRocket","Replay:Bandana","Replay:Multitool","Potion Belt","aspiration:SecretTechniqueScroll","Snake Skull","Replay:Kaleidoscope","Snack Pack","aspiration:Lifesprig","Lantern"],"acts_visited":["Exordium","TheCity","TheBeyond"],"potions_floor_usage":[33,33,33,50,50,50,50],"damage_taken":[{"damage":2.0,"enemies":"Cultist","floor":1.0,"turns":4.0},{"damage":7.0,"enemies":"Jaw Worm","floor":2.0,"turns":6.0},{"damage":0.0,"enemies":"2 Louse","floor":4.0,"turns":3.0},{"damage":33.0,"enemies":"conspire:MimicChest","floor":5.0,"turns":10.0},{"damage":35.0,"enemies":"Gremlin Nob","floor":6.0,"turns":5.0},{"damage":2.0,"enemies":"Looter","floor":8.0,"turns":4.0},{"damage":10.0,"enemies":"3 Louse","floor":9.0,"turns":8.0},{"damage":6.0,"enemies":"3 Louse","floor":12.0,"turns":3.0},{"damage":4.0,"enemies":"Replay:BlueRogue","floor":13.0,"turns":7.0},{"damage":46.0,"enemies":"Fading Forest","floor":16.0,"turns":11.0},{"damage":10.0,"enemies":"Spheric Guardian","floor":18.0,"turns":7.0},{"damage":18.0,"enemies":"conspire:FuzzyDice","floor":21.0,"turns":8.0},{"damage":7.0,"enemies":"conspire:Head Lice","floor":23.0,"turns":10.0},{"damage":0.0,"enemies":"conspire:HollyBat","floor":25.0,"turns":8.0},{"damage":5.0,"enemies":"Snake Plant","floor":27.0,"turns":6.0},{"damage":23.0,"enemies":"Cultist and Chosen","floor":28.0,"turns":8.0},{"damage":18.0,"enemies":"Shelled Parasite and Fungi","floor":30.0,"turns":6.0},{"damage":1.0,"enemies":"Centurion and Healer","floor":31.0,"turns":10.0},{"damage":37,"enemies":"Automaton","floor":33,"turns":12},{"damage":6,"enemies":"Orb Walker","floor":35,"turns":6},{"damage":3,"enemies":"Mind Bloom Boss Battle","floor":37,"turns":8},{"damage":22,"enemies":"3 Darklings","floor":39,"turns":8},{"damage":25,"enemies":"Giant Head","floor":40,"turns":8},{"damage":12,"enemies":"4 Shapes","floor":41,"turns":7},{"damage":14,"enemies":"Spire Growth","floor":46,"turns":6},{"damage":0,"enemies":"Writhing Mass","floor":47,"turns":6},{"damage":15,"enemies":"Jaw Worm Horde","floor":48,"turns":5},{"damage":47,"enemies":"Donu and Deca","floor":50,"turns":8}],"seed_played":"3418336224350202828","potions_obtained":[{"floor":6.0,"key":"SneckoOil"},{"floor":8.0,"key":"Strength Potion"},{"floor":13.0,"key":"Poison Potion"},{"floor":18.0,"key":"Fire Potion"},{"floor":27.0,"key":"Milkshake"},{"floor":31.0,"key":"Elixir"},{"floor":33,"key":"Strength Potion"},{"floor":35,"key":"Fire Potion"},{"floor":37,"key":"AttackPotion"},{"floor":46,"key":"Swift Potion"}],"is_trial":false,"path_per_floor":["M","M","?","M","?","E","R","M","MIM","R","$","M","E","?","R","B",null,"M","?","?","M","$","E","R","M","T","M","M","$","M","M","R","B",null,"M","$","?","?","M","E","M","R","T","R","$","M","M","M","R","B",null],"character_chosen":"THE_SILENT","items_purchased":["conspire:DecoderRing","Replay:Bandana","Footwork","Snake Skull","Accuracy","Lantern","Cloak And Dagger"],"campfire_rested":5,"item_purchase_floors":[11,22,29,36,36,45,45],"current_hp_per_floor":[70,69,69,70,43,14,35,39,35,56,56,56,58,58,58,28,70,66,66,66,54,54,53,53,59,59,60,43,43,31,36,57,26,70,70,70,70,70,54,35,31,52,52,70,70,62,76,71,71,46],"gold":147,"neow_bonus":"NOSTALGIA","is_daily":false,"chose_seed":false,"campfire_upgraded":3,"win_rate":0.0,"timestamp":1610994247,"path_taken":["M","M","?","M","?","E","R","M","MIM","R","$","M","E","?","R","BOSS","M","?","?","M","$","E","R","M","T","M","M","$","M","M","R_BF","BOSS","M","?","?","?","M","E","M","R","T","R","$","M","M","M","R","BOSS"],"items_purchased_type":["Relic","Relic","Card","Relic","Card","Relic","Card"],"build_version":"2020-12-22","purchased_purges":2,"victory":true,"max_hp_per_floor":[70,70,70,70,70,70,70,70,70,70,70,70,70,70,70,70,70,70,70,70,70,70,70,70,70,70,70,70,70,70,70,70,70,70,70,70,70,70,70,70,70,70,70,70,70,70,76,76,76,76],"relic_stats":{"Darkstone Periapt":6,"counters":[28,198],"Snake Skull":[137],"obtain_stats":[{"Darkstone Periapt":5,"Potion Belt":26,"aspiration:Lifesprig":43,"Lantern":45,"ScarletDevilRocket":13,"aspiration:Nostalgia":0,"Snake Skull":36,"Replay:Multitool":23,"aspiration:SecretTechniqueScroll":34,"Replay:Kaleidoscope":37,"Burning Blood":0,"CaptainsWheel":6,"Replay:Bandana":22,"conspire:DecoderRing":11,"Snack Pack":40,"Replay:Wax Seal":9,"Ring of the Snake":0},{"Darkstone Periapt":4,"Potion Belt":14,"aspiration:Lifesprig":24,"Lantern":24,"ScarletDevilRocket":9,"aspiration:Nostalgia":0,"Snake Skull":20,"Replay:Multitool":13,"aspiration:SecretTechniqueScroll":19,"Replay:Kaleidoscope":21,"Burning Blood":0,"CaptainsWheel":5,"Replay:Bandana":12,"conspire:DecoderRing":7,"Snack Pack":23,"Replay:Wax Seal":7,"Ring of the Snake":0},{"Darkstone Periapt":23,"Potion Belt":94,"aspiration:Lifesprig":173,"Lantern":173,"ScarletDevilRocket":50,"aspiration:Nostalgia":0,"Snake Skull":142,"Replay:Multitool":86,"aspiration:SecretTechniqueScroll":136,"Replay:Kaleidoscope":150,"Burning Blood":0,"CaptainsWheel":28,"Replay:Bandana":76,"conspire:DecoderRing":40,"Snack Pack":166,"Replay:Wax Seal":40,"Ring of the Snake":0}],"Burning Blood":150,"Ring of the Snake":[56]},"card_choices":[{"not_picked":["Dagger Throw","Poisoned Stab"],"picked":"Prepared","floor":1.0},{"not_picked":["Bane","Crippling Poison"],"picked":"Blade Dance","floor":2.0},{"not_picked":["Blade Dance","Skewer"],"picked":"Dash","floor":4.0},{"not_picked":["Prepared","Dash"],"picked":"conspire:DoublingDagger","floor":6.0},{"not_picked":["Catalyst","Skewer","Deflect"],"picked":"SKIP","floor":8.0},{"not_picked":["Cloak And Dagger","Finisher"],"picked":"Noxious Fumes","floor":9.0},{"not_picked":["Bane","Predator"],"picked":"Quick Slash","floor":12.0},{"not_picked":["Prepared","Slice"],"picked":"After Image","floor":13.0},{"not_picked":["Phantasmal Killer","ReplayTheSpireMod:From All Sides"],"picked":"Envenom","floor":16.0},{"not_picked":["Catalyst","Deflect","Quick Slash+1"],"picked":"SKIP","floor":18.0},{"not_picked":["Acrobatics","Prepared","PiercingWail"],"picked":"SKIP","floor":21.0},{"not_picked":["Outmaneuver","Venomology"],"picked":"Heel Hook+1","floor":23.0},{"not_picked":["Quick Slash+1","Poisoned Stab"],"picked":"Hidden Blade+1","floor":25.0},{"not_picked":["conspire:PoisonWeapons","Outmaneuver+1","Backflip+1"],"picked":"SKIP","floor":27.0},{"not_picked":["Flying Knee+1","Sucker Punch"],"picked":"Dagger Throw","floor":28.0},{"not_picked":["PiercingWail","Cloak And Dagger"],"picked":"Adrenaline","floor":30.0},{"not_picked":["Flying Knee+1","Bane","Acrobatics"],"picked":"SKIP","floor":31.0},{"not_picked":["Venomology","Unload"],"picked":"Night Terror","floor":33},{"not_picked":["Outmaneuver","Skewer+1"],"picked":"Acrobatics","floor":35},{"not_picked":["Underhanded Strike+1","All Out Attack+1"],"picked":"Prepared+1","floor":37},{"not_picked":["Panache","Secret Weapon"],"picked":"Finesse","floor":38},{"not_picked":["Reflex","Outmaneuver+1","Backflip+1"],"picked":"SKIP","floor":39},{"not_picked":["Dodge and Roll+1","Escape Plan"],"picked":"Accuracy","floor":40},{"not_picked":["Blade Dance","Well Laid Plans+1"],"picked":"Dagger Spray","floor":41},{"not_picked":["Dagger Spray+1","Terror"],"picked":"Blade Dance+1","floor":46},{"not_picked":["Endless Agony+1","Flying Knee"],"picked":"Prepared+1","floor":47},{"not_picked":["Acrobatics+1","Cloak And Dagger"],"picked":"Prepared+1","floor":48}],"player_experience":91899,"relics_obtained":[{"floor":5.0,"key":"Darkstone Periapt"},{"floor":6.0,"key":"CaptainsWheel"},{"floor":9.0,"key":"Replay:Wax Seal"},{"floor":13.0,"key":"ScarletDevilRocket"},{"floor":23.0,"key":"Replay:Multitool"},{"floor":26.0,"key":"Potion Belt"},{"floor":37,"key":"Replay:Kaleidoscope"},{"floor":40,"key":"Snack Pack"},{"floor":43,"key":"aspiration:Lifesprig"}],"event_choices":[{"damage_healed":0.0,"max_hp_gain":0.0,"max_hp_loss":0.0,"gold_gain":0.0,"event_name":"conspire:Investor","player_choice":"Leave","floor":3.0,"gold_loss":0.0,"damage_taken":0.0},{"cards_removed":["Strike_G"],"damage_healed":0.0,"max_hp_gain":0.0,"max_hp_loss":0.0,"gold_gain":0.0,"event_name":"Living Wall","player_choice":"Forget","floor":14.0,"gold_loss":0.0,"damage_taken":0.0},{"damage_healed":0.0,"max_hp_gain":0.0,"max_hp_loss":0.0,"gold_gain":0.0,"event_name":"The Mausoleum","player_choice":"Ignored","floor":19.0,"gold_loss":0.0,"damage_taken":0.0},{"damage_healed":0.0,"max_hp_gain":0.0,"max_hp_loss":0.0,"gold_gain":0.0,"event_name":"Match and Keep!","player_choice":"2 cards matched","floor":20.0,"gold_loss":0.0,"damage_taken":0.0,"cards_obtained":["Neutralize","Cloak And Dagger"]},{"damage_healed":0,"gold_gain":0,"player_choice":"Fight","damage_taken":0,"max_hp_gain":0,"max_hp_loss":0,"event_name":"MindBloom","floor":37,"gold_loss":0},{"damage_healed":0,"gold_gain":0,"player_choice":"Memory 1","damage_taken":0,"max_hp_gain":0,"max_hp_loss":0,"event_name":"SensoryStone","floor":38,"gold_loss":0}],"is_beta":false,"boss_relics":[{"not_picked":["vexMod:FluxCapacitor","Replay:Drink Me","Replay:Grab Bag"]},{"not_picked":["Snecko Scales","Velvet Choker"],"picked":"aspiration:SecretTechniqueScroll"}],"items_purged_floors":[11,29],"is_endless":false,"potions_floor_spawned":[6,8,13,18,23,27,31,33,35,37,46],"ascension_level":0}}