{"host":"t6r1isv2bex5ovch","time":1610946827,"event":{"mods":["AchievementEnabler","Act Like it!","Aspiration","BaseMod","Better Altar","Better Match","Better Note","Better Sensory Stone","Better Skull","Better Third Choice","Better Vampires","Colored Powertips","Displayed Cursed Tome","Evolution","Fox Events","Hubris","Minty Spire (QoL Compilation)","StSLib","The Jungle"],"gold_per_floor":[116,132,132,143,143,176,187,220,220,238,16,116,144,44,44,44,44],"floor_reached":16,"language":"ENG","playtime":1154,"items_purged":["Strike_P","Defend_P"],"score":132,"play_id":"07e126b7-c677-4282-b05e-d230e7d5c4be","local_time":"20210118151347","is_ascension_mode":true,"campfire_choices":[{"floor":15,"key":"RECALL"}],"circlet_count":0,"master_deck":["Strike_P","Strike_P","Strike_P","Defend_P","Defend_P","Defend_P","Eruption+1","Vigilance","Consecrate","Injury","Perseverance","Prostrate","Prostrate","Judgement"],"relics":["PureWater","EVO:Axolotl","aspiration:DSix","Molten Egg 2","Ancient Tea Set","Bag of Preparation","Happy Flower","aspiration:HiddenCompartment"],"acts_visited":["Exordium"],"potions_floor_usage":[6,13,13],"damage_taken":[{"damage":0,"enemies":"Small Slimes","floor":1,"turns":2},{"damage":0,"enemies":"Cultist","floor":2,"turns":4},{"damage":0,"enemies":"Jaw Worm","floor":4,"turns":4},{"damage":15,"enemies":"Gremlin Nob","floor":6,"turns":4},{"damage":7,"enemies":"2 Fungi Beasts","floor":7,"turns":4},{"damage":43,"enemies":"Lagavulin","floor":8,"turns":7},{"damage":0,"enemies":"Looter","floor":10,"turns":1},{"damage":2,"enemies":"Gremlin Nob","floor":13,"turns":3},{"damage":6,"enemies":"Hexaghost","floor":16,"turns":9}],"seed_played":"489793677030195058","potions_obtained":[{"floor":4,"key":"StancePotion"},{"floor":8,"key":"Weak Potion"},{"floor":10,"key":"LiquidMemories"}],"is_trial":false,"path_per_floor":["M","M","?","M","?","E","M","E","T","M","$","?","E","$","R","B"],"character_chosen":"WATCHER","items_purchased":["Happy Flower"],"campfire_rested":0,"item_purchase_floors":[11],"current_hp_per_floor":[72,72,72,72,72,57,50,7,7,7,7,7,5,5,5,0,0],"gold":44,"neow_bonus":"DSIX","is_daily":false,"chose_seed":false,"campfire_upgraded":0,"win_rate":0.0,"timestamp":1610946827,"path_taken":["M","M","?","M","?","E","M","E","T","M","$","?","E","$","R","BOSS"],"items_purchased_type":["Relic"],"build_version":"2020-12-22","purchased_purges":2,"victory":false,"max_hp_per_floor":[72,72,72,72,72,72,72,72,72,72,72,72,72,72,72,72,72],"card_choices":[{"not_picked":["EmptyFist","CarveReality"],"picked":"Consecrate","floor":1},{"not_picked":["CutThroughFate","CrushJoints","FlyingSleeves"],"picked":"SKIP","floor":2},{"not_picked":["FollowUp+1","CarveReality+1"],"picked":"Perseverance","floor":4},{"not_picked":["Wallop+1","PathToVictory"],"picked":"Prostrate","floor":6},{"not_picked":["CrushJoints+1","CutThroughFate+1"],"picked":"Prostrate","floor":7},{"not_picked":["ThirdEye","ClearTheMind"],"picked":"Judgement","floor":8},{"not_picked":["ThirdEye","Wallop+1","SashWhip+1"],"picked":"SKIP","floor":10},{"not_picked":["Evaluate","JustLucky+1","FearNoEvil+1"],"picked":"SKIP","floor":13}],"player_experience":328220,"relics_obtained":[{"floor":6,"key":"Ancient Tea Set"},{"floor":8,"key":"Bag of Preparation"},{"floor":13,"key":"aspiration:HiddenCompartment"}],"event_choices":[{"damage_healed":0,"gold_gain":100,"player_choice":"Pray","damage_taken":0,"max_hp_gain":0,"max_hp_loss":0,"event_name":"Golden Shrine","floor":12,"gold_loss":0}],"is_beta":false,"boss_relics":[],"items_purged_floors":[11,14],"is_endless":false,"potions_floor_spawned":[4,8,10],"killed_by":"Hexaghost","ascension_level":2}}