{"host":"6hlsrxv6hlblvymy","time":1610951418,"event":{"mods":["AchievementEnabler","Act Like it!","BaseMod","Better Third Choice","Card Forge","Downfall","Infinite Spire","Minty Spire (QoL Compilation)","StSLib","The Blue Laboratory","The Bug Knight"],"gold_per_floor":[99,119,135,135,148,167,221,251,101,136,52,70,70,70,84,188,188,138,138,88,107,123,137,160,94,107,135,149,161,177,177,195,295,345,220,220,220,170,181,166,220,236,146,146,96,112,65,99,99,99,99],"floor_reached":49,"language":"ENG","playtime":6599,"items_purged":["Slimebound:Darklings+1","Slimebound:SpikyOuterGoop"],"score":574,"play_id":"3a344b21-b254-4ebb-946d-c510f3706689","local_time":"20210118013018","is_ascension_mode":false,"campfire_choices":[{"floor":1.0,"key":"RECALL"},{"data":"Slimebound:GoopTackle","floor":9.0,"key":"SMITH"},{"data":"Slimebound:LeechLife","floor":18.0,"key":"SMITH"},{"data":"Slimebound:OozeBath","floor":20.0,"key":"SMITH"},{"data":"Slimebound:OozeBath","floor":35.0,"key":"SMITH"},{"data":"Slimebound:Darklings","floor":38.0,"key":"SMITH"},{"floor":45,"key":"REST"}],"circlet_count":0,"master_deck":["Slimebound:Strike_Slimebound","Slimebound:Strike_Slimebound","Slimebound:Strike_Slimebound","Slimebound:Tackle","Slimebound:Defend_Slimebound","Slimebound:Defend_Slimebound","Slimebound:Defend_Slimebound","Slimebound:Defend_Slimebound","Slimebound:Split","Slimebound:CorrosiveSpit","Madness","Slimebound:RollThrough","Slimebound:GoopSpray+1","Slimebound:MassFeed","Slimebound:LeechEnergy","Slimebound:GoopTackle+1","Slimebound:Prepare","Slimebound:AcidTongue","Slimebound:SamplingLick+1","Slimebound:Equalize","Slimebound:LeechLife+1","Slimebound:Repurpose+1","Slimebound:OozeBath+1","Slimebound:Gluttony+1","Slimebound:LeechingTouch","Slimebound:SamplingLick+1","Slimebound:OozeBath+1","Slimebound:ItLooksTasty","expansioncontent:Chronoboost"],"relics":["Slimebound:AbsorbEndCombat","Hammer of Thor","Seething Fire","Anvil of the Gods","Omamori","downfall:HeartBlessingRed","downfall:HeartBlessingBlue","Pear","Slimebound:GreedOozeRelic","Sozu","infinitespire:Lucky Rock","Potion Belt","Tiny House","downfall:HeartBlessingGreen","Bag of Preparation","ClockworkSouvenir","infinitespire:CheckeredPen"],"acts_visited":[],"potions_floor_usage":[],"damage_taken":[{"damage":7.0,"enemies":"Cultist","floor":2.0,"turns":4.0},{"damage":11.0,"enemies":"Jaw Worm","floor":3.0,"turns":4.0},{"damage":4.0,"enemies":"Small Slimes","floor":5.0,"turns":2.0},{"damage":2.0,"enemies":"2 Fungi Beasts","floor":6.0,"turns":3.0},{"damage":36.0,"enemies":"HollowMod:MossKnight","floor":8.0,"turns":9.0},{"damage":36.0,"enemies":"Lagavulin","floor":10.0,"turns":4.0},{"damage":4.0,"enemies":"downfall:FleeingMerchant","floor":11.0,"turns":4.0},{"damage":0.0,"enemies":"3 Louse","floor":12.0,"turns":2.0},{"damage":3.0,"enemies":"Blue Slaver","floor":15.0,"turns":3.0},{"damage":38.0,"enemies":"downfall:CharBossSilent","floor":16.0,"turns":6.0},{"damage":28.0,"enemies":"Spheric Guardian","floor":21.0,"turns":5.0},{"damage":14.0,"enemies":"Chosen","floor":22.0,"turns":3.0},{"damage":45.0,"enemies":"Shelled Parasite and Fungi","floor":23.0,"turns":4.0},{"damage":2.0,"enemies":"downfall:FleeingMerchant","floor":25.0,"turns":4.0},{"damage":16.0,"enemies":"Cultist and Chosen","floor":26.0,"turns":6.0},{"damage":31.0,"enemies":"Book of Stabbing","floor":27.0,"turns":4.0},{"damage":31.0,"enemies":"Sentry and Sphere","floor":28.0,"turns":4.0},{"damage":9.0,"enemies":"Snecko","floor":29.0,"turns":3.0},{"damage":18.0,"enemies":"Snake Plant","floor":30.0,"turns":3.0},{"damage":16.0,"enemies":"Centurion and Healer","floor":32.0,"turns":4.0},{"damage":56.0,"enemies":"downfall:CharBossWatcher","floor":33.0,"turns":8.0},{"damage":49.0,"enemies":"3 Shapes","floor":39.0,"turns":5.0},{"damage":27.0,"enemies":"downfall:FleeingMerchant","floor":40.0,"turns":4.0},{"damage":76.0,"enemies":"3 Darklings","floor":42.0,"turns":5.0},{"damage":9,"enemies":"downfall:FleeingMerchant","floor":43,"turns":4},{"damage":44,"enemies":"Spire Growth","floor":46,"turns":5},{"damage":0,"enemies":"downfall:FleeingMerchant","floor":47,"turns":2},{"damage":36,"enemies":"Nemesis","floor":48,"turns":7},{"damage":42,"enemies":"Maw","floor":49,"turns":6}],"seed_played":"-5641458549585014510","potions_obtained":[{"floor":2.0,"key":"ColorlessPotion"},{"floor":6.0,"key":"PowerPotion"},{"floor":10.0,"key":"Block Potion"},{"floor":12.0,"key":"blueLaboratory:BubblePotion"}],"is_trial":false,"path_per_floor":["R","M","M","?","M","M","T","E","R","E","$","M","?","?","M","B",null,"R","?","R","M","M","M","T","$","M","E","M","M","M","?","M","B",null,"R","?","?","R","M","$","T","M","$","?","R","M","$","E","M"],"character_chosen":"SLIMEBOUND","items_purchased":["Slimebound:AcidTongue","Slimebound:LeechingTouch","Bag of Preparation","ClockworkSouvenir"],"campfire_rested":1,"item_purchase_floors":[11,25,47,47],"current_hp_per_floor":[60,57,54,54,58,58,58,41,51,33,37,39,39,39,38,10,83,83,83,83,71,74,48,48,68,80,69,46,61,67,67,72,60,94,94,94,94,94,69,58,58,22,22,22,50,16,34,24,0,0,0],"gold":99,"neow_bonus":"RANDOM_COLORLESS","is_daily":false,"chose_seed":false,"campfire_upgraded":5,"win_rate":0.0,"timestamp":1610951418,"path_taken":["R","M","M","?","M","M","T","E","R","E","?","?","?","?","M","BOSS","R","?","R","M","M","M","T","$","M","E","M","M","M","?","M","BOSS","R","?","?","R","?","$","T","M","$","?","R","M","?","E","M"],"items_purchased_type":["Card","Card","Relic","Relic"],"build_version":"2020-12-22","purchased_purges":2,"victory":false,"max_hp_per_floor":[60,60,60,60,60,60,60,63,73,83,83,83,83,83,83,83,83,83,83,83,83,83,86,86,86,86,89,89,89,89,89,89,89,94,94,94,94,94,94,94,94,94,94,94,94,97,97,97,97,97,97],"card_choices":[{"not_picked":["expansioncontent:GuardianWhirl","Purity"],"picked":"expansioncontent:TimeRipple","floor":0.0},{"not_picked":["Slimebound:Schlurp","Slimebound:ComboTackle"],"picked":"Slimebound:RollThrough","floor":2.0},{"not_picked":["Slimebound:SplitAcid","Slimebound:PressTheAttack"],"picked":"Slimebound:GoopSpray","floor":3.0},{"not_picked":["Slimebound:SplitBruiser","Slimebound:SamplingLick"],"picked":"Slimebound:MassFeed","floor":5.0},{"not_picked":["Slimebound:SplitMire","Slimebound:Schlurp"],"picked":"Slimebound:LeechEnergy","floor":6.0},{"not_picked":["Slimebound:LeechingTouch","Slimebound:Grow"],"picked":"Slimebound:GoopTackle","floor":8.0},{"not_picked":["Slimebound:MassFeed","Slimebound:FormOfPuddle"],"picked":"Slimebound:Prepare","floor":10.0},{"not_picked":["Slimebound:Schlurp","Slimebound:ComboTackle"],"picked":"Slimebound:SamplingLick","floor":12.0},{"not_picked":["Slimebound:FirmFortitude","Slimebound:FlameTackle"],"picked":"Slimebound:SpikyOuterGoop","floor":15.0},{"not_picked":["Slimebound:SlimeTap+1","Slimebound:SamplingLick"],"picked":"Slimebound:Gluttony+1","floor":21.0},{"not_picked":["Slimebound:SlimeSpikes","Slimebound:RainOfGoop","Slimebound:Repurpose"],"picked":"SKIP","floor":22.0},{"not_picked":["Slimebound:SplitLeeching","Slimebound:ViciousTackle","Slimebound:SplitMire"],"picked":"SKIP","floor":23.0},{"not_picked":["Slimebound:LeadByExample+1","Slimebound:ServeAndProtect+1","Slimebound:FinishingTackle"],"picked":"SKIP","floor":26.0},{"not_picked":["Slimebound:LeadByExample+1","Slimebound:ServeAndProtect+1","Slimebound:FinishingTackle"],"picked":"SKIP","floor":26.0},{"not_picked":["Slimebound:Gluttony","Slimebound:SpikyOuterGoop","Slimebound:SamplingLick"],"picked":"SKIP","floor":27.0},{"not_picked":["Slimebound:RollThrough","Slimebound:ProtectTheBoss","Slimebound:SplitLeeching+1"],"picked":"SKIP","floor":28.0},{"not_picked":["Slimebound:LeadByExample","Slimebound:ForwardTackle","Slimebound:AcidTongue"],"picked":"SKIP","floor":29.0},{"not_picked":["Slimebound:GoopSpray","Slimebound:Repurpose+1"],"picked":"Slimebound:SamplingLick+1","floor":30.0},{"not_picked":["Slimebound:LeechingTouch+1","Slimebound:GoopSpray","Slimebound:SplitMire"],"picked":"SKIP","floor":32.0},{"not_picked":["Slimebound:OneTwoCombo","Slimebound:PrepareCrush"],"picked":"Slimebound:OozeBath","floor":33.0},{"not_picked":["Slimebound:DivideAndConquer+1","Slimebound:GoopSpray","Slimebound:DisruptingSlam+1"],"picked":"SKIP","floor":39.0},{"not_picked":["Slimebound:SplitMire","Slimebound:Equalize"],"picked":"Slimebound:ItLooksTasty","floor":42},{"not_picked":["Slimebound:ForwardTackle+1","Slimebound:WasteNot","Slimebound:SlimeSpikes"],"picked":"SKIP","floor":43},{"not_picked":["expansioncontent:YouAreMine","expansioncontent:GuardianWhirl"],"picked":"expansioncontent:Chronoboost","floor":44},{"not_picked":["Slimebound:LeechEnergy","Slimebound:RainOfGoop","Slimebound:MegaLick"],"picked":"SKIP","floor":46},{"not_picked":["Slimebound:SamplingLick+1","Slimebound:LeadByExample+1","Slimebound:SelfFormingGoo"],"picked":"SKIP","floor":47},{"not_picked":["Slimebound:LeechLife","Slimebound:SplitMire+1","Slimebound:Dissolve"],"picked":"SKIP","floor":48}],"player_experience":132914,"relics_obtained":[{"floor":8.0,"key":"Omamori"},{"floor":10.0,"key":"Pear"},{"floor":24.0,"key":"infinitespire:Lucky Rock"},{"floor":27.0,"key":"Potion Belt"},{"floor":48,"key":"infinitespire:CheckeredPen"}],"event_choices":[{"damage_healed":0.0,"max_hp_gain":0.0,"max_hp_loss":0.0,"gold_gain":0.0,"event_name":"Accursed Blacksmith","player_choice":"Forge","floor":4.0,"gold_loss":0.0,"damage_taken":0.0,"cards_upgraded":["Slimebound:GoopSpray"]},{"damage_healed":0.0,"max_hp_gain":0.0,"max_hp_loss":0.0,"gold_gain":0.0,"event_name":"Transmorgrifier","player_choice":"Ignored","floor":37.0,"gold_loss":0.0,"damage_taken":0.0}],"is_beta":false,"boss_relics":[{"not_picked":["Astrolabe","Philosopher\u0027s Stone"],"picked":"Sozu"},{"not_picked":["infinitespire:Cupcake","Coffee Dripper"],"picked":"Tiny House"}],"items_purged_floors":[43,47],"is_endless":false,"potions_floor_spawned":[2,6,10,12,21,22,23,26,30,39,42],"killed_by":"Maw","ascension_level":0}}