{"host":"cyg2l0kxxafiqofp","time":1610980945,"event":{"mods":["BaseMod","Colored Map","Colored Powertips","Highlight Path","Minty Spire (QoL Compilation)","Permanent Neow","Quick Restart","Replay The Spire","StSLib"],"gold_per_floor":[113,26,26,26,88,113,127,127,150,181,196,228,248,262,262,363,363,380,397,397,411,423,423,448,19,71,3,28,42,54,54,54],"floor_reached":31,"language":"ENG","playtime":5218,"items_purged":["Strike_G"],"score":434,"play_id":"08204622-2445-4e4f-8b1e-4670d347e627","local_time":"20210118094225","is_ascension_mode":true,"campfire_choices":[{"floor":8.0,"key":"RECALL"},{"data":"Noxious Fumes","floor":15.0,"key":"SMITH"},{"data":"Well Laid Plans","floor":23,"key":"SMITH"}],"circlet_count":0,"master_deck":["Strike_G","Strike_G","Strike_G","Defend_G","Defend_G","Defend_G","Defend_G","Defend_G","Survivor","Neutralize","Hidden Blade","Outmaneuver+1","Dagger Throw","ReplayTheSpireMod:Speed Training","Draining Mist","Cloak And Dagger","Deadly Poison","Tools of the Trade","Noxious Fumes+1","Outmaneuver","Adrenaline","Blade Dance+1","Well Laid Plans+1","Sneak Up+1","ReplayTheSpireMod:Speed Training+1","Backflip+1","After Image","Infinite Blades","Catalyst","Dodge and Roll","Dash+1"],"relics":["Coffee Dripper","Divine Protection","Ancient Tea Set","ReplayTheSpireMod:TigerMarble","Snake Skull","HoveringKite","Letter Opener","ReplayTheSpireMod:Lightbulb","Tiny Chest"],"acts_visited":["Exordium","TheCity"],"potions_floor_usage":[16,16,19,24,28,29,29],"damage_taken":[{"damage":3.0,"enemies":"2 Louse","floor":1.0,"turns":4.0},{"damage":15.0,"enemies":"3 Sentries","floor":6.0,"turns":6.0},{"damage":0.0,"enemies":"Jaw Worm","floor":7.0,"turns":4.0},{"damage":8.0,"enemies":"Gremlin Nob","floor":10.0,"turns":4.0},{"damage":0.0,"enemies":"Small Slimes","floor":11.0,"turns":3.0},{"damage":0.0,"enemies":"Replay:BlueRogue","floor":12.0,"turns":5.0},{"damage":0.0,"enemies":"Red Slaver","floor":13.0,"turns":3.0},{"damage":12.0,"enemies":"Lots of Slimes","floor":14.0,"turns":5.0},{"damage":0,"enemies":"Slime Boss","floor":16,"turns":7},{"damage":6,"enemies":"Shell Parasite","floor":18,"turns":6},{"damage":18,"enemies":"2 Thieves","floor":19,"turns":4},{"damage":28,"enemies":"Sentry and Sphere","floor":21,"turns":6},{"damage":15,"enemies":"Snecko","floor":22,"turns":6},{"damage":2,"enemies":"Replay:Snechameleon","floor":24,"turns":6},{"damage":38,"enemies":"Slavers","floor":28,"turns":5},{"damage":0,"enemies":"Centurion and Healer","floor":29,"turns":6},{"damage":1,"enemies":"Snake Plant","floor":30,"turns":4},{"damage":0,"enemies":"Book of Stabbing","floor":31,"turns":2}],"seed_played":"-7546229826961903664","potions_obtained":[{"floor":1.0,"key":"PowerPotion"},{"floor":5.0,"key":"PowerPotion"},{"floor":5.0,"key":"BlessingOfTheForge"},{"floor":6.0,"key":"Strength Potion"},{"floor":10.0,"key":"BlessingOfTheForge"},{"floor":12.0,"key":"Weak Potion"},{"floor":14.0,"key":"SteroidPotion"},{"floor":22,"key":"SneckoOil"},{"floor":24,"key":"Block Potion"},{"floor":28,"key":"Energy Potion"}],"is_trial":false,"path_per_floor":["M","$","?","?","?","E","M","R","T","E","M","E","M","M","R","B",null,"M","M","?","M","M","R","E","$","T","$","E","M","M","E"],"character_chosen":"THE_SILENT","items_purchased":["Outmaneuver+1","Dagger Throw","After Image","ReplayTheSpireMod:Lightbulb","Infinite Blades"],"campfire_rested":0,"item_purchase_floors":[2,2,25,25,27],"current_hp_per_floor":[67,67,60,65,47,32,32,32,32,24,24,24,24,12,12,12,75,69,51,85,57,42,42,40,40,40,40,2,2,1,1,1],"gold":54,"neow_bonus":"BOSS_RELIC","is_daily":false,"chose_seed":false,"campfire_upgraded":2,"win_rate":0.0,"timestamp":1610980945,"path_taken":["M","$","?","?","?","E","M","R","T","E","M","E","M","M","R","BOSS","M","M","?","?","M","R","E","?","T","$","E","?","M","E"],"items_purchased_type":["Card","Card","Card","Relic","Card"],"build_version":"2020-12-22","purchased_purges":1,"victory":false,"max_hp_per_floor":[70,70,70,75,75,75,75,75,75,75,75,75,75,75,75,75,75,75,75,85,85,85,85,85,85,85,85,85,85,85,85,85],"card_choices":[{"not_picked":["Tactician","Poisoned Stab"],"picked":"Hidden Blade","floor":1.0},{"not_picked":["Bane","Caltrops"],"picked":"Storm of Steel","floor":5.0},{"not_picked":["Dodge and Roll","Deflect"],"picked":"ReplayTheSpireMod:Speed Training","floor":6.0},{"not_picked":["Catalyst","Heel Hook"],"picked":"Draining Mist","floor":7.0},{"not_picked":["ReplayTheSpireMod:Shiv Toss","Backflip"],"picked":"Cloak And Dagger","floor":10.0},{"not_picked":["Sneak Up","ReplayTheSpireMod:The Works"],"picked":"Deadly Poison","floor":11.0},{"not_picked":["Outmaneuver","Wraith Form v2"],"picked":"Tools of the Trade","floor":12.0},{"not_picked":["Flying Knee","ReplayTheSpireMod:Shiv Toss"],"picked":"Noxious Fumes","floor":13.0},{"not_picked":["Dodge and Roll","PiercingWail"],"picked":"Outmaneuver","floor":14.0},{"not_picked":["Burst","Grand Finale"],"picked":"Adrenaline","floor":16},{"not_picked":["Calculated Gamble+1","Bane"],"picked":"Blade Dance+1","floor":18},{"not_picked":["Calculated Gamble","ReplayTheSpireMod:Shiv Toss+1"],"picked":"Well Laid Plans","floor":19},{"not_picked":["Dagger Spray","Dagger Throw"],"picked":"Sneak Up+1","floor":21},{"not_picked":["Cloak And Dagger","Underhanded Strike+1"],"picked":"ReplayTheSpireMod:Speed Training+1","floor":22},{"not_picked":["ReplayTheSpireMod:Scrap Shanks","PiercingWail"],"picked":"Backflip+1","floor":24},{"not_picked":["Slice","Blade Dance"],"picked":"Catalyst","floor":28},{"not_picked":["Dagger Spray","Slice"],"picked":"Dodge and Roll","floor":29},{"not_picked":["Poisoned Stab","Atom Bomb"],"picked":"Dash+1","floor":30}],"player_experience":226773,"relics_obtained":[{"floor":6.0,"key":"Divine Protection"},{"floor":9.0,"key":"Ancient Tea Set"},{"floor":10.0,"key":"ReplayTheSpireMod:TigerMarble"},{"floor":12.0,"key":"Snake Skull"},{"floor":24,"key":"Letter Opener"},{"floor":28,"key":"Tiny Chest"}],"event_choices":[{"cards_removed":["Strike_G"],"damage_healed":0.0,"max_hp_gain":0.0,"max_hp_loss":0.0,"gold_gain":0.0,"event_name":"Golden Wing","player_choice":"Card Removal","floor":3.0,"gold_loss":0.0,"damage_taken":7.0},{"damage_healed":0.0,"max_hp_gain":5.0,"max_hp_loss":0.0,"gold_gain":0.0,"event_name":"Big Fish","player_choice":"Donut","floor":4.0,"gold_loss":0.0,"damage_taken":0.0},{"cards_removed":["Storm of Steel"],"damage_healed":24,"gold_gain":0,"player_choice":"Offered Rare","damage_taken":0,"max_hp_gain":10,"max_hp_loss":0,"event_name":"Bonfire Elementals","floor":20,"gold_loss":0}],"is_beta":false,"boss_relics":[{"not_picked":["Replay:Bronze Core","SacredBark"],"picked":"HoveringKite"}],"items_purged_floors":[25],"is_endless":false,"potions_floor_spawned":[1,6,10,12,14,22,24,28],"killed_by":"Book of Stabbing","ascension_level":2}}