{"host":"qik6c64y69p9jmph","time":1610943950,"event":{"mods":["AchievementEnabler","BaseMod","Downfall","Highlight Path","Minty Spire (QoL Compilation)","Quick Restart","StSLib","Synergy Search"],"gold_per_floor":[99,116,116,116,131,147,147,147,178,189,219,319,319,333,353,456,456,456,456,456,466,486,242,316,347,447,447,447,447],"floor_reached":27,"language":"ENG","playtime":1841,"items_purged":[],"score":279,"play_id":"4948517e-8910-400a-a876-e1e15fa6e875","local_time":"20210117232550","is_ascension_mode":true,"campfire_choices":[{"data":"Slimebound:SamplingLick","floor":1.0,"key":"SMITH"},{"data":"Slimebound:RainOfGoop","floor":8.0,"key":"SMITH"},{"floor":13.0,"key":"REST"},{"data":"Slimebound:Darklings","floor":18,"key":"SMITH"}],"circlet_count":0,"master_deck":["Slimebound:Strike_Slimebound","Slimebound:Strike_Slimebound","Slimebound:Strike_Slimebound","Slimebound:Tackle","Slimebound:Defend_Slimebound","Slimebound:Defend_Slimebound","Slimebound:Defend_Slimebound","Slimebound:Defend_Slimebound","Slimebound:Split","Slimebound:CorrosiveSpit","Slimebound:SamplingLick+1","Slimebound:GrowthPunch","Slimebound:RainOfGoop+1","Slimebound:HungryTackle","Slimebound:WasteNot","Slimebound:LeechingTouch","Slimebound:Darklings+1","CurseOfTheBell","Slimebound:Dissolve","Slimebound:LivingWall","Slimebound:Schlurp","Slimebound:Teamwork","Slimebound:Gluttony+1","Pride"],"relics":["Slimebound:AbsorbEndCombat","Pear","HornCleat","CaptainsWheel","Calling Bell","Art of War","Meat on the Bone","Peace Pipe","Oddly Smooth Stone","InkBottle","Toxic Egg 2"],"acts_visited":["Exordium","TheCity"],"potions_floor_usage":[16,22,25],"damage_taken":[{"damage":0.0,"enemies":"Cultist","floor":2.0,"turns":3.0},{"damage":0.0,"enemies":"2 Louse","floor":5.0,"turns":3.0},{"damage":2.0,"enemies":"Jaw Worm","floor":6.0,"turns":3.0},{"damage":32.0,"enemies":"Gremlin Nob","floor":9.0,"turns":4.0},{"damage":9.0,"enemies":"Exordium Wildlife","floor":10.0,"turns":5.0},{"damage":12.0,"enemies":"3 Sentries","floor":11.0,"turns":8.0},{"damage":6.0,"enemies":"2 Fungi Beasts","floor":14.0,"turns":3.0},{"damage":0.0,"enemies":"3 Louse","floor":15.0,"turns":3.0},{"damage":52,"enemies":"IC_STATUS_ARCHETYPE","floor":16,"turns":11},{"damage":0,"enemies":"Chosen","floor":19,"turns":1},{"damage":8,"enemies":"Shell Parasite","floor":21,"turns":5},{"damage":18,"enemies":"Centurion and Healer","floor":22,"turns":9},{"damage":3,"enemies":"downfall:FleeingMerchant","floor":23,"turns":4},{"damage":0,"enemies":"Book of Stabbing","floor":25,"turns":7},{"damage":38,"enemies":"Slavers","floor":27,"turns":5}],"seed_played":"96590639627900445","potions_obtained":[{"floor":5.0,"key":"SteroidPotion"},{"floor":10.0,"key":"Ancient Potion"},{"floor":11.0,"key":"bronze:BurnAndBuffPotion"},{"floor":15.0,"key":"Ancient Potion"},{"floor":21,"key":"Slimebound:SlimedPotion"},{"floor":22,"key":"Weak Potion"}],"is_trial":false,"path_per_floor":["R","M","?","?","M","M","T","R","E","M","E","?","R","M","M","B",null,"R","M","?","M","M","$","T","E","?","E"],"character_chosen":"SLIMEBOUND","items_purchased":["Oddly Smooth Stone","Slimebound:Teamwork"],"campfire_rested":1,"item_purchase_floors":[23,23],"current_hp_per_floor":[65,65,65,65,65,64,74,74,44,39,33,33,55,52,56,11,75,75,75,75,70,60,60,60,61,61,26,26,26],"gold":447,"neow_bonus":"THREE_CARDS","is_daily":false,"chose_seed":false,"campfire_upgraded":3,"win_rate":0.0,"timestamp":1610943950,"path_taken":["R","M","?","?","M","M","T","R","E","M","E","?","R","M","M","BOSS","R","M","?","M","M","$","T","E","?","E"],"items_purchased_type":["Relic","Card"],"build_version":"2020-12-22","purchased_purges":0,"victory":false,"max_hp_per_floor":[65,65,65,65,65,65,75,75,75,75,75,75,75,75,75,75,75,75,75,75,75,75,75,75,75,75,75,75,75],"card_choices":[{"not_picked":["Slimebound:ItLooksTasty","Slimebound:Recollect"],"picked":"Slimebound:SamplingLick","floor":0.0},{"not_picked":["Slimebound:FinishingTackle","Slimebound:ComboTackle"],"picked":"Slimebound:GrowthPunch","floor":2.0},{"not_picked":["Slimebound:SamplingLick","Slimebound:FlameTackle"],"picked":"Slimebound:RainOfGoop","floor":5.0},{"not_picked":["Slimebound:PressTheAttack","Slimebound:SlimeSpikes","Slimebound:ComboTackle"],"picked":"SKIP","floor":6.0},{"not_picked":["Slimebound:SplitBruiser","Slimebound:SlimeBarrage"],"picked":"Slimebound:HungryTackle","floor":9.0},{"not_picked":["Slimebound:DisruptingSlam","Slimebound:ComboTackle"],"picked":"Slimebound:WasteNot","floor":10.0},{"not_picked":["Slimebound:ComboTackle","Slimebound:DisruptingSlam","Slimebound:Chomp"],"picked":"SKIP","floor":11.0},{"not_picked":["Slimebound:Gluttony","Slimebound:FinishingTackle"],"picked":"Slimebound:LeechingTouch","floor":14.0},{"not_picked":["Slimebound:Prepare","Slimebound:SlimeBrawl","Slimebound:ItLooksTasty"],"picked":"SKIP","floor":15.0},{"not_picked":["Slimebound:FirmFortitude","Slimebound:Overexert"],"picked":"Slimebound:Darklings","floor":16},{"not_picked":["Slimebound:SlimeTap","Slimebound:SplitMire"],"picked":"Slimebound:Dissolve","floor":19},{"not_picked":["Slimebound:SlimeBrawl","Slimebound:GoopSpray"],"picked":"Slimebound:LivingWall","floor":21},{"not_picked":["Slimebound:MegaLick","Slimebound:RejuvenatingLick"],"picked":"Slimebound:Schlurp","floor":22},{"not_picked":["Slimebound:LeechingTouch","Slimebound:SlimeSpikes","Slimebound:SplitBruiser"],"picked":"SKIP","floor":23},{"not_picked":["Slimebound:SplitBruiser+1","Slimebound:Equalize"],"picked":"Slimebound:Gluttony+1","floor":25}],"player_experience":542812,"relics_obtained":[{"floor":7.0,"key":"Pear"},{"floor":9.0,"key":"HornCleat"},{"floor":11.0,"key":"CaptainsWheel"},{"floor":17,"key":"Art of War"},{"floor":17,"key":"Meat on the Bone"},{"floor":17,"key":"Peace Pipe"},{"floor":24,"key":"InkBottle"},{"floor":25,"key":"Toxic Egg 2"}],"event_choices":[],"is_beta":false,"boss_relics":[{"not_picked":["SlaversCollar","Astrolabe"],"picked":"Calling Bell"}],"items_purged_floors":[],"is_endless":false,"potions_floor_spawned":[5,10,11,15,21,22],"killed_by":"Slavers","ascension_level":1}}