{"host":"ertz0a1vw3taca14","time":1610976711,"event":{"mods":["BaseMod","Downfall","KinomotoSakuraMod(ƒæ÷Æ±æ”£)","Luminous","Marisa£®ÏF”Í°°ƒß¿Ì…≥£©","Minty Spire (QoL Compilation)","Remilia£®¿Ÿ√◊¿Ú—«£©","StSLib","The Administrix","The Servant 0.9.4","Yakumo Yukari mod","Youmu£®ªÍ∆«—˝√Œ£©","Yuyuko"],"gold_per_floor":[114,129,129,142,112,131,147,117,117,187,216,391,11,28,28,130,130,148,148,148,160,178,208,208,223,248,259,275,275,287,74,74,169,169,180,180,180,180],"floor_reached":37,"language":"ZHS","playtime":1878,"items_purged":["Fantasy Butterflies"],"score":418,"play_id":"c27494f8-1fc6-436b-87e4-29f0d140dba7","local_time":"20210118213151","is_ascension_mode":false,"campfire_choices":[{"floor":15,"key":"REST"},{"floor":24,"key":"RECALL"},{"floor":29,"key":"DIG"},{"floor":32,"key":"DIG"}],"circlet_count":0,"master_deck":["Fantasy Butterflies","Fantasy Butterflies","Fantasy Butterflies","Fantasy Butterflies","Dreamy Sakura","Dreamy Sakura","Dreamy Sakura","Dreamy Sakura","Dreamy Sakura","Deathly Ground","Faramita\u0027s Temptation","Linger over Flower","Phantom Butterflies","Childlike","Sweet of Phantom","Bury in The Template","Infinite Sin","Unpaved Way","Dream of Spring","Doubt","Sakura Sakura","Ghost Spot","Spear of Papilio","Mirror of Mind","Chase The Sukhavati","Elegance+1","Dancing Soul","Unfulfilling Attachment","Snow","Wandering Soul","Unstable Ward","Lunch","Ghastly Dream","Scenery of Papilio","Sakura Ward+1"],"relics":["Coronal","Yuyuko\u0027s fan","NeowsBlessing","WarpedTongs","Incense Burner","Blood Vial","Black Star","Shovel","Centennial Puzzle","ScarletDevilRocket","Bronze Scales","Potion Belt","SlaversCollar"],"acts_visited":["Exordium","TheCity","TheBeyond"],"potions_floor_usage":[11,16,18,22,23,27,33,33,37,37,37,37],"damage_taken":[{"damage":1,"enemies":"Jaw Worm","floor":1,"turns":1},{"damage":1,"enemies":"Cultist","floor":2,"turns":1},{"damage":1,"enemies":"2 Louse","floor":4,"turns":1},{"damage":18,"enemies":"Looter","floor":5,"turns":4},{"damage":61,"enemies":"Blue Slaver","floor":6,"turns":7},{"damage":21,"enemies":"Exordium Wildlife","floor":7,"turns":6},{"damage":27,"enemies":"Looter","floor":8,"turns":4},{"damage":39,"enemies":"Lagavulin","floor":11,"turns":6},{"damage":1,"enemies":"Large Slime","floor":14,"turns":1},{"damage":32,"enemies":"Hexaghost","floor":16,"turns":7},{"damage":54,"enemies":"2 Thieves","floor":18,"turns":4},{"damage":31,"enemies":"Spheric Guardian","floor":21,"turns":4},{"damage":10,"enemies":"Shelled Parasite and Fungi","floor":22,"turns":4},{"damage":18,"enemies":"Gremlin Leader","floor":23,"turns":6},{"damage":37,"enemies":"3 Cultists","floor":25,"turns":5},{"damage":10,"enemies":"Centurion and Healer","floor":27,"turns":2},{"damage":1,"enemies":"Shelled Parasite and Fungi","floor":28,"turns":1},{"damage":1,"enemies":"Snake Plant","floor":30,"turns":2},{"damage":18,"enemies":"Collector","floor":33,"turns":5},{"damage":21,"enemies":"3 Shapes","floor":35,"turns":3},{"damage":45,"enemies":"3 Darklings","floor":37,"turns":5}],"seed_played":"2144396952039021100","potions_obtained":[{"floor":6,"key":"CultistPotion"},{"floor":11,"key":"Fire Potion"},{"floor":14,"key":"Fire Potion"},{"floor":16,"key":"FairyPotion"},{"floor":21,"key":"SkillPotion"},{"floor":22,"key":"ColorlessPotion"},{"floor":25,"key":"champ:CounterPotion"},{"floor":27,"key":"CultistPotion"},{"floor":28,"key":"AttackPotion"},{"floor":35,"key":"PowerPotion"},{"floor":36,"key":"Fire Potion"},{"floor":36,"key":"Fire Potion"},{"floor":36,"key":"Dexterity Potion"}],"is_trial":false,"path_per_floor":["M","M","?","M","M","M","M","M","T","?","E","?","$","M","R","B",null,"M","?","?","M","M","E","R","M","T","M","M","R","M","$","R","B",null,"M","?","M"],"character_chosen":"YUYOKO","items_purchased":["Sakura Sakura","Ghost Spot","Blood Vial","Ghastly Dream"],"campfire_rested":1,"item_purchase_floors":[13,13,13,31],"current_hp_per_floor":[39,38,38,37,35,19,31,24,24,24,7,7,7,10,22,33,40,24,24,24,15,21,19,19,34,34,28,35,35,36,36,36,27,40,22,22,0,0],"gold":180,"neow_bonus":"THREE_ENEMY_KILL","is_daily":false,"chose_seed":false,"campfire_upgraded":0,"win_rate":0.0,"timestamp":1610976711,"path_taken":["M","M","?","M","M","?","M","M","T","?","E","?","?","?","R","BOSS","M","?","?","M","M","E","R","?","T","M","M","R","M","$","R","BOSS","M","?","M"],"items_purchased_type":["Card","Card","Relic","Card"],"build_version":"2020-12-22","purchased_purges":1,"victory":false,"max_hp_per_floor":[40,40,40,40,40,40,40,40,40,40,40,40,40,40,40,40,40,40,40,40,40,40,40,40,40,40,40,40,40,40,40,40,40,40,40,40,40,40],"card_choices":[{"not_picked":["End of Faramita","Unstable Ward"],"picked":"Linger over Flower","floor":1},{"not_picked":["Steamed Phantom","Gone"],"picked":"Phantom Butterflies","floor":2},{"not_picked":["Linger over Flower","City of Death"],"picked":"Childlike","floor":4},{"not_picked":["Ghostdom Sakura","Elegance"],"picked":"Sweet of Phantom","floor":5},{"not_picked":["Immigrant Phantom","Ghostdom Sakura"],"picked":"Bury in The Template","floor":6},{"not_picked":["End of Faramita","Gather the Spring"],"picked":"Infinite Sin","floor":7},{"not_picked":["Infinite Sin","Spear of Papilio"],"picked":"Unpaved Way","floor":8},{"not_picked":["Steamed Phantom","End of Faramita"],"picked":"Dream of Spring","floor":11},{"not_picked":["All Wander","Song of Papilio"],"picked":"Spear of Papilio","floor":14},{"not_picked":["Reunion after Death","Ghost Spot"],"picked":"Mirror of Mind","floor":16},{"not_picked":["Bloom","Steamed Phantom+1"],"picked":"Chase The Sukhavati","floor":18},{"not_picked":["Nihility","Gauzy Sakura"],"picked":"Elegance+1","floor":21},{"not_picked":["Fondling of Papilio","Unstable Ward+1"],"picked":"Dancing Soul","floor":22},{"not_picked":["Dancing Soul+1","Unstable Ward+1"],"picked":"Unfulfilling Attachment","floor":23},{"not_picked":["Full Moon","Redemption of Death"],"picked":"Snow","floor":25},{"not_picked":["Redemption of Death","Gone"],"picked":"Wandering Soul","floor":27},{"not_picked":["Snow","Elegance"],"picked":"Unstable Ward","floor":28},{"not_picked":["Final of Final","End of Faramita"],"picked":"Lunch","floor":30},{"not_picked":["Past Graveyard","Home of Suicide"],"picked":"Scenery of Papilio","floor":33},{"not_picked":["Snow+1","Dying Butterflies+1"],"picked":"Sakura Ward+1","floor":35}],"player_experience":155993,"relics_obtained":[{"floor":11,"key":"Incense Burner"},{"floor":23,"key":"Shovel"},{"floor":23,"key":"Centennial Puzzle"},{"floor":26,"key":"ScarletDevilRocket"},{"floor":29,"key":"Bronze Scales"},{"floor":32,"key":"Potion Belt"}],"event_choices":[{"damage_healed":0,"gold_gain":0,"player_choice":"Rummage","damage_taken":0,"relics_obtained":["WarpedTongs"],"max_hp_gain":0,"max_hp_loss":0,"event_name":"Accursed Blacksmith","floor":3,"gold_loss":0,"cards_obtained":["Pain"]},{"damage_healed":0,"gold_gain":70,"player_choice":"Gained Gold","damage_taken":0,"max_hp_gain":0,"max_hp_loss":0,"event_name":"Golden Wing","floor":10,"gold_loss":0},{"damage_healed":0,"gold_gain":175,"player_choice":"AGREE","damage_taken":0,"max_hp_gain":0,"max_hp_loss":0,"event_name":"Liars Game","floor":12,"gold_loss":0,"cards_obtained":["Doubt"]},{"cards_removed":["Pain"],"damage_healed":0,"gold_gain":0,"player_choice":"Elegance","damage_taken":0,"max_hp_gain":0,"max_hp_loss":0,"event_name":"Back to Basics","floor":19,"gold_loss":0},{"damage_healed":0,"gold_gain":0,"player_choice":"Leave","damage_taken":0,"max_hp_gain":0,"max_hp_loss":0,"event_name":"FaceTrader","floor":20,"gold_loss":0},{"damage_healed":0,"gold_gain":0,"player_choice":"Got Potions","damage_taken":0,"max_hp_gain":0,"max_hp_loss":0,"event_name":"Lab","floor":36,"gold_loss":0}],"is_beta":false,"boss_relics":[{"not_picked":["Snecko Eye","Sozu"],"picked":"Black Star"},{"not_picked":["Busted Crown","Philosopher\u0027s Stone"],"picked":"SlaversCollar"}],"items_purged_floors":[31],"is_endless":false,"potions_floor_spawned":[6,11,14,16,21,22,25,27,28,35],"killed_by":"3 Darklings","ascension_level":0}}