{"host":"f5y45f7z7ziu0smp","time":1610977248,"event":{"mods":["AchievementEnabler","BaseMod","Marisa£¨Ùöéë¡¡Øª×âÞÞ£©","Minty Spire (QoL Compilation)","Permanent Neow","Starting Relic: Pandora\u0027s Box","SuperFastMode","¡¼?Úª?ø«¡½REMEMod"],"gold_per_floor":[159,334,56,56,22,22,38,58,58,68,133,133,133],"floor_reached":12,"language":"KOR","playtime":271,"items_purged":["Doubt"],"score":92,"play_id":"a91814a4-7c82-433e-8a50-a01a61e9ff4c","local_time":"20210118224048","is_ascension_mode":true,"campfire_choices":[{"data":"Storm","floor":6,"key":"SMITH"}],"circlet_count":0,"master_deck":["Zap","Dualcast","Cold Snap","Coolheaded","Cold Snap","Gash","Rebound+1","Conserve Battery","Conserve Battery","Ball Lightning","Singularity","Beam Cell","Turbo","Storm+1","Blind","Heatsinks","Coolheaded","Defragment","Static Discharge","REME_Whirling"],"relics":["REME_ComplimentaryCards","Tiny House","Membership Card","Dream Catcher","Shovel","Art of War"],"acts_visited":["Exordium"],"potions_floor_usage":[],"damage_taken":[{"damage":3,"enemies":"Jaw Worm","floor":1,"turns":2},{"damage":8,"enemies":"2 Louse","floor":7,"turns":3},{"damage":3,"enemies":"Small Slimes","floor":8,"turns":3},{"damage":10,"enemies":"Blue Slaver","floor":10,"turns":3},{"damage":7,"enemies":"Lagavulin Event","floor":11,"turns":5},{"damage":19,"enemies":"3 Sentries","floor":12,"turns":3}],"seed_played":"-6236562490533963037","potions_obtained":[{"floor":0,"key":"FairyPotion"},{"floor":7,"key":"Block Potion"}],"is_trial":false,"path_per_floor":["M","?","$","?","$","R","M","M","T","M","?","E"],"character_chosen":"DEFECT","items_purchased":["Membership Card","Storm","Blind","Heatsinks"],"campfire_rested":0,"item_purchase_floors":[3,3,3,5],"current_hp_per_floor":[70,70,70,67,67,67,59,56,56,46,39,20,20],"gold":133,"neow_bonus":"BOSS_RELIC","is_daily":false,"chose_seed":false,"campfire_upgraded":1,"win_rate":0.0,"timestamp":1610977248,"path_taken":["M","?","$","?","?","R","M","M","T","M","?","E"],"items_purchased_type":["Relic","Card","Card","Card"],"build_version":"2020-12-22","purchased_purges":1,"victory":false,"max_hp_per_floor":[80,80,80,80,80,80,80,80,80,80,80,80,80],"card_choices":[{"not_picked":["Streamline","Skim"],"picked":"Beam Cell","floor":0},{"not_picked":["Conserve Battery","Aggregate"],"picked":"Turbo","floor":1},{"not_picked":["Stack","Glacier"],"picked":"Coolheaded","floor":7},{"not_picked":["Stack","Undo"],"picked":"Defragment","floor":8},{"not_picked":["Ball Lightning","Force Field"],"picked":"Static Discharge","floor":10},{"not_picked":["Stack","Chill"],"picked":"REME_Whirling","floor":11}],"player_experience":135276,"relics_obtained":[{"floor":9,"key":"Shovel"},{"floor":11,"key":"Art of War"}],"event_choices":[{"damage_healed":0,"gold_gain":175,"player_choice":"AGREE","damage_taken":0,"max_hp_gain":0,"max_hp_loss":0,"event_name":"Liars Game","floor":2,"gold_loss":0,"cards_obtained":["Doubt"]},{"damage_healed":0,"gold_gain":0,"player_choice":"Success","damage_taken":3,"relics_obtained":["Dream Catcher"],"max_hp_gain":0,"max_hp_loss":0,"event_name":"Scrap Ooze","floor":4,"gold_loss":0},{"damage_healed":0,"gold_gain":0,"player_choice":"Searched \u00272\u0027 times","damage_taken":0,"max_hp_gain":0,"max_hp_loss":0,"event_name":"Dead Adventurer","floor":11,"gold_loss":0}],"is_beta":false,"boss_relics":[],"items_purged_floors":[3],"is_endless":false,"potions_floor_spawned":[7],"killed_by":"3 Sentries","ascension_level":7}}