{"host":"55frs1flqhuyvvn7","time":1610980546,"event":{"mods":["Aspiration","BaseMod","Colored Map","Colored Powertips","DeckTracker","Downfall","Hermit","Highlight Path","Hubris","Infinite Spire","Jorbs\u0027s Wanderer Trilogy","Marisa????????","Minty Spire (QoL Compilation)","Quick Restart","Random Character Button","Relic Sorter","StSLib","Synergy Search","The Construct","The Cursed","The Disciple","The Hierophant","The Jungle","The Necromancer","The Runesmith","The Servant 0.9.4"],"gold_per_floor":[116,30,42,8,18,18,18],"floor_reached":6,"language":"ENG","playtime":336,"items_purged":[],"score":36,"play_id":"eed54d20-dbfe-443b-8591-5ccdf795493b","local_time":"20210118153546","is_ascension_mode":false,"campfire_choices":[],"circlet_count":0,"master_deck":["hermit:Strike_Hermit","hermit:Strike_Hermit","hermit:Strike_Hermit","hermit:Strike_Hermit","hermit:Defend_Hermit","hermit:Defend_Hermit","hermit:Defend_Hermit","hermit:Defend_Hermit","hermit:Snapshot","hermit:Covet","hermit:Quickdraw","hermit:Quickdraw","hermit:Maintenance","hermit:Feint","hermit:Maintenance","hermit:Gestalt","hermit:Scavenge"],"relics":["hermit:Momento","NeowsBlessing"],"acts_visited":["Exordium"],"potions_floor_usage":[],"damage_taken":[{"damage":0,"enemies":"Small Slimes","floor":1,"turns":1},{"damage":0,"enemies":"2 Louse","floor":3,"turns":1},{"damage":0,"enemies":"Jaw Worm","floor":5,"turns":1},{"damage":23,"enemies":"3 Sentries","floor":6,"turns":6}],"seed_played":"-4093616811638736976","potions_obtained":[{"floor":5,"key":"SpeedPotion"}],"is_trial":false,"path_per_floor":["M","$","M","$","M","E"],"character_chosen":"HERMIT","items_purchased":["hermit:Maintenance","hermit:Feint","hermit:Gestalt"],"campfire_rested":0,"item_purchase_floors":[2,2,4],"current_hp_per_floor":[75,75,75,75,75,52,52],"gold":18,"neow_bonus":"THREE_ENEMY_KILL","is_daily":false,"chose_seed":false,"campfire_upgraded":0,"win_rate":0.0,"timestamp":1610980546,"path_taken":["M","$","M","$","M","E"],"items_purchased_type":["Card","Card","Card"],"build_version":"2020-12-22","purchased_purges":0,"victory":false,"max_hp_per_floor":[75,75,75,75,75,75,75],"card_choices":[{"not_picked":["hermit:WideOpen","hermit:Roulette"],"picked":"hermit:Quickdraw","floor":1},{"not_picked":["hermit:WideOpen","hermit:Roulette"],"picked":"hermit:Quickdraw","floor":1},{"not_picked":["hermit:Grudge","hermit:BodyArmor"],"picked":"hermit:Maintenance","floor":3},{"not_picked":["hermit:Cheat","hermit:CalledShot"],"picked":"hermit:Scavenge","floor":5}],"player_experience":88269,"relics_obtained":[],"event_choices":[],"is_beta":false,"boss_relics":[],"items_purged_floors":[],"is_endless":false,"potions_floor_spawned":[5],"killed_by":"3 Sentries","ascension_level":0}}