{"host":"och2iitg9ibgz06n","time":1610998273,"event":{"mods":["Abigail Mod","AchievementEnabler","Aspiration","BaseMod","Colored Powertips","Dio Mod","FruityMod","Hubris","Hyrulean Relics","Infinite Spire","Minty Spire (QoL Compilation)","Replay The Spire","Small Relic Pack","StSLib","The Animator","The Bug Knight","The Hierophant","The Jungle","The Saiyan","TheHero","Wandering Minibosses","everything is the same but u backflip on backflip","slay the spire mod where everything is the same but ironclad has a cowboy hat","vexMod"],"gold_per_floor":[110,120,120,140,157,186,186,233,233,233,233,259,275,285,285,285,285],"floor_reached":16,"language":"ENG","playtime":637,"items_purged":[],"score":112,"play_id":"6262a175-1874-4f91-8f98-989612a871a1","local_time":"20210118133113","is_ascension_mode":false,"campfire_choices":[{"data":"animeID:FullCowl","floor":7,"key":"SMITH"},{"data":"animeID:Deku","floor":10,"key":"SMITH"},{"data":"animeID:Kirishima","floor":15,"key":"SMITH"}],"circlet_count":0,"master_deck":["animeID:Deku+1","animeID:Bakugo","animeID:Smash","animeID:Smash","animeID:Smash","animeID:Smash","animeID:DefendMH","animeID:DefendMH","animeID:DefendMH","animeID:DefendMH","animeID:Kirishima+1","animeID:Kirishima","animeID:Rappa","animeID:FatGum","animeID:FullCowl+1","animeID:GranTorino","animeID:Mineta","animeID:ShootStyle","animeID:NightEye"],"relics":["animeID:HeroCostume","Anchor","Lantern","aspiration:HummingbirdHeart","aspiration:StickyExplosives_weak","Dream Catcher"],"acts_visited":["Exordium"],"potions_floor_usage":[12,16],"damage_taken":[{"damage":0,"enemies":"Jaw Worm","floor":1,"turns":3},{"damage":0,"enemies":"Small Slimes","floor":2,"turns":3},{"damage":0,"enemies":"2 Louse","floor":4,"turns":2},{"damage":0,"enemies":"Exordium Wildlife","floor":5,"turns":3},{"damage":16,"enemies":"Gremlin Nob","floor":6,"turns":5},{"damage":58,"enemies":"Lagavulin","floor":12,"turns":11},{"damage":0,"enemies":"Looter","floor":13,"turns":4},{"damage":2,"enemies":"Large Slime","floor":14,"turns":6},{"damage":65,"enemies":"Slime Boss","floor":16,"turns":8}],"seed_played":"-5613283435224083638","potions_obtained":[{"floor":4,"key":"DuplicationPotion"},{"floor":6,"key":"SpeedPotion"},{"floor":8,"key":"FearPotion"},{"floor":12,"key":"Ancient Potion"},{"floor":14,"key":"LiquidMemories"}],"is_trial":false,"path_per_floor":["M","M","?","M","M","E","R","?","T","R","?","E","M","M","R","B"],"character_chosen":"THE_HERO","items_purchased":[],"campfire_rested":0,"item_purchase_floors":[],"current_hp_per_floor":[75,75,75,75,75,61,61,43,43,43,43,36,38,45,45,0,0],"gold":285,"neow_bonus":"RANDOM_COMMON_RELIC","is_daily":false,"chose_seed":false,"campfire_upgraded":3,"win_rate":0.0,"timestamp":1610998273,"path_taken":["M","M","?","M","M","E","R","?","T","R","?","E","M","M","R","BOSS"],"items_purchased_type":[],"build_version":"2020-12-22","purchased_purges":0,"victory":false,"max_hp_per_floor":[75,75,75,75,75,75,75,75,75,75,75,75,75,75,75,75,75],"card_choices":[{"not_picked":["animeID:Uraraka","animeID:Ojiro"],"picked":"animeID:Kirishima","floor":1},{"not_picked":["animeID:Iida","animeID:TetsuTetsu"],"picked":"animeID:Kirishima","floor":2},{"not_picked":["animeID:Bakugo","animeID:ToruHagakure"],"picked":"animeID:Rappa","floor":4},{"not_picked":["animeID:Rappa","animeID:Ojiro"],"picked":"animeID:FatGum","floor":5},{"not_picked":["animeID:Iida","animeID:Dabi"],"picked":"animeID:FullCowl","floor":6},{"not_picked":["animeID:Momo","animeID:Kaminari"],"picked":"animeID:GranTorino","floor":8},{"not_picked":["animeID:Twice","animeID:Endeavor"],"picked":"animeID:Mineta","floor":12},{"not_picked":["animeID:Mezo","animeID:Bakugo"],"picked":"animeID:ShootStyle","floor":13},{"not_picked":["animeID:Tomura","animeID:Nomu"],"picked":"animeID:NightEye","floor":14}],"player_experience":399291,"relics_obtained":[{"floor":6,"key":"Lantern"},{"floor":8,"key":"aspiration:HummingbirdHeart"},{"floor":9,"key":"aspiration:StickyExplosives_weak"},{"floor":12,"key":"Dream Catcher"}],"event_choices":[{"damage_healed":0,"gold_gain":0,"player_choice":"Leave","damage_taken":0,"max_hp_gain":0,"max_hp_loss":0,"event_name":"The Cleric","floor":3,"gold_loss":0}],"is_beta":false,"boss_relics":[],"items_purged_floors":[],"is_endless":false,"potions_floor_spawned":[4,6,12,14],"killed_by":"Slime Boss","ascension_level":0}}