{"host":"9j3ghh26vbket12t","time":1610965125,"event":{"mods":["AchievementEnabler","BaseMod","Colored Powertips","Hermit","Marisa????????","Minty Spire (QoL Compilation)","StSLib","The Servant 0.9.4"],"gold_per_floor":[119,294,294,311,325,325,360,379,403,422,434,434,434,444,444,549,549,531,531,122,154,154,154,182,182,233,233,260,287,317,317,317,433,433,466,217,242,271,303,351,351,351,377,377,377,402,402,446,446,446,446],"floor_reached":50,"language":"ENG","playtime":4758,"items_purged":["Defend_MRS","Defend_MRS"],"score":576,"play_id":"754201a9-034c-41f4-9b8b-1fa3f950af24","local_time":"20210118051845","is_ascension_mode":false,"campfire_choices":[{"data":"GalacticHalo","floor":6.0,"key":"SMITH"},{"floor":12.0,"key":"RECALL"},{"data":"EnergyFlow","floor":15.0,"key":"SMITH"},{"data":"OrrerysSun","floor":23.0,"key":"SMITH"},{"floor":25.0,"key":"REST"},{"floor":27.0,"key":"REST"},{"data":"AbsoluteMagnitude","floor":32.0,"key":"SMITH"},{"data":"MilkyWay","floor":44.0,"key":"SMITH"},{"floor":47.0,"key":"REST"},{"floor":49.0,"key":"REST"}],"circlet_count":0,"master_deck":["Strike_MRS+1","Strike_MRS","Strike_MRS","Strike_MRS","Defend_MRS","Defend_MRS","MasterSpark","UpSweep","GalacticHalo+1","UltimateShortwave+1","NonDirectionalLaser","EnergyFlow+1","ChargeUpSpray","MilkyWay+1","EventHorizon","AbsoluteMagnitude+1","EnergyRecoil","OrrerysSun+1","WitchOfGreed","SporeBomb","6A+1","MagicAbsorber","Writhe","MaximisePower","AlicesGift+1","GravityBeat+1","Wraith"],"relics":["MiniHakkero","Lantern","Velvet Choker","SimpleLauncher","Bag of Marbles","Centennial Puzzle","Letter Opener","Black Star","PreservedInsect","Toy Ornithopter","Pear","Smiling Mask","Orichalcum","Bag of Preparation"],"acts_visited":["Exordium","TheCity","TheBeyond"],"potions_floor_usage":[50,50,50],"damage_taken":[{"damage":0.0,"enemies":"2 Louse","floor":1.0,"turns":3.0},{"damage":1.0,"enemies":"Cultist","floor":4.0,"turns":3.0},{"damage":0.0,"enemies":"Small Slimes","floor":5.0,"turns":2.0},{"damage":13.0,"enemies":"3 Sentries","floor":7.0,"turns":6.0},{"damage":2.0,"enemies":"Looter","floor":8.0,"turns":4.0},{"damage":7.0,"enemies":"3 Louse","floor":10.0,"turns":3.0},{"damage":1.0,"enemies":"Large Slime","floor":11.0,"turns":4.0},{"damage":0.0,"enemies":"Exordium Thugs","floor":14.0,"turns":3.0},{"damage":15.0,"enemies":"Slime Boss","floor":16.0,"turns":7.0},{"damage":18.0,"enemies":"2 Thieves","floor":18.0,"turns":4.0},{"damage":0.0,"enemies":"3 Byrds","floor":21.0,"turns":3.0},{"damage":28.0,"enemies":"Slavers","floor":24.0,"turns":6.0},{"damage":14.0,"enemies":"Snecko","floor":28.0,"turns":4.0},{"damage":7.0,"enemies":"Cultist and Chosen","floor":29.0,"turns":5.0},{"damage":9.0,"enemies":"Snake Plant","floor":30.0,"turns":3.0},{"damage":38.0,"enemies":"Automaton","floor":33.0,"turns":10.0},{"damage":16.0,"enemies":"3 Darklings","floor":35.0,"turns":7.0},{"damage":12.0,"enemies":"3 Shapes","floor":37.0,"turns":5.0},{"damage":0.0,"enemies":"Sphere and 2 Shapes","floor":38.0,"turns":5.0},{"damage":11.0,"enemies":"Spire Growth","floor":39.0,"turns":4.0},{"damage":6.0,"enemies":"Reptomancer","floor":40.0,"turns":5.0},{"damage":0.0,"enemies":"3 Darklings","floor":42.0,"turns":1.0},{"damage":25.0,"enemies":"Transient","floor":46.0,"turns":5.0},{"damage":50.0,"enemies":"Nemesis","floor":48.0,"turns":7.0},{"damage":70,"enemies":"Donu and Deca","floor":50,"turns":6}],"seed_played":"-870589761189811021","potions_obtained":[{"floor":1.0,"key":"Fire Potion"},{"floor":7.0,"key":"SpeedPotion"},{"floor":8.0,"key":"LiquidBronze"},{"floor":14.0,"key":"CultistPotion"},{"floor":16.0,"key":"PowerPotion"},{"floor":21.0,"key":"Strength Potion"},{"floor":28.0,"key":"LiquidMemories"},{"floor":28.0,"key":"Swift Potion"},{"floor":29.0,"key":"DistilledChaos"},{"floor":30.0,"key":"BottledSpark"},{"floor":33.0,"key":"FearPotion"},{"floor":37.0,"key":"Block Potion"},{"floor":37.0,"key":"LiquidMemories"},{"floor":38.0,"key":"Regen Potion"},{"floor":39.0,"key":"DuplicationPotion"},{"floor":40.0,"key":"ShroomBrew"},{"floor":46.0,"key":"Weak Potion"},{"floor":48.0,"key":"SteroidPotion"},{"floor":48.0,"key":"LiquidBronze"}],"is_trial":false,"path_per_floor":["M","?","?","M","M","R","E","M","T","M","M","R","?","M","R","B",null,"M","?","$","M","?","R","E","R","T","R","M","M","M","?","R","B",null,"M","$","M","M","M","E","?","M","T","R","?","M","R","E","R","B"],"character_chosen":"MARISA","items_purchased":["SimpleLauncher","WitchOfGreed","PreservedInsect"],"campfire_rested":4,"item_purchase_floors":[20,20,36],"current_hp_per_floor":[82,82,82,81,81,81,68,66,66,59,58,58,42,42,42,27,82,64,64,64,64,64,64,36,60,60,82,68,61,52,52,52,14,82,66,66,54,54,55,59,59,64,64,64,64,39,66,21,48,0,0],"gold":446,"neow_bonus":"TEN_PERCENT_HP_BONUS","is_daily":false,"chose_seed":false,"campfire_upgraded":5,"win_rate":0.0,"timestamp":1610965125,"path_taken":["M","?","?","M","M","R","E","M","T","M","?","R","?","M","R","BOSS","M","?","$","M","?","R","E","R","T","R","M","M","M","?","R","BOSS","M","$","M","M","M","E","?","M","T","R","?","M","R","E","R","BOSS"],"items_purchased_type":["Relic","Card","Relic"],"build_version":"2020-12-22","purchased_purges":2,"victory":false,"max_hp_per_floor":[82,82,82,82,82,82,82,82,82,82,82,82,82,82,82,82,82,82,82,82,82,82,82,82,82,82,82,82,82,82,82,82,82,82,82,82,82,82,82,92,92,92,92,92,92,92,92,92,92,92,92],"card_choices":[{"not_picked":["Robbery","LuminesStrike"],"picked":"GalacticHalo","floor":1.0},{"not_picked":["DC","SporeBomb"],"picked":"UltimateShortwave","floor":4.0},{"not_picked":["6A","MysteriousBeam"],"picked":"NonDirectionalLaser","floor":5.0},{"not_picked":["AlicesGift","CollectingQuirk"],"picked":"EnergyFlow","floor":7.0},{"not_picked":["PowerUp","NonDirectionalLaser"],"picked":"ChargeUpSpray","floor":8.0},{"not_picked":["DoubleSpark","ManaConvection"],"picked":"MilkyWay","floor":10.0},{"not_picked":["WitchLeyline","UnstableBomb","WitchOfGreed"],"picked":"SKIP","floor":11.0},{"not_picked":["ManaConvection","DoubleSpark"],"picked":"EventHorizon","floor":14.0},{"not_picked":["JA","SatelliteIllusion"],"picked":"AbsoluteMagnitude","floor":16.0},{"not_picked":["IllusionStar","ManaConvection"],"picked":"EnergyRecoil","floor":18.0},{"not_picked":["DC+1","Acceleration+1"],"picked":"SporeBomb","floor":21.0},{"not_picked":["EnergyFlow","NonDirectionalLaser+1","EscapeVelocity"],"picked":"SKIP","floor":24.0},{"not_picked":["AsteroidBelt","SporeBomb"],"picked":"6A+1","floor":28.0},{"not_picked":["WitchLeyline","Robbery","DC"],"picked":"SKIP","floor":29.0},{"not_picked":["Orbital","MilkyWay"],"picked":"MagicAbsorber","floor":30.0},{"not_picked":["MillisecondPulsars","BigCrunch"],"picked":"MaximisePower","floor":33.0},{"not_picked":["6A+1","GalacticHalo","PowerUp+1"],"picked":"SKIP","floor":35.0},{"not_picked":["DoubleSpark","StarDustReverie"],"picked":"AlicesGift+1","floor":37.0},{"not_picked":["DeepEcoloBomb","OortCloud"],"picked":"GravityBeat+1","floor":38.0},{"not_picked":["ShootTheMoon+1","DoubleSpark+1","GravityBeat+1"],"picked":"SKIP","floor":39.0},{"not_picked":["SporeBomb","GravityBeat","NonDirectionalLaser+1"],"picked":"SKIP","floor":40.0},{"not_picked":["NonDirectionalLaser+1","SporeBomb+1","UnstableBomb+1"],"picked":"SKIP","floor":46.0},{"not_picked":["RefractionSpark","UnstableBomb+1","AbsoluteMagnitude"],"picked":"SKIP","floor":48.0}],"player_experience":82285,"relics_obtained":[{"floor":7.0,"key":"Lantern"},{"floor":24.0,"key":"Bag of Marbles"},{"floor":26.0,"key":"Centennial Puzzle"},{"floor":40.0,"key":"Toy Ornithopter"},{"floor":40.0,"key":"Pear"},{"floor":43.0,"key":"Smiling Mask"},{"floor":48.0,"key":"Orichalcum"},{"floor":48.0,"key":"Bag of Preparation"}],"event_choices":[{"damage_healed":0.0,"max_hp_gain":0.0,"max_hp_loss":0.0,"gold_gain":175.0,"event_name":"Liars Game","player_choice":"AGREE","floor":2.0,"gold_loss":0.0,"damage_taken":0.0,"cards_obtained":["Doubt"]},{"cards_removed":["Doubt"],"damage_healed":0.0,"max_hp_gain":0.0,"max_hp_loss":0.0,"gold_gain":0.0,"event_name":"Purifier","player_choice":"Purged","floor":3.0,"gold_loss":0.0,"damage_taken":0.0},{"damage_healed":0.0,"max_hp_gain":0.0,"max_hp_loss":0.0,"gold_gain":0.0,"event_name":"Shining Light","player_choice":"Entered Light","floor":13.0,"gold_loss":0.0,"damage_taken":16.0,"cards_upgraded":["UltimateShortwave","Strike_MRS"]},{"damage_healed":0.0,"max_hp_gain":0.0,"max_hp_loss":0.0,"gold_gain":0.0,"event_name":"The Library","player_choice":"Read","floor":19.0,"gold_loss":0.0,"damage_taken":0.0,"cards_obtained":["OrrerysSun"]},{"damage_healed":0.0,"max_hp_gain":0.0,"max_hp_loss":0.0,"gold_gain":0.0,"event_name":"Cursed Tome","player_choice":"Ignored","floor":22.0,"gold_loss":0.0,"damage_taken":0.0},{"damage_healed":0.0,"max_hp_gain":0.0,"max_hp_loss":0.0,"gold_gain":0.0,"event_name":"The Mausoleum","player_choice":"Opened","floor":31.0,"gold_loss":0.0,"damage_taken":0.0,"relics_obtained":["Letter Opener"],"cards_obtained":["Writhe"]},{"damage_healed":0.0,"max_hp_gain":0.0,"max_hp_loss":0.0,"gold_gain":0.0,"event_name":"Tomb of Lord Red Mask","player_choice":"Ignored","floor":41.0,"gold_loss":0.0,"damage_taken":0.0},{"damage_healed":0.0,"max_hp_gain":0.0,"max_hp_loss":0.0,"gold_gain":0.0,"event_name":"OrinTheCat","player_choice":"Ignored","floor":45.0,"gold_loss":0.0,"damage_taken":0.0}],"is_beta":false,"boss_relics":[{"not_picked":["Calling Bell","Empty Cage"],"picked":"Velvet Choker"},{"not_picked":["Tiny House","Runic Dome"],"picked":"Black Star"}],"items_purged_floors":[20,36],"is_endless":false,"potions_floor_spawned":[1,7,8,14,16,28,37,38,39,48],"killed_by":"Donu and Deca","ascension_level":0}}