{"host":"9n6i2vl93jt4o42q","time":1610987334,"event":{"mods":["BaseMod","Minty Spire (QoL Compilation)","Relic Stats"],"gold_per_floor":[115,115,40,12,32,63,128,128,128,155,80,107,107,134,134,134,134],"floor_reached":16,"language":"ENG","playtime":674,"items_purged":["Strike_G"],"score":278,"play_id":"d687a158-b1a5-43c6-b496-5cab9051ac51","local_time":"20210118172854","is_ascension_mode":true,"campfire_choices":[{"floor":8,"key":"REST"},{"floor":13,"key":"REST"},{"floor":15,"key":"REST"}],"circlet_count":0,"master_deck":["AscendersBane","Strike_G","Strike_G","Strike_G","Defend_G","Defend_G","Defend_G","Defend_G","Defend_G","Survivor","Neutralize","Flying Knee","Dagger Spray","Predator","Sucker Punch","PiercingWail","Glass Knife"],"relics":["Ring of the Snake","NeowsBlessing","Matryoshka","Nunchaku","Potion Belt","Pantograph","Akabeko","Tiny Chest","Bag of Preparation","Bird Faced Urn"],"acts_visited":["Exordium"],"potions_floor_usage":[10,14],"damage_taken":[{"damage":0,"enemies":"Cultist","floor":1,"turns":1},{"damage":0,"enemies":"2 Louse","floor":5,"turns":1},{"damage":0,"enemies":"Gremlin Nob","floor":6,"turns":1},{"damage":48,"enemies":"Gremlin Nob","floor":7,"turns":5},{"damage":29,"enemies":"3 Sentries","floor":10,"turns":7},{"damage":27,"enemies":"Gremlin Nob","floor":14,"turns":5},{"damage":50,"enemies":"Slime Boss","floor":16,"turns":8}],"seed_played":"876133972927602886","potions_obtained":[{"floor":5,"key":"ColorlessPotion"},{"floor":10,"key":"PowerPotion"},{"floor":14,"key":"LiquidBronze"}],"is_trial":false,"path_per_floor":["M","?","?","$","M","E","?","R","T","E","$","T","R","E","R","B"],"character_chosen":"THE_SILENT","items_purchased":["Dagger Spray"],"campfire_rested":3,"item_purchase_floors":[4],"current_hp_per_floor":[59,64,64,64,64,64,16,37,37,8,8,8,29,2,23,0,0],"gold":134,"neow_bonus":"THREE_ENEMY_KILL","is_daily":false,"chose_seed":false,"campfire_upgraded":0,"win_rate":0.0,"timestamp":1610987334,"path_taken":["M","?","?","$","M","E","?","R","T","E","$","?","R","E","R","BOSS"],"items_purchased_type":["Card"],"build_version":"2020-12-22","purchased_purges":1,"victory":false,"max_hp_per_floor":[66,71,71,71,71,71,71,71,71,71,71,71,71,71,71,71,71],"relic_stats":{"Nunchaku":[4],"counters":[7,28],"Pantograph":25,"Bird Faced Urn":[0],"Tiny Chest":0,"Bag of Preparation":[4],"obtain_stats":[{"Potion Belt":9,"Nunchaku":7,"Matryoshka":6,"NeowsBlessing":0,"Pantograph":9,"Bird Faced Urn":14,"Tiny Chest":12,"Bag of Preparation":12,"Akabeko":10,"Ring of the Snake":0},{"Potion Belt":4,"Nunchaku":4,"Matryoshka":3,"NeowsBlessing":0,"Pantograph":4,"Bird Faced Urn":6,"Tiny Chest":5,"Bag of Preparation":5,"Akabeko":5,"Ring of the Snake":0},{"Potion Belt":8,"Nunchaku":8,"Matryoshka":3,"NeowsBlessing":0,"Pantograph":8,"Bird Faced Urn":20,"Tiny Chest":15,"Bag of Preparation":15,"Akabeko":15,"Ring of the Snake":0}],"Ring of the Snake":[14]},"card_choices":[{"not_picked":["Deflect","Flechettes"],"picked":"Flying Knee","floor":1},{"not_picked":["Poisoned Stab","Prepared"],"picked":"Predator","floor":5},{"not_picked":["Finisher","Dodge and Roll","Catalyst"],"picked":"SKIP","floor":6},{"not_picked":["Prepared","Dagger Spray"],"picked":"Sucker Punch","floor":7},{"not_picked":["Setup","Choke"],"picked":"PiercingWail","floor":10},{"not_picked":["Envenom","Slice"],"picked":"Glass Knife","floor":14}],"player_experience":2120461,"relics_obtained":[{"floor":6,"key":"Matryoshka"},{"floor":7,"key":"Nunchaku"},{"floor":9,"key":"Potion Belt"},{"floor":9,"key":"Pantograph"},{"floor":10,"key":"Akabeko"},{"floor":12,"key":"Tiny Chest"},{"floor":12,"key":"Bag of Preparation"},{"floor":14,"key":"Bird Faced Urn"}],"event_choices":[{"damage_healed":0,"gold_gain":0,"player_choice":"Donut","damage_taken":0,"max_hp_gain":5,"max_hp_loss":0,"event_name":"Big Fish","floor":2,"gold_loss":0},{"cards_removed":["Strike_G"],"damage_healed":0,"gold_gain":0,"player_choice":"Card Removal","damage_taken":0,"max_hp_gain":0,"max_hp_loss":0,"event_name":"The Cleric","floor":3,"gold_loss":75},{"damage_healed":0,"gold_gain":0,"player_choice":"Searched \u00272\u0027 times","damage_taken":0,"max_hp_gain":0,"max_hp_loss":0,"event_name":"Dead Adventurer","floor":7,"gold_loss":0}],"is_beta":false,"boss_relics":[],"items_purged_floors":[11],"is_endless":false,"potions_floor_spawned":[5,10,14],"killed_by":"Slime Boss","ascension_level":20}}