{"host":"37ccm3d17clopct7","time":1610956348,"event":{"mods":["BaseMod","Lobotomy","Minty Spire (QoL Compilation)","StSLib","The Bug Knight","The Cursed","The Hierophant"],"gold_per_floor":[116,132,132,152,165,165,191,191,191,221,248,248,248,264,264,366,366,389,370,147,147,162,162,189,214,214,214,238,258,287,227,227,318,318,318,318],"floor_reached":35,"language":"KOR","playtime":2183,"items_purged":["hierophant:Defend_Hierophant"],"score":286,"play_id":"a020e09f-c6e7-4c62-8d73-6fd86a53c685","local_time":"20210118165228","is_ascension_mode":false,"campfire_choices":[{"data":"hierophant:ChurchCoffers","floor":6,"key":"SMITH"},{"data":"hierophant:Smite","floor":8,"key":"SMITH"},{"data":"hierophant:Punish","floor":12,"key":"SMITH"},{"floor":15,"key":"REST"},{"floor":23,"key":"REST"},{"data":"hierophant:Sermon","floor":27,"key":"SMITH"},{"floor":32,"key":"REST"}],"circlet_count":0,"master_deck":["hierophant:Strike_Hierophant","hierophant:Strike_Hierophant","hierophant:Strike_Hierophant","hierophant:Punish+1","hierophant:Defend_Hierophant+1","hierophant:ChurchCoffers+1","BlackSwan","hierophant:HolyVerse+1","hierophant:Smite+1","hierophant:Zeal","OldLady","hierophant:OrnateJavelin","hierophant:Sermon+1","BeautyBeast","hierophant:MorningPrayer","Necronomicurse","hierophant:Doubloon","hierophant:MorningPrayer","hierophant:Zeal+1","OSAHOGD","hierophant:Doubloon","hierophant:Dazzle+1","hierophant:Levitation","CurseOfTheBell"],"relics":["hierophant:PropheticMaskRelic","CogitoBucket","Pen Nib","Regal Pillow","Strawberry","Darkstone Periapt","Theresia","Empty Cage","Vajra","Necronomicon","BackwardClock","War Paint","Calling Bell","Boot","Mummified Hand","StoneCalendar"],"acts_visited":["Exordium","TheCity","TheBeyond"],"potions_floor_usage":[24,33,33],"damage_taken":[{"damage":6,"enemies":"Jaw Worm","floor":1,"turns":4},{"damage":0,"enemies":"2 Louse","floor":2,"turns":1},{"damage":0,"enemies":"Cultist","floor":4,"turns":2},{"damage":2,"enemies":"3 Louse","floor":5,"turns":2},{"damage":18,"enemies":"3 Sentries","floor":11,"turns":5},{"damage":36,"enemies":"Large Slime","floor":14,"turns":3},{"damage":23,"enemies":"Slime Boss","floor":16,"turns":8},{"damage":0,"enemies":"Spheric Guardian","floor":18,"turns":1},{"damage":16,"enemies":"2 Thieves","floor":19,"turns":4},{"damage":2,"enemies":"Shelled Parasite and Fungi","floor":22,"turns":3},{"damage":1,"enemies":"Sentry and Sphere","floor":24,"turns":3},{"damage":9,"enemies":"Centurion and Healer","floor":25,"turns":3},{"damage":3,"enemies":"Snake Plant","floor":28,"turns":4},{"damage":0,"enemies":"3 Cultists","floor":29,"turns":3},{"damage":4,"enemies":"Shelled Parasite and Fungi","floor":30,"turns":2},{"damage":80,"enemies":"Champ","floor":33,"turns":13},{"damage":95,"enemies":"3 Shapes","floor":35,"turns":32}],"seed_played":"4905497203636656064","potions_obtained":[{"floor":2,"key":"DistilledChaos"},{"floor":5,"key":"Dexterity Potion"},{"floor":16,"key":"Ancient Potion"},{"floor":22,"key":"Energy Potion"},{"floor":24,"key":"LiquidBronze"},{"floor":25,"key":"SpeedPotion"}],"is_trial":false,"path_per_floor":["M","M","?","M","M","R","T","R","T","?","E","R","T","M","R","B",null,"M","M","$","?","M","R","M","M","T","R","M","M","M","?","R","B",null,"M"],"character_chosen":"HIEROPHANT","items_purchased":["Vajra"],"campfire_rested":3,"item_purchase_floors":[20],"current_hp_per_floor":[69,69,69,69,67,67,67,67,67,67,56,56,56,20,59,36,82,82,66,66,56,54,88,87,78,78,78,75,75,71,71,88,8,94,0,0],"gold":318,"neow_bonus":"","is_daily":false,"chose_seed":false,"campfire_upgraded":4,"win_rate":0.0,"timestamp":1610956348,"path_taken":["M","M","?","M","M","R","?","R","T","?","E","R","?","M","R","BOSS","M","M","$","?","M","R","M","M","T","R","M","M","M","?","R","BOSS","M"],"items_purchased_type":["Relic"],"build_version":"2020-12-22","purchased_purges":1,"victory":false,"max_hp_per_floor":[75,75,75,75,75,75,75,75,75,75,82,82,82,82,82,82,82,82,82,82,88,88,88,88,88,88,88,88,88,88,88,88,88,94,94,94],"card_choices":[{"not_picked":["MeatLantern","LittlePrince"],"picked":"BlackSwan","floor":1},{"not_picked":["hierophant:Zeal","hierophant:Martyrdom"],"picked":"hierophant:HolyVerse","floor":1},{"not_picked":["hierophant:Endure","hierophant:RepressedViolence"],"picked":"hierophant:Smite","floor":2},{"not_picked":["LittlePrince","QueenOfHatred"],"picked":"UniverseFragment","floor":4},{"not_picked":["hierophant:Racketeering","hierophant:AuricBeam"],"picked":"hierophant:Zeal","floor":4},{"not_picked":["SpiderBud","GreedKing"],"picked":"OldLady","floor":5},{"not_picked":["hierophant:AuricBeam","hierophant:CursedGold"],"picked":"hierophant:OrnateJavelin","floor":5},{"not_picked":["hierophant:DisplayOfPower","hierophant:PassingBell"],"picked":"hierophant:Sermon","floor":11},{"not_picked":["CrumblingArmor","FairyFestival"],"picked":"BeautyBeast","floor":14},{"not_picked":["hierophant:AuricBeam","hierophant:SealAway","hierophant:FlamingChariot"],"picked":"SKIP","floor":14},{"not_picked":["hierophant:Endure","hierophant:SealAway"],"picked":"hierophant:MorningPrayer","floor":18},{"not_picked":["hierophant:LocustPlague","hierophant:Sermon","hierophant:SealAway"],"picked":"SKIP","floor":19},{"not_picked":["hierophant:Chorus","hierophant:LocustPlague"],"picked":"hierophant:Doubloon","floor":22},{"not_picked":["hierophant:Mercenaries","hierophant:CoinFling","hierophant:CursedGold"],"picked":"SKIP","floor":24},{"not_picked":["hierophant:OrnateJavelin+1","hierophant:ConvertCurrency"],"picked":"hierophant:MorningPrayer","floor":25},{"not_picked":["hierophant:Patience+1","hierophant:AuricBeam","hierophant:Sermon"],"picked":"SKIP","floor":28},{"not_picked":["hierophant:HammerAndAnvil+1","hierophant:Mercenaries+1"],"picked":"hierophant:Zeal+1","floor":29},{"not_picked":["Funeral","SpiderBud"],"picked":"OSAHOGD","floor":30},{"not_picked":["hierophant:Racketeering","hierophant:Zeal+1"],"picked":"hierophant:Dazzle+1","floor":30},{"not_picked":["hierophant:Determination","hierophant:LocustPlague"],"picked":"hierophant:Levitation","floor":33}],"player_experience":68136,"relics_obtained":[{"floor":7,"key":"Pen Nib"},{"floor":9,"key":"Regal Pillow"},{"floor":11,"key":"Strawberry"},{"floor":13,"key":"Darkstone Periapt"},{"floor":21,"key":"Necronomicon"},{"floor":26,"key":"War Paint"},{"floor":34,"key":"Boot"},{"floor":34,"key":"Mummified Hand"},{"floor":34,"key":"StoneCalendar"}],"event_choices":[{"damage_healed":0,"gold_gain":0,"player_choice":"Ignored","damage_taken":0,"max_hp_gain":0,"max_hp_loss":0,"event_name":"Golden Idol","floor":3,"gold_loss":0},{"damage_healed":0,"gold_gain":30,"player_choice":"Searched \u00271\u0027 times","damage_taken":0,"max_hp_gain":0,"max_hp_loss":0,"event_name":"Dead Adventurer","floor":10,"gold_loss":0},{"damage_healed":0,"gold_gain":0,"player_choice":"Obtained Book","damage_taken":16,"max_hp_gain":0,"max_hp_loss":0,"event_name":"Cursed Tome","floor":21,"gold_loss":0},{"cards_removed":["hierophant:Defend_Hierophant"],"damage_healed":0,"gold_gain":0,"player_choice":"Single Remove","damage_taken":0,"max_hp_gain":0,"max_hp_loss":0,"event_name":"Designer","floor":31,"gold_loss":60}],"is_beta":false,"boss_relics":[{"not_picked":["SlaversCollar","Busted Crown"],"picked":"Empty Cage"},{"not_picked":["Runic Dome","Philosopher\u0027s Stone"],"picked":"Calling Bell"}],"items_purged_floors":[20],"is_endless":false,"potions_floor_spawned":[2,5,16,22,24,25],"killed_by":"3 Shapes","ascension_level":0}}