{"host":"vyjryxuuuxkt43k4","time":1610990065,"event":{"mods":["AchievementEnabler","BaseMod","Colored Map","DeckTracker","Keyboard Shortcuts","Minty Spire (QoL Compilation)","Permanent Neow","Quick Restart","Rare Cards Sparkle","StSLib","SuperFastMode","everything is the same but u backflip on backflip"],"gold_per_floor":[112,112,125,125,75,75,108,108,108,108,121,121,121,165,165,286,286,299,314,333,347,362,362,461,461,514,552,239,260,260,280,280,399,399,412,432,432,452,452,752,787,807,885,885,929,425,439,463,463,463,463,463,13,48,48,48],"floor_reached":55,"language":"KOR","playtime":2646,"items_purged":["Strike_G","Strike_G"],"score":1046,"play_id":"e5acd505-526d-45b9-956c-1091e844824e","local_time":"20210119021425","is_ascension_mode":true,"campfire_choices":[{"data":"Neutralize","floor":6.0,"key":"SMITH"},{"floor":10.0,"key":"DIG"},{"floor":12.0,"key":"DIG"},{"floor":15.0,"key":"DIG"},{"floor":23.0,"key":"DIG"},{"floor":25.0,"key":"DIG"},{"floor":30.0,"key":"DIG"},{"floor":32.0,"key":"DIG"},{"floor":40,"key":"DIG"},{"floor":49,"key":"RECALL"},{"floor":52,"key":"DIG"}],"circlet_count":0,"master_deck":["Strike_G+1","Strike_G","Defend_G","Defend_G","Defend_G","Survivor","Neutralize+1","Poisoned Stab","Backflip","Masterful Stab","Blade Dance+1","Blade Dance","Dash","Adrenaline","Accuracy","Cloak And Dagger","Backstab+1","A Thousand Cuts+1","PiercingWail","Finisher","Calculated Gamble+1","After Image","Tactician+1","Prepared+1","Adrenaline","Terror+1","Acrobatics+1","Endless Agony+1","Caltrops+1","Prepared+1"],"relics":["Ring of the Snake","Oddly Smooth Stone","Golden Idol","Shovel","Mercury Hourglass","CaptainsWheel","Shuriken","Orichalcum","Tough Bandages","Fusion Hammer","Darkstone Periapt","Bottled Flame","Question Card","Sundial","Strawberry","Happy Flower","Coffee Dripper","Old Coin","Juzu Bracelet","Letter Opener","Molten Egg 2","Lee\u0027s Waffle","Omamori","InkBottle","Turnip","Bag of Marbles","Incense Burner"],"acts_visited":["Exordium","TheCity","TheBeyond","TheEnding"],"potions_floor_usage":[50,55,55],"damage_taken":[{"damage":0.0,"enemies":"Small Slimes","floor":1.0,"turns":3.0},{"damage":0.0,"enemies":"Jaw Worm","floor":3.0,"turns":6.0},{"damage":9.0,"enemies":"3 Sentries","floor":7.0,"turns":7.0},{"damage":0.0,"enemies":"2 Louse","floor":11.0,"turns":2.0},{"damage":1.0,"enemies":"Gremlin Nob","floor":14.0,"turns":3.0},{"damage":2.0,"enemies":"Hexaghost","floor":16.0,"turns":6.0},{"damage":4.0,"enemies":"2 Thieves","floor":18.0,"turns":3.0},{"damage":0.0,"enemies":"Spheric Guardian","floor":19.0,"turns":1.0},{"damage":0.0,"enemies":"Snecko","floor":20.0,"turns":3.0},{"damage":1.0,"enemies":"Snake Plant","floor":21.0,"turns":3.0},{"damage":12.0,"enemies":"Centurion and Healer","floor":22.0,"turns":2.0},{"damage":15.0,"enemies":"Slavers","floor":27.0,"turns":3.0},{"damage":1.0,"enemies":"Chosen and Byrds","floor":29.0,"turns":4.0},{"damage":6.0,"enemies":"Snake Plant","floor":31.0,"turns":2.0},{"damage":17.0,"enemies":"Automaton","floor":33.0,"turns":8.0},{"damage":14.0,"enemies":"3 Darklings","floor":35.0,"turns":4.0},{"damage":0.0,"enemies":"3 Shapes","floor":36.0,"turns":3.0},{"damage":6.0,"enemies":"Transient","floor":38.0,"turns":5.0},{"damage":0,"enemies":"Giant Head","floor":41,"turns":4},{"damage":0,"enemies":"Sphere and 2 Shapes","floor":42,"turns":3},{"damage":12,"enemies":"Reptomancer","floor":45,"turns":4},{"damage":24,"enemies":"4 Shapes","floor":47,"turns":2},{"damage":0,"enemies":"Maw","floor":48,"turns":1},{"damage":44,"enemies":"Donu and Deca","floor":50,"turns":6},{"damage":22,"enemies":"Shield and Spear","floor":54,"turns":5},{"damage":106,"enemies":"The Heart","floor":55,"turns":5}],"seed_played":"-5145477376426508436","potions_obtained":[{"floor":1.0,"key":"AttackPotion"},{"floor":3.0,"key":"EntropicBrew"},{"floor":20.0,"key":"Fruit Juice"},{"floor":21.0,"key":"CunningPotion"},{"floor":27.0,"key":"Weak Potion"},{"floor":29.0,"key":"SpeedPotion"},{"floor":36.0,"key":"BlessingOfTheForge"},{"floor":42,"key":"Ancient Potion"},{"floor":45,"key":"Fire Potion"},{"floor":54,"key":"FearPotion"}],"is_trial":false,"path_per_floor":["M","?","M","?","?","R","E","?","T","R","M","R","?","E","R","B",null,"M","M","M","M","M","R","?","R","T","E","$","M","R","M","R","B",null,"M","M","?","M","?","R","E","M","T","?","E","$","M","M","R","B",null,"R","$","E","B"],"character_chosen":"THE_SILENT","items_purchased":["Sundial","Lee\u0027s Waffle","FairyPotion","Omamori","Turnip","Bag of Marbles"],"campfire_rested":0,"item_purchase_floors":[28,46,46,46,53,53],"current_hp_per_floor":[70,70,70,53,53,53,44,30,30,30,30,30,35,34,34,32,64,60,60,60,59,52,52,52,52,52,37,37,36,43,37,37,20,70,56,56,56,50,50,50,50,50,50,50,38,90,66,66,66,22,73,73,73,51,0,0],"gold":48,"neow_bonus":"RANDOM_COMMON_RELIC","is_daily":false,"chose_seed":false,"campfire_upgraded":1,"win_rate":0.0,"timestamp":1610990065,"path_taken":["M","?","M","?","?","R","E","?","T","R","M","R","?","E","R","BOSS","M","M","M","M","M","R","?","R","T","E","$","M","R","M","R","BOSS","M","M","?","M","?","R","E","M","T","?","E","$","M","M","R","BOSS","R","$","E","BOSS"],"items_purchased_type":["Relic","Relic","Potion","Relic","Relic","Relic"],"build_version":"2020-12-22","purchased_purges":2,"victory":false,"max_hp_per_floor":[70,70,70,70,70,70,70,70,70,70,70,70,75,75,75,75,75,75,75,75,75,80,80,80,80,80,80,80,80,87,87,87,87,87,87,87,87,87,87,87,87,87,87,83,83,90,90,90,90,90,90,90,90,90,90,90],"card_choices":[{"not_picked":["Concentrate","Slice"],"picked":"Poisoned Stab","floor":1.0},{"not_picked":["Bane","Backflip"],"picked":"Masterful Stab","floor":3.0},{"not_picked":["Prepared","Sucker Punch"],"picked":"Blade Dance","floor":7.0},{"not_picked":["Outmaneuver","Backflip"],"picked":"Blade Dance","floor":11.0},{"not_picked":["Terror","Bullet Time"],"picked":"Dash","floor":14.0},{"not_picked":["Bullet Time","Unload"],"picked":"Adrenaline","floor":16.0},{"not_picked":["Dodge and Roll","Leg Sweep"],"picked":"Accuracy","floor":18.0},{"not_picked":["Backflip","Poisoned Stab"],"picked":"Cloak And Dagger","floor":19.0},{"not_picked":["Underhanded Strike","Sucker Punch"],"picked":"Backstab+1","floor":20.0},{"not_picked":["Footwork","Outmaneuver"],"picked":"A Thousand Cuts","floor":21.0},{"not_picked":["Flying Knee","Sucker Punch+1"],"picked":"PiercingWail","floor":22.0},{"not_picked":["Dagger Spray","Bouncing Flask+1","Phantasmal Killer"],"picked":"SKIP","floor":27.0},{"not_picked":["Dagger Throw","Bane","Reflex+1"],"picked":"Finisher","floor":29.0},{"not_picked":["Crippling Poison","Flying Knee","Outmaneuver+1"],"picked":"Calculated Gamble+1","floor":31.0},{"not_picked":["Die Die Die","Grand Finale","Envenom"],"picked":"After Image","floor":33.0},{"not_picked":["PiercingWail+1","Deadly Poison+1","Underhanded Strike+1"],"picked":"Tactician+1","floor":35.0},{"not_picked":["Underhanded Strike+1","Blade Dance","Infinite Blades+1"],"picked":"Prepared+1","floor":36.0},{"not_picked":["Dash+1","Bane+1","Dagger Throw+1"],"picked":"Adrenaline","floor":38.0},{"not_picked":["Escape Plan","Sucker Punch","Finisher+1"],"picked":"Terror+1","floor":41},{"not_picked":["Skewer+1","Bouncing Flask","All Out Attack+1"],"picked":"Acrobatics+1","floor":42},{"not_picked":["Acrobatics","Dagger Throw+1","Poisoned Stab+1","Reflex"],"picked":"SKIP","floor":45},{"not_picked":["Prepared","Poisoned Stab+1","Eviscerate+1"],"picked":"Endless Agony+1","floor":47},{"not_picked":["Dagger Throw+1","Quick Slash+1","Terror"],"picked":"Caltrops+1","floor":48},{"not_picked":["Backflip+1","Deflect+1","Acrobatics"],"picked":"Prepared+1","floor":54}],"player_experience":349345,"relics_obtained":[{"floor":7.0,"key":"Shovel"},{"floor":9.0,"key":"Mercury Hourglass"},{"floor":10.0,"key":"CaptainsWheel"},{"floor":12.0,"key":"Shuriken"},{"floor":14.0,"key":"Orichalcum"},{"floor":15.0,"key":"Tough Bandages"},{"floor":23.0,"key":"Darkstone Periapt"},{"floor":25.0,"key":"Bottled Flame"},{"floor":27.0,"key":"Question Card"},{"floor":30.0,"key":"Strawberry"},{"floor":32.0,"key":"Happy Flower"},{"floor":40,"key":"Old Coin"},{"floor":41,"key":"Juzu Bracelet"},{"floor":43,"key":"Letter Opener"},{"floor":45,"key":"Molten Egg 2"},{"floor":52,"key":"InkBottle"},{"floor":54,"key":"Incense Burner"}],"event_choices":[{"damage_healed":0.0,"max_hp_gain":0.0,"max_hp_loss":0.0,"gold_gain":0.0,"cards_transformed":["Defend_G"],"event_name":"Living Wall","player_choice":"Change","floor":2.0,"gold_loss":0.0,"damage_taken":0.0,"cards_obtained":["Backflip"]},{"damage_healed":0.0,"max_hp_gain":0.0,"max_hp_loss":0.0,"gold_gain":0.0,"event_name":"Golden Idol","player_choice":"Take Damage","floor":4.0,"gold_loss":0.0,"damage_taken":17.0,"relics_obtained":["Golden Idol"]},{"cards_removed":["Strike_G"],"damage_healed":0.0,"max_hp_gain":0.0,"max_hp_loss":0.0,"gold_gain":0.0,"event_name":"The Cleric","player_choice":"Card Removal","floor":5.0,"gold_loss":50.0,"damage_taken":0.0},{"damage_healed":0.0,"max_hp_gain":0.0,"max_hp_loss":0.0,"gold_gain":0.0,"event_name":"Shining Light","player_choice":"Entered Light","floor":8.0,"gold_loss":0.0,"damage_taken":14.0,"cards_upgraded":["Blade Dance","Strike_G"]},{"damage_healed":0.0,"max_hp_gain":5.0,"max_hp_loss":0.0,"gold_gain":0.0,"event_name":"Big Fish","player_choice":"Donut","floor":13.0,"gold_loss":0.0,"damage_taken":0.0},{"damage_healed":0.0,"max_hp_gain":0.0,"max_hp_loss":0.0,"gold_gain":99.0,"event_name":"Nest","player_choice":"Stole From Cult","floor":24.0,"gold_loss":0.0,"damage_taken":0.0},{"cards_removed":["Defend_G"],"damage_healed":0.0,"max_hp_gain":0.0,"max_hp_loss":0.0,"gold_gain":0.0,"event_name":"Falling","player_choice":"Removed Skill","floor":37.0,"gold_loss":0.0,"damage_taken":0.0},{"damage_healed":0,"gold_gain":0,"player_choice":"Forge","damage_taken":0,"max_hp_gain":0,"max_hp_loss":0,"event_name":"Accursed Blacksmith","floor":39,"gold_loss":0,"cards_upgraded":["A Thousand Cuts"]},{"damage_healed":0,"gold_gain":0,"player_choice":"Max HP","damage_taken":0,"max_hp_gain":0,"max_hp_loss":4,"event_name":"Winding Halls","floor":44,"gold_loss":0}],"is_beta":false,"boss_relics":[{"not_picked":["Tiny House","Pandora\u0027s Box"],"picked":"Fusion Hammer"},{"not_picked":["WristBlade","Astrolabe"],"picked":"Coffee Dripper"}],"items_purged_floors":[28,46],"is_endless":false,"potions_floor_spawned":[1,3,20,21,27,29,36,42,45,54],"killed_by":"The Heart","ascension_level":5}}