{"host":"2lvuisjyit3p3u01","time":1610975448,"event":{"mods":["Act Like it!","BaseMod","Bestiary","Better Synergies","CapriCore","Colored Map","Colored Powertips","Duelist Mod","GifTheSpireLib","Minty Spire (QoL Compilation)","Quick Restart","Replay The Spire","StSLib"],"gold_per_floor":[137,147,147,147,147,73,89,116,135,135,135,210,244,118,130,149,149,245,245,259,270,270,26,46,46,46,46,46,46,59,69,69,83,83,185,185,204,290,303,313,330,365,376,389,389,389,401,401,401,413,413,413],"floor_reached":53,"language":"ENG","playtime":2820,"items_purged":["theDuelist:CastleWalls"],"score":820,"play_id":"15282c19-d15f-40e5-8f45-3c4490398f82","local_time":"20210118151048","is_ascension_mode":true,"campfire_choices":[{"data":"theDuelist:UltraEvolutionPill","floor":10,"key":"SMITH"},{"data":"theDuelist:Duoterion","floor":17,"key":"SMITH"},{"data":"theDuelist:ArmageddonDragonEmp","floor":25,"key":"SMITH"},{"data":"theDuelist:CyberTwinDragon","floor":29,"key":"SMITH"},{"data":"theDuelist:CyberDinosaur","floor":32,"key":"SMITH"},{"data":"theDuelist:DragonShield+1","floor":34,"key":"SMITH"},{"data":"theDuelist:DragonShield+2","floor":48,"key":"SMITH"},{"data":"theDuelist:DragonShield+4","floor":51,"key":"SMITH"}],"circlet_count":0,"master_deck":["AscendersBane","theDuelist:BabyDragon+1","theDuelist:CastleWalls+1","theDuelist:CaveDragon+1","theDuelist:CaveDragon+1","theDuelist:LesserDragon+1","theDuelist:LesserDragon+1","theDuelist:Sparks+1","theDuelist:Sparks+1","theDuelist:YamataDragon+1","theDuelist:Lancephorhynchus+1","theDuelist:BlockGolem+1","theDuelist:ChimeratechOverdragon+1","theDuelist:CyberDinosaur+1","theDuelist:MaskedDragon+1","theDuelist:Duoterion+1","theDuelist:MirageDragon+1","theDuelist:Freezadon+1","theDuelist:ArmageddonDragonEmp+1","theDuelist:CyberTwinDragon+1","theDuelist:Freezadon+1","theDuelist:DragonMastery+1","theDuelist:PotGreed+1","theDuelist:DragonShield+5","theDuelist:TwinHeadedFire+1","theDuelist:OrbMetronome+1","theDuelist:Mountain+1"],"relics":["theDuelist:MillenniumPuzzle","theDuelist:CardPoolRelic","theDuelist:CardPoolBasicRelic","theDuelist:BoosterPackPoolRelic","theDuelist:CardPoolAddRelic","theDuelist:CardPoolMinusRelic","theDuelist:CardPoolSaveRelic","theDuelist:CardPoolOptionsRelic","War Paint","Eternal Feather","Tough Bandages","Philosopher\u0027s Stone","theDuelist:MillenniumArmor","Blue Candle","Coffee Dripper","theDuelist:DuelistTeaSet","InkBottle","Pondfish Scales","Mark of the Bloom"],"acts_visited":["Exordium","TheCity","TheBeyond"],"potions_floor_usage":[18,18,18,35,35,35,47,52,52,52],"damage_taken":[{"damage":0,"enemies":"Small Slimes","floor":1,"turns":2},{"damage":0,"enemies":"Cultist","floor":2,"turns":3},{"damage":1,"enemies":"2 Louse","floor":7,"turns":2},{"damage":13,"enemies":"Gremlin Nob","floor":8,"turns":3},{"damage":1,"enemies":"Blue Slaver","floor":9,"turns":3},{"damage":10,"enemies":"Lagavulin","floor":13,"turns":4},{"damage":0,"enemies":"Gremlin Gang","floor":15,"turns":3},{"damage":2,"enemies":"Looter","floor":16,"turns":2},{"damage":39,"enemies":"The Guardian","floor":18,"turns":8},{"damage":12,"enemies":"3 Byrds","floor":20,"turns":4},{"damage":0,"enemies":"Spheric Guardian","floor":21,"turns":2},{"damage":4,"enemies":"Snake Plant","floor":24,"turns":2},{"damage":0,"enemies":"Centurion and Healer","floor":30,"turns":3},{"damage":0,"enemies":"Sentry and Sphere","floor":31,"turns":2},{"damage":0,"enemies":"Cultist and Chosen","floor":33,"turns":2},{"damage":59,"enemies":"Champ","floor":35,"turns":7},{"damage":0,"enemies":"Orb Walker","floor":37,"turns":3},{"damage":0,"enemies":"3 Darklings","floor":39,"turns":4},{"damage":13,"enemies":"Sphere and 2 Shapes","floor":40,"turns":5},{"damage":7,"enemies":"Writhing Mass","floor":41,"turns":4},{"damage":5,"enemies":"Reptomancer","floor":42,"turns":3},{"damage":6,"enemies":"Spire Growth","floor":43,"turns":4},{"damage":0,"enemies":"Sphere and 2 Shapes","floor":44,"turns":3},{"damage":0,"enemies":"4 Shapes","floor":47,"turns":3},{"damage":0,"enemies":"Transient","floor":50,"turns":3},{"damage":18,"enemies":"Replay:Hell Engine","floor":52,"turns":3}],"seed_played":"5139986976189696520","potions_obtained":[{"floor":8,"key":"theDuelist:WhiteBottle"},{"floor":13,"key":"theDuelist:SummonArmorPotion"},{"floor":15,"key":"theDuelist:BurningPotion"},{"floor":18,"key":"theDuelist:DragonSoulPotion"},{"floor":31,"key":"theDuelist:TokenPotion"},{"floor":33,"key":"Milkshake"},{"floor":35,"key":"Dexterity Potion"},{"floor":37,"key":"theDuelist:FlamingBottle"},{"floor":40,"key":"FearPotion"},{"floor":47,"key":"FocusPotion"},{"floor":50,"key":"DuplicationPotion"}],"is_trial":false,"path_per_floor":["M","M","PTL","PTL","?","$","M","E","M","R","T","?","E","$","M","M","R","B",null,"M","M","?","$","M","R","?","$","T","R","M","M","R","M","R","B",null,"M","?","M","M","M","E","M","M","T","?","M","R","?","M","R_BF","B",null],"character_chosen":"THE_DUELIST","items_purchased":["theDuelist:UltraEvolutionPill","theDuelist:MirageDragon","theDuelist:MillenniumArmor","theDuelist:DragonMastery+1"],"campfire_rested":0,"item_purchase_floors":[6,14,23,23],"current_hp_per_floor":[72,72,72,72,72,72,71,58,57,57,57,46,36,36,36,34,43,4,61,49,49,49,49,45,57,57,57,57,69,69,69,80,80,80,21,65,65,33,33,20,13,8,2,2,2,70,70,70,70,70,70,52],"gold":413,"neow_bonus":"ONE_RANDOM_RARE_CARD","is_daily":false,"chose_seed":false,"campfire_upgraded":8,"win_rate":0.0,"timestamp":1610975448,"path_taken":["M","M","PTL","PTL","?","?","M","E","M","R","T","?","E","$","M","M","R","BOSS","M","M","?","$","?","R","?","?","T","R","M","M","R","M","R","BOSS","M","?","?","M","M","E","M","M","T","?","M","R","?","M","R_BF","BOSS"],"items_purchased_type":["Card","Card","Relic","Card"],"build_version":"2020-12-22","purchased_purges":1,"victory":true,"max_hp_per_floor":[80,80,80,80,80,80,80,80,80,80,80,80,80,80,80,80,80,80,80,80,80,80,80,80,80,80,80,80,80,80,80,80,80,80,80,80,80,80,80,80,80,80,80,80,80,70,70,70,70,70,70,70],"card_choices":[{"not_picked":["theDuelist:BigFire","theDuelist:DarkFactory","theDuelist:FeatherPho","theDuelist:RainbowOverdragon"],"picked":"theDuelist:BlockGolem","floor":1},{"not_picked":["Bandage Up","PanicButton","The Bomb","Thinking Ahead"],"picked":"SKIP","floor":2},{"not_picked":["theDuelist:DefensiveTactics","theDuelist:ArmedProtectorDragon"],"picked":"theDuelist:ChimeratechOverdragon","floor":7},{"not_picked":["theDuelist:AquaDolphin","theDuelist:CyberDragonNachster","theDuelist:MoltenDestruction","theDuelist:LesserDragon"],"picked":"theDuelist:CyberDinosaur","floor":8},{"not_picked":["theDuelist:YamataDragon","theDuelist:Kabazauls","theDuelist:Beatraptor","theDuelist:TwinHeadedBehemoth"],"picked":"theDuelist:MaskedDragon","floor":9},{"not_picked":["theDuelist:Hydrogeddon","theDuelist:BusterBlader","theDuelist:Anthrosaurus","theDuelist:TornadoDragon"],"picked":"theDuelist:Duoterion","floor":13},{"not_picked":["theDuelist:MaskedDragon","theDuelist:CyberDragonVier","theDuelist:MoltenDestruction","theDuelist:CloudianGhost"],"picked":"theDuelist:Freezadon","floor":15},{"not_picked":["theDuelist:BlackStego","theDuelist:Beatraptor","theDuelist:FrostflameDragon","theDuelist:AquaDolphin","theDuelist:BlackBrachios"],"picked":"SKIP","floor":16},{"not_picked":["theDuelist:SurvivalFittest","theDuelist:Scapegoat","theDuelist:OceanDragonLord","theDuelist:BSkullDragon"],"picked":"theDuelist:ArmageddonDragonEmp","floor":18},{"not_picked":["theDuelist:TrihornedDragon","theDuelist:BlackBrachios","theDuelist:Kabazauls+1","theDuelist:BlackPtera"],"picked":"theDuelist:CyberTwinDragon","floor":20},{"not_picked":["theDuelist:ViceDragon+1","theDuelist:MaskedDragon","theDuelist:CaveDragon","theDuelist:AncientGearGadjiltron+1"],"picked":"theDuelist:Freezadon","floor":21},{"not_picked":["theDuelist:BattleguardKing+1","theDuelist:Hinotama","theDuelist:LightningDarts","theDuelist:RainbowOverdragon","theDuelist:SmashingGround"],"picked":"SKIP","floor":24},{"not_picked":["theDuelist:TailSwipe","theDuelist:StampingDestruction","theDuelist:HymnOfLight+1","theDuelist:Dracocension","theDuelist:Scapegoat"],"picked":"SKIP","floor":30},{"not_picked":["theDuelist:LightningDarts+1","theDuelist:DarkCreator","theDuelist:RainbowOverdragon","theDuelist:HarpieFeather+1"],"picked":"theDuelist:PotGreed+1","floor":31},{"not_picked":["theDuelist:TyrantWing","theDuelist:SafeZone","theDuelist:FireDarts","theDuelist:DragonCaptureJar+1"],"picked":"theDuelist:DragonShield+1","floor":33},{"not_picked":["theDuelist:TrihornedDragon+1","theDuelist:MadFlameKaiju","theDuelist:BarrelDragon+1","theDuelist:BlackTyranno","theDuelist:BlackStego+1"],"picked":"SKIP","floor":37},{"not_picked":["theDuelist:Pyrorex","theDuelist:AquaDolphin","theDuelist:CurseDragon+1","theDuelist:BerserkerSoul+1"],"picked":"theDuelist:TwinHeadedFire","floor":38},{"not_picked":["theDuelist:RainbowOverdragon+1","theDuelist:DarkCreator+1","theDuelist:PotGenerosity","theDuelist:Solidarity+1"],"picked":"theDuelist:OrbMetronome+1","floor":38},{"not_picked":["theDuelist:BattleguardKing","theDuelist:ForbiddenLance","theDuelist:LightningDarts","theDuelist:SmashingGround","theDuelist:Raigeki+1"],"picked":"SKIP","floor":39},{"not_picked":["theDuelist:GiantRex","theDuelist:Frostosaurus","theDuelist:DarkDriceratops","theDuelist:BlackPtera+1","theDuelist:Beatraptor"],"picked":"SKIP","floor":40},{"not_picked":["theDuelist:MirageDragon+1","theDuelist:CyberValley","theDuelist:SnowDragon+1","theDuelist:LordD","theDuelist:AutorokketDragon"],"picked":"SKIP","floor":41},{"not_picked":["theDuelist:BattleguardKing+1","theDuelist:BigFire","theDuelist:RainbowOverdragon","theDuelist:ForbiddenLance","theDuelist:LightningDarts"],"picked":"SKIP","floor":42},{"not_picked":["theDuelist:StampingDestruction","theDuelist:Earthquake","theDuelist:CyberEmergency+1","theDuelist:AncientRules+1","theDuelist:DragonShield+2"],"picked":"SKIP","floor":43},{"not_picked":["theDuelist:BattleguardKing+1","theDuelist:BigFire","theDuelist:StrayLambs+1","theDuelist:GoldenApples","theDuelist:GreyGreedOni+1"],"picked":"SKIP","floor":44},{"not_picked":["theDuelist:SpiralSpearStrike+1","theDuelist:OneDayPeace+1","theDuelist:DragonMirror+1","theDuelist:SuperStridentBlaze+1"],"picked":"theDuelist:Mountain+1","floor":47},{"not_picked":["theDuelist:QueenDragunDjinn+1","theDuelist:FiveHeaded","theDuelist:ChimeratechOverdragon+1","theDuelist:BlasterDragonInfernos+1","theDuelist:BerserkScales+1"],"picked":"SKIP","floor":50}],"player_experience":307053,"relics_obtained":[{"floor":8,"key":"War Paint"},{"floor":11,"key":"Eternal Feather"},{"floor":13,"key":"Tough Bandages"},{"floor":28,"key":"Blue Candle"},{"floor":38,"key":"theDuelist:DuelistTeaSet"},{"floor":42,"key":"InkBottle"},{"floor":45,"key":"Pondfish Scales"}],"event_choices":[{"damage_healed":0,"gold_gain":0,"player_choice":"Leave","duelist":true,"damage_taken":0,"max_hp_gain":0,"max_hp_loss":0,"event_name":"Battle City","floor":5,"gold_loss":0},{"damage_healed":0,"gold_gain":75,"player_choice":"Gather Gold","damage_taken":11,"max_hp_gain":0,"max_hp_loss":0,"event_name":"World of Goop","floor":12,"gold_loss":0},{"damage_healed":0,"gold_gain":0,"player_choice":"Leave","duelist":true,"damage_taken":0,"max_hp_gain":0,"max_hp_loss":0,"event_name":"Tomb of the Nameless","floor":22,"gold_loss":0},{"damage_healed":0,"gold_gain":0,"player_choice":"Upgraded","damage_taken":0,"max_hp_gain":0,"max_hp_loss":0,"event_name":"Upgrade Shrine","floor":26,"gold_loss":0,"cards_upgraded":["theDuelist:BlockGolem"]},{"damage_healed":70,"gold_gain":0,"player_choice":"Heal","damage_taken":0,"max_hp_gain":0,"max_hp_loss":10,"event_name":"The Moai Head","floor":46,"gold_loss":0},{"damage_healed":0,"gold_gain":0,"player_choice":"Upgrade","damage_taken":0,"relics_obtained":["Mark of the Bloom"],"max_hp_gain":0,"max_hp_loss":0,"event_name":"MindBloom","floor":49,"gold_loss":0,"cards_upgraded":["theDuelist:Sparks","theDuelist:Sparks","theDuelist:Freezadon","theDuelist:Freezadon","theDuelist:DragonShield","theDuelist:TwinHeadedFire"]}],"is_beta":false,"boss_relics":[{"not_picked":["Painkiller Herb","Tiny House"],"picked":"Philosopher\u0027s Stone"},{"not_picked":["theDuelist:ElectricKey","HoveringKite"],"picked":"Coffee Dripper"}],"items_purged_floors":[14],"is_endless":false,"potions_floor_spawned":[8,13,15,18,31,33,35,37,40,41,47,50],"ascension_level":10}}