{"host":"sc0o2qwpf9j16a4i","time":1610985939,"event":{"mods":["AchievementEnabler","BaseMod","BetterRewards","Block Reminder","Colored Map","Colored Powertips","Custom Start","Highlight Path","Minty Spire (QoL Compilation)","Relic Stats"],"gold_per_floor":[114,26,41,41,58,58,93,93,93,93,119,119,119,44,44,137,137,162,181,96,96,96,96,123,123,149,149,184,184,218,234,234,234,234],"floor_reached":33,"language":"ENG","playtime":1048,"items_purged":["Strike_G"],"score":714,"play_id":"99200a2b-9a9e-4f6a-94b7-103fc6229874","local_time":"20210118180539","is_ascension_mode":true,"campfire_choices":[{"data":"Noxious Fumes","floor":6,"key":"SMITH"},{"data":"Neutralize","floor":8,"key":"SMITH"},{"data":"Predator","floor":10,"key":"SMITH"},{"data":"Footwork","floor":15,"key":"SMITH"},{"data":"Tactician","floor":23,"key":"SMITH"},{"data":"Footwork","floor":25,"key":"SMITH"},{"data":"Leg Sweep","floor":27,"key":"SMITH"},{"floor":32,"key":"REST"}],"circlet_count":0,"master_deck":["AscendersBane","Strike_G","Strike_G","Strike_G","Defend_G","Defend_G","Defend_G","Defend_G","Defend_G","Survivor","Neutralize+1","Predator+1","Footwork+1","Noxious Fumes+1","Dagger Throw","Deadly Poison+1","Leg Sweep+1","Venomology","Acrobatics","Tactician+1","Footwork+1","Dodge and Roll","Pain","Footwork"],"relics":["Ring of the Snake","NeowsBlessing","WingedGreaves","Turnip","Bag of Preparation","Bloody Idol","Velvet Choker","Boot","Toy Ornithopter","Happy Flower","Mango","WarpedTongs","Tiny Chest"],"acts_visited":["Exordium","TheCity"],"potions_floor_usage":[16,19,24,24,30,31,33,33],"damage_taken":[{"damage":0,"enemies":"2 Louse","floor":1,"turns":1},{"damage":0,"enemies":"Cultist","floor":3,"turns":1},{"damage":0,"enemies":"Small Slimes","floor":5,"turns":1},{"damage":16,"enemies":"Lagavulin","floor":7,"turns":8},{"damage":22,"enemies":"3 Sentries","floor":11,"turns":7},{"damage":0,"enemies":"Hexaghost","floor":16,"turns":10},{"damage":0,"enemies":"Spheric Guardian","floor":18,"turns":7},{"damage":3,"enemies":"2 Thieves","floor":19,"turns":5},{"damage":2,"enemies":"Gremlin Leader","floor":24,"turns":7},{"damage":8,"enemies":"Book of Stabbing","floor":28,"turns":6},{"damage":53,"enemies":"Slavers","floor":30,"turns":9},{"damage":9,"enemies":"Centurion and Healer","floor":31,"turns":8},{"damage":55,"enemies":"Champ","floor":33,"turns":16}],"seed_played":"-3632773619331229124","potions_obtained":[{"floor":5,"key":"SpeedPotion"},{"floor":7,"key":"FearPotion"},{"floor":11,"key":"SkillPotion"},{"floor":19,"key":"LiquidMemories"}],"is_trial":false,"path_per_floor":["M","$","M","?","M","R","E","R","T","R","E","?","?","$","R","B",null,"M","M","?","?","?","R","E","R","T","R","E","?","E","M","R","B"],"character_chosen":"THE_SILENT","items_purchased":["Footwork"],"campfire_rested":1,"item_purchase_floors":[2],"current_hp_per_floor":[59,59,59,59,59,59,43,43,43,43,21,21,21,21,21,21,50,50,47,47,47,47,47,50,50,55,55,66,66,23,24,46,1,1],"gold":234,"neow_bonus":"THREE_ENEMY_KILL","is_daily":false,"chose_seed":false,"campfire_upgraded":7,"win_rate":0.0,"timestamp":1610985939,"path_taken":["M","$","M","?","?","R","E","R","T","R","E","?","?","$","R","BOSS","M","M","?","?","?","R","E","R","T","R","E","?","E","M","R","BOSS"],"items_purchased_type":["Card"],"build_version":"2020-12-22","purchased_purges":1,"victory":false,"max_hp_per_floor":[66,66,66,66,66,66,66,66,66,66,66,66,60,60,60,60,60,60,60,60,60,60,60,60,60,60,60,74,74,74,74,74,74,74],"relic_stats":{"Happy Flower":[13],"counters":[13,86],"Bloody Idol":25,"Tiny Chest":0,"Turnip":[15],"Bag of Preparation":[16],"Boot":[20],"obtain_stats":[{"NeowsBlessing":0,"Happy Flower":26,"Golden Idol":13,"Velvet Choker":17,"Mango":28,"Bag of Preparation":11,"Boot":20,"WarpedTongs":29,"Bloody Idol":22,"Tiny Chest":30,"WingedGreaves":7,"Turnip":9,"Toy Ornithopter":24,"Ring of the Snake":0},{"NeowsBlessing":0,"Happy Flower":9,"Golden Idol":5,"Velvet Choker":6,"Mango":10,"Bag of Preparation":5,"Boot":8,"WarpedTongs":10,"Bloody Idol":8,"Tiny Chest":11,"WingedGreaves":4,"Turnip":4,"Toy Ornithopter":9,"Ring of the Snake":0},{"NeowsBlessing":0,"Happy Flower":47,"Golden Idol":18,"Velvet Choker":28,"Mango":53,"Bag of Preparation":18,"Boot":40,"WarpedTongs":53,"Bloody Idol":40,"Tiny Chest":62,"WingedGreaves":11,"Turnip":11,"Toy Ornithopter":47,"Ring of the Snake":0}],"Toy Ornithopter":20,"Ring of the Snake":[26],"WarpedTongs":[28]},"card_choices":[{"not_picked":["Acrobatics","Dodge and Roll"],"picked":"Predator","floor":1},{"not_picked":["Bouncing Flask","Dagger Throw"],"picked":"Noxious Fumes","floor":3},{"not_picked":["Cloak And Dagger","Flying Knee"],"picked":"Dagger Throw","floor":5},{"not_picked":["Phantasmal Killer","Acrobatics"],"picked":"Deadly Poison","floor":7},{"not_picked":["PiercingWail","Slice"],"picked":"Leg Sweep","floor":11},{"not_picked":["Storm of Steel","Tools of the Trade"],"picked":"Venomology","floor":16},{"not_picked":["Flying Knee","Dagger Spray"],"picked":"Acrobatics","floor":18},{"not_picked":["Eviscerate","Prepared"],"picked":"Tactician","floor":19},{"not_picked":["Cloak And Dagger","Burst"],"picked":"Footwork","floor":24},{"not_picked":["Terror","Backstab"],"picked":"Dodge and Roll","floor":28},{"not_picked":["Expertise","Endless Agony","Backstab"],"picked":"SKIP","floor":30},{"not_picked":["Bouncing Flask","Outmaneuver"],"picked":"Footwork","floor":31}],"player_experience":724586,"relics_obtained":[{"floor":7,"key":"WingedGreaves"},{"floor":9,"key":"Turnip"},{"floor":11,"key":"Bag of Preparation"},{"floor":24,"key":"Toy Ornithopter"},{"floor":26,"key":"Happy Flower"},{"floor":28,"key":"Mango"},{"floor":30,"key":"Tiny Chest"}],"event_choices":[{"cards_removed":["Strike_G"],"damage_healed":0,"gold_gain":0,"player_choice":"Offered Basic","damage_taken":0,"max_hp_gain":0,"max_hp_loss":0,"event_name":"Bonfire Elementals","floor":4,"gold_loss":0},{"damage_healed":0,"gold_gain":0,"player_choice":"Grow","damage_taken":0,"max_hp_gain":0,"max_hp_loss":0,"event_name":"Living Wall","floor":12,"gold_loss":0,"cards_upgraded":["Deadly Poison"]},{"damage_healed":0,"gold_gain":0,"player_choice":"Lose Max HP","damage_taken":0,"relics_obtained":["Golden Idol"],"max_hp_gain":0,"max_hp_loss":6,"event_name":"Golden Idol","floor":13,"gold_loss":0},{"damage_healed":0,"gold_gain":0,"player_choice":"Obtained Relic","damage_taken":0,"relics_obtained":["Boot"],"max_hp_gain":0,"max_hp_loss":0,"event_name":"Addict","floor":20,"gold_loss":85},{"damage_healed":0,"gold_gain":0,"player_choice":"Ignored","damage_taken":0,"max_hp_gain":0,"max_hp_loss":0,"event_name":"Vampires","floor":21,"gold_loss":0},{"damage_healed":0,"gold_gain":0,"player_choice":"Gave Idol","damage_taken":0,"relics_obtained":["Bloody Idol"],"max_hp_gain":0,"max_hp_loss":0,"event_name":"Forgotten Altar","floor":22,"relics_lost":["Golden Idol"],"gold_loss":0},{"damage_healed":0,"gold_gain":0,"player_choice":"Rummage","damage_taken":0,"relics_obtained":["WarpedTongs"],"max_hp_gain":0,"max_hp_loss":0,"event_name":"Accursed Blacksmith","floor":29,"gold_loss":0,"cards_obtained":["Pain"]}],"is_beta":false,"boss_relics":[{"not_picked":["Calling Bell","Ring of the Serpent"],"picked":"Velvet Choker"}],"items_purged_floors":[14],"is_endless":false,"potions_floor_spawned":[5,7,11,18,19],"killed_by":"Champ","ascension_level":20}}