{"host":"u19jhb6amotr3ucl","time":1610940757,"event":{"mods":["Act Like it!","Astrologer","BaseMod","Better Match","BetterRewards","Conspire","Duelist Mod","Hubris","Infinite Spire","Jorbs\u0027s Wanderer Trilogy","Marisa????????","Minty Spire (QoL Compilation)","Quick Restart","Replay The Spire","Spicy Shops","StSLib","The Animator"],"gold_per_floor":[117,17,56,82,106,154,154,185,266,266,27,27,88,122,122,247,247,285,485,29,68,68,83,95,95,95,195,195,267,267,267,287,8,8,103,103,114,164,439,461,492,492,599,599,599,617,644,644,656,668,668,682,682,682,362,433,497],"floor_reached":58,"language":"ENG","playtime":15031,"items_purged":["Clumsy","Pain"],"score":1744,"play_id":"3b2a9d2b-fd30-44d5-a0f8-cfa1e341fceb","local_time":"20210117223237","is_ascension_mode":false,"campfire_choices":[{"floor":7.0,"key":"REST"},{"floor":10.0,"key":"REST"},{"floor":12.0,"key":"RECALL"},{"floor":15.0,"key":"REST"},{"floor":28.0,"key":"REST"},{"floor":42.0,"key":"REST"},{"floor":51.0,"key":"REST"},{"floor":54.0,"key":"REST"}],"circlet_count":0,"master_deck":["Strike_MRS+1","Strike_MRS","Defend_MRS","Defend_MRS","Defend_MRS","Defend_MRS","MasterSpark","UpSweep","Mayhem+1","MagicChant","conspire:SpireCoStock","conspire:SpireCoStock","GravityBeat","ChargingUp","IllusionStar","SuperNova","EnergyRecoil","MeteoricShower+1","UltimateShortwave","ManaConvection","StarDustReverie","NonDirectionalLaser","MagicAbsorber","DeepEcoloBomb","AsteroidBelt","WitchLeyline","hubris:Gluttony","IllusionStar","PropBag+1","Acceleration","GasGiant","UltimateShortwave","Acceleration+1","OpenUniverse","Regret","ShootingEcho+1","GrandCross+1","BigCrunch","PropBag+1","Sadistic Nature","Purity","DeepEcoloBomb","AlicesGift","Acceleration","WitchOfGreed","PowerUp+1","SatelliteIllusion"],"relics":["MiniHakkero","Guide Book","infinitespire:EmpoweringShard","Shuriken","infinitespire:Bottled Soul","ReplayTheSpireMod:TigerMarble","SlaversCollar","FossilizedHelix","conspire:TreasureMap","ReplayTheSpireMod:Ninjato","Replay:Ringing Soul","hubris:Spice","hubris:SphereOfDissonance","Snack Pack","Membership Card","hubris:Metronome","Fusion Hammer","Strawberry","Blue Doll","ChewingGum","Chemical X","Strange Spoon","Replay:Baseball","Kunai","Mirror","hubris:NiceRug","Replay:Bandana"],"acts_visited":["Exordium","TheCity","TheBeyond","TheEnding"],"potions_floor_usage":[57,57],"damage_taken":[{"damage":0.0,"enemies":"Small Slimes","floor":1.0,"turns":3.0},{"damage":6.0,"enemies":"Jaw Worm","floor":3.0,"turns":4.0},{"damage":2.0,"enemies":"2 Louse","floor":4.0,"turns":4.0},{"damage":14.0,"enemies":"2 Fungi Beasts","floor":5.0,"turns":3.0},{"damage":18.0,"enemies":"Replay:BlueRogue","floor":6.0,"turns":5.0},{"damage":40.0,"enemies":"Gremlin Nob","floor":8.0,"turns":5.0},{"damage":5.0,"enemies":"Gremlin Gang","floor":13.0,"turns":5.0},{"damage":6.0,"enemies":"Exordium Wildlife","floor":14.0,"turns":2.0},{"damage":30.0,"enemies":"Hexaghost","floor":16.0,"turns":7.0},{"damage":33.0,"enemies":"3 Byrds","floor":18.0,"turns":6.0},{"damage":0.0,"enemies":"Shell Parasite","floor":21.0,"turns":3.0},{"damage":5.0,"enemies":"Chosen and Byrds","floor":23.0,"turns":3.0},{"damage":0.0,"enemies":"Snecko","floor":24.0,"turns":3.0},{"damage":19.0,"enemies":"Colosseum Slavers","floor":27.0,"turns":4.0},{"damage":2.0,"enemies":"Colosseum Nobs","floor":27.0,"turns":3.0},{"damage":0.0,"enemies":"Replay:Snechameleon","floor":29.0,"turns":3.0},{"damage":0.0,"enemies":"Snake Plant","floor":32.0,"turns":2.0},{"damage":0.0,"enemies":"Automaton","floor":35.0,"turns":6.0},{"damage":0.0,"enemies":"Orb Walker","floor":37.0,"turns":1.0},{"damage":0.0,"enemies":"Mind Bloom Boss Battle","floor":38.0,"turns":2.0},{"damage":15.0,"enemies":"3 Darklings","floor":40.0,"turns":4.0},{"damage":0.0,"enemies":"conspire:MimicChest","floor":41.0,"turns":5.0},{"damage":0.0,"enemies":"Giant Head","floor":43.0,"turns":4.0},{"damage":0.0,"enemies":"Sphere and 2 Shapes","floor":46.0,"turns":1.0},{"damage":0.0,"enemies":"Maw","floor":47.0,"turns":4.0},{"damage":0.0,"enemies":"Writhing Mass","floor":49.0,"turns":1.0},{"damage":0.0,"enemies":"3 Darklings","floor":50.0,"turns":2.0},{"damage":32.0,"enemies":"Donu and Deca","floor":52.0,"turns":5.0},{"damage":11.0,"enemies":"hubris:Merchant","floor":55.0,"turns":4.0},{"damage":0,"enemies":"Shield and Spear","floor":56,"turns":3},{"damage":66,"enemies":"The Heart","floor":57,"turns":4}],"seed_played":"3408151313408083136","potions_obtained":[{"floor":1.0,"key":"Toxic Potion"},{"floor":5.0,"key":"Strength Potion"},{"floor":6.0,"key":"BottledSpark"},{"floor":13.0,"key":"ShroomBrew"},{"floor":23.0,"key":"Adrenaline Potion"},{"floor":24.0,"key":"Fire Potion"},{"floor":29.0,"key":"Death Potion"},{"floor":32.0,"key":"FearPotion"},{"floor":40.0,"key":"Flashbang"},{"floor":41.0,"key":"Explosive Potion"},{"floor":55.0,"key":"ColorlessPotion"},{"floor":55.0,"key":"Adrenaline Potion"},{"floor":56,"key":"BlessingOfTheForge"}],"is_trial":false,"path_per_floor":["M","?","M","M","M","E","R","E","T","R","$","R","M","M","R","B",null,"M","?","$","M","?","M","M","?","T","?","R","E","PTL","PTL","M","$","R","B",null,"M","?","?","M","?","R","E","?","T","M","M","AVR","M","M","R","B",null,"R","$","E","B",null],"character_chosen":"MARISA","items_purchased":["Mayhem","Guide Book","ReplayTheSpireMod:TigerMarble","MeteoricShower+1","FossilizedHelix","conspire:TreasureMap","Membership Card","hubris:Metronome","GasGiant","Chemical X","Strange Spoon","Replay:Baseball","Kunai","Sadistic Nature","Purity","Energy Potion","Mirror"],"campfire_rested":7,"item_purchase_floors":[0,0,11,11,20,20,33,33,33,55,55,55,55,55,55,55,55],"current_hp_per_floor":[65,65,59,57,43,25,47,7,7,29,29,29,24,18,40,10,75,42,42,42,42,42,37,37,37,37,27,52,55,55,55,58,61,61,73,99,102,113,116,104,116,129,129,132,132,132,132,132,132,135,135,105,135,135,129,133,80],"gold":497,"neow_bonus":"","is_daily":false,"chose_seed":false,"campfire_upgraded":0,"win_rate":0.0,"timestamp":1610940757,"path_taken":["M","?","M","M","M","E","R","E","T","R","?","R","M","M","R","BOSS","M","?","$","?","?","M","?","?","T","?","R","E","PTL","PTL","M","$","R","BOSS","M","?","?","?","?","R","E","?","T","M","M","AVR","?","M","R","BOSS","R","$","E","BOSS"],"items_purchased_type":["Card","Relic","Relic","Card","Relic","Relic","Relic","Relic","Card","Relic","Relic","Relic","Relic","Card","Card","Potion","Relic"],"build_version":"2020-12-22","purchased_purges":2,"victory":true,"max_hp_per_floor":[75,75,75,75,75,75,75,75,75,75,75,75,75,75,75,75,75,75,75,75,75,75,75,75,75,75,86,86,89,89,89,92,95,95,99,99,102,113,116,119,129,129,129,132,132,132,132,132,132,135,135,135,135,135,130,133,133],"card_choices":[{"not_picked":["DoubleSpark","StarlightTyphoon"],"picked":"MagicChant","floor":1.0},{"not_picked":["DarkMatter","DC"],"picked":"GravityBeat","floor":3.0},{"not_picked":["6A","EventHorizon"],"picked":"ChargingUp","floor":4.0},{"not_picked":["AsteroidBelt","AlicesGift"],"picked":"IllusionStar","floor":5.0},{"not_picked":["BigCrunch","PowerUp"],"picked":"SuperNova","floor":6.0},{"not_picked":["EventHorizon","DC"],"picked":"EnergyRecoil","floor":8.0},{"not_picked":["PowerUp","MilkyWay"],"picked":"UltimateShortwave","floor":13.0},{"not_picked":["StarlightTyphoon","WitchOfGreed"],"picked":"ManaConvection","floor":14.0},{"not_picked":["SatelliteIllusion","BigCrunch"],"picked":"StarDustReverie","floor":16.0},{"not_picked":["GrandCross","DC"],"picked":"NonDirectionalLaser","floor":18.0},{"not_picked":["BlazeAway","NonDirectionalLaser+1"],"picked":"MagicAbsorber","floor":21.0},{"not_picked":["PulseMagic","LuminesStrike"],"picked":"AsteroidBelt","floor":23.0},{"not_picked":["DoubleSpark","StarlightTyphoon"],"picked":"WitchLeyline","floor":24.0},{"not_picked":["WitchLeyline","LuminesStrike"],"picked":"IllusionStar","floor":27.0},{"not_picked":["GalacticHalo","UltimateShortwave"],"picked":"PropBag+1","floor":29.0},{"not_picked":["DC+1","6A"],"picked":"Acceleration","floor":32.0},{"not_picked":["CollectingQuirk","SuperNova"],"picked":"UltimateShortwave","floor":35.0},{"not_picked":["UnstableBomb","6A+1"],"picked":"Acceleration+1","floor":37.0},{"not_picked":["Acceleration","NonDirectionalLaser"],"picked":"OpenUniverse","floor":38.0},{"not_picked":["LuminesStrike","Acceleration"],"picked":"ShootingEcho+1","floor":40.0},{"not_picked":["Acceleration+1","NonDirectionalLaser"],"picked":"GrandCross+1","floor":41.0},{"not_picked":["RefractionSpark","OpenUniverse","6A"],"picked":"SKIP","floor":43.0},{"not_picked":["NonDirectionalLaser","Occultation","MagicAbsorber"],"picked":"SKIP","floor":46.0},{"not_picked":["ShootingEcho+1","Robbery+1","SuperNova"],"picked":"SKIP","floor":47.0},{"not_picked":["NonDirectionalLaser+1","DarkMatter","Acceleration"],"picked":"SKIP","floor":49.0},{"not_picked":["LuminesStrike+1","6A"],"picked":"PropBag+1","floor":50.0},{"not_picked":[],"picked":"DeepEcoloBomb","floor":55.0},{"not_picked":[],"picked":"AlicesGift","floor":55.0},{"not_picked":[],"picked":"Acceleration","floor":55.0},{"not_picked":[],"picked":"WitchOfGreed","floor":55.0},{"not_picked":[],"picked":"PowerUp+1","floor":55.0},{"not_picked":["GasGiant+1","hubris:SpiceAddiction"],"picked":"SatelliteIllusion","floor":56}],"player_experience":325392,"relics_obtained":[{"floor":6.0,"key":"infinitespire:EmpoweringShard"},{"floor":8.0,"key":"Shuriken"},{"floor":9.0,"key":"infinitespire:Bottled Soul"},{"floor":26.0,"key":"Replay:Ringing Soul"},{"floor":27.0,"key":"hubris:Spice"},{"floor":27.0,"key":"hubris:SphereOfDissonance"},{"floor":29.0,"key":"Snack Pack"},{"floor":38.0,"key":"hubris:Spice"},{"floor":41.0,"key":"Strawberry"},{"floor":43.0,"key":"Blue Doll"},{"floor":55.0,"key":"hubris:Spice"},{"floor":56,"key":"Replay:Bandana"}],"event_choices":[{"damage_healed":0.0,"max_hp_gain":0.0,"max_hp_loss":0.0,"gold_gain":0.0,"event_name":"conspire:Investor","player_choice":"Invest 2","floor":2.0,"gold_loss":0.0,"damage_taken":0.0},{"damage_healed":0.0,"max_hp_gain":0.0,"max_hp_loss":0.0,"gold_gain":200.0,"event_name":"Wheel of Change","player_choice":"Gold","floor":19.0,"gold_loss":0.0,"damage_taken":0.0},{"damage_healed":0.0,"max_hp_gain":0.0,"max_hp_loss":0.0,"gold_gain":0.0,"cards_transformed":["Strike_MRS"],"event_name":"Transmorgrifier","player_choice":"Transformed","floor":22.0,"gold_loss":0.0,"damage_taken":0.0,"cards_obtained":["DeepEcoloBomb"]},{"damage_healed":0.0,"max_hp_gain":0.0,"max_hp_loss":0.0,"gold_gain":0.0,"event_name":"Colosseum","player_choice":"Fight","floor":27.0,"gold_loss":0.0,"damage_taken":0.0},{"damage_healed":0.0,"max_hp_gain":0.0,"max_hp_loss":0.0,"gold_gain":0.0,"event_name":"Colosseum","player_choice":"Fought Nobs","floor":27.0,"gold_loss":0.0,"damage_taken":0.0},{"damage_healed":0.0,"max_hp_gain":0.0,"max_hp_loss":0.0,"gold_gain":0.0,"event_name":"Ghosts","player_choice":"Ignored","floor":34.0,"gold_loss":0.0,"damage_taken":0.0},{"damage_healed":0.0,"max_hp_gain":0.0,"max_hp_loss":0.0,"gold_gain":0.0,"event_name":"MindBloom","player_choice":"Fight","floor":38.0,"gold_loss":0.0,"damage_taken":0.0},{"damage_healed":0.0,"max_hp_gain":0.0,"max_hp_loss":0.0,"gold_gain":275.0,"event_name":"Golden Shrine","player_choice":"Desecrate","floor":39.0,"gold_loss":0.0,"damage_taken":0.0,"cards_obtained":["Regret"]},{"damage_healed":0.0,"max_hp_gain":0.0,"max_hp_loss":0.0,"gold_gain":0.0,"cards_transformed":["Strike_MRS"],"event_name":"Transmorgrifier","player_choice":"Transformed","floor":44.0,"gold_loss":0.0,"damage_taken":0.0,"cards_obtained":["BigCrunch"]}],"is_beta":false,"boss_relics":[{"not_picked":["infinitespire:Cupcake","Runic Dome"],"picked":"SlaversCollar"},{"not_picked":["Velvet Choker","hubris:Spice"],"picked":"Fusion Hammer"}],"items_purged_floors":[0,55],"is_endless":false,"potions_floor_spawned":[1,5,6,13,23,24,29,32,40,41,43],"ascension_level":0}}