{"host":"m2106ztvmcgfoyc9","time":1610998296,"event":{"mods":["BaseMod","Minty Spire (QoL Compilation)","Relic Stats"],"gold_per_floor":[113,125,138,288,158,187,187,167,194,214,237,237,41,73,73,144,144,160,49,49,49,49,49,49,79,79,108,124,124,67,77,77,148,148,163,179,179,193,203,232,232,232,232],"floor_reached":42,"language":"ENG","playtime":1703,"items_purged":["Doubt","Strike_R"],"score":969,"play_id":"f4195b83-95a5-4c30-8762-c33d63742a4a","local_time":"20210118203136","is_ascension_mode":true,"campfire_choices":[{"data":"Bash","floor":7,"key":"SMITH"},{"data":"Spot Weakness","floor":12,"key":"SMITH"},{"data":"Shockwave","floor":15,"key":"SMITH"},{"data":"1","floor":23,"key":"LIFT"},{"data":"2","floor":29,"key":"LIFT"},{"data":"Armaments","floor":32,"key":"SMITH"},{"data":"3","floor":41,"key":"LIFT"}],"circlet_count":0,"master_deck":["AscendersBane","Defend_R","Defend_R","Defend_R","Defend_R","Bash+1","Dropkick","Shockwave+1","Spot Weakness+1","Clothesline","Dropkick","Power Through","Impervious","Battle Trance","Bite","Bite","Bite","Bite","Twin Strike","Armaments+1","Reaper","Dropkick+1","Burning Pact","Barricade"],"relics":["Coffee Dripper","PreservedInsect","Odd Mushroom","Girya","SacredBark","MutagenicStrength","Bag of Marbles","Kunai","StrikeDummy","Philosopher\u0027s Stone","Letter Opener"],"acts_visited":["Exordium","TheCity","TheBeyond"],"potions_floor_usage":[11,11,11,14,16,16,25,33,33,38,41],"damage_taken":[{"damage":3,"enemies":"2 Louse","floor":1,"turns":3},{"damage":7,"enemies":"Jaw Worm","floor":2,"turns":3},{"damage":0,"enemies":"Cultist","floor":3,"turns":3},{"damage":20,"enemies":"Lagavulin","floor":6,"turns":5},{"damage":8,"enemies":"3 Louse","floor":10,"turns":4},{"damage":22,"enemies":"The Mushroom Lair","floor":11,"turns":3},{"damage":3,"enemies":"Gremlin Nob","floor":14,"turns":3},{"damage":12,"enemies":"The Guardian","floor":16,"turns":10},{"damage":9,"enemies":"Chosen","floor":18,"turns":6},{"damage":1,"enemies":"Book of Stabbing","floor":25,"turns":3},{"damage":15,"enemies":"Slavers","floor":27,"turns":4},{"damage":6,"enemies":"Spheric Guardian","floor":28,"turns":4},{"damage":22,"enemies":"Shelled Parasite and Fungi","floor":31,"turns":5},{"damage":32,"enemies":"Automaton","floor":33,"turns":14},{"damage":16,"enemies":"3 Darklings","floor":35,"turns":7},{"damage":0,"enemies":"3 Shapes","floor":36,"turns":2},{"damage":0,"enemies":"Jaw Worm Horde","floor":38,"turns":3},{"damage":13,"enemies":"Sphere and 2 Shapes","floor":39,"turns":5},{"damage":50,"enemies":"Giant Head","floor":40,"turns":8},{"damage":42,"enemies":"Nemesis","floor":42,"turns":5}],"seed_played":"-832208458812621405","potions_obtained":[{"floor":1,"key":"LiquidMemories"},{"floor":2,"key":"Strength Potion"},{"floor":8,"key":"EntropicBrew"},{"floor":14,"key":"EssenceOfSteel"},{"floor":27,"key":"FearPotion"},{"floor":33,"key":"BlessingOfTheForge"},{"floor":38,"key":"BloodPotion"}],"is_trial":false,"path_per_floor":["M","M","M","?","$","E","R","?","T","M","?","R","$","E","R","B",null,"M","$","?","?","?","R","?","E","T","E","M","R","$","M","R","B",null,"M","M","?","M","M","E","R","E"],"character_chosen":"IRONCLAD","items_purchased":["Clothesline","Dropkick","Strength Potion","AttackPotion","Dexterity Potion","Dexterity Potion"],"campfire_rested":0,"item_purchase_floors":[5,13,13,19,19,30],"current_hp_per_floor":[65,58,58,58,58,38,38,38,38,30,23,23,23,20,20,8,58,49,49,49,49,49,49,43,48,48,41,49,49,49,35,35,46,51,49,52,52,52,45,8,28,0,0],"gold":232,"neow_bonus":"BOSS_RELIC","is_daily":false,"chose_seed":false,"campfire_upgraded":4,"win_rate":0.0,"timestamp":1610998296,"path_taken":["M","M","M","?","$","E","R","?","T","?","?","R","$","E","R","BOSS","M","$","?","?","?","R","?","E","T","E","?","R","$","M","R","BOSS","M","?","?","M","M","E","R","E"],"items_purchased_type":["Card","Card","Potion","Potion","Potion","Potion"],"build_version":"2020-12-22","purchased_purges":2,"victory":false,"max_hp_per_floor":[75,75,75,75,75,75,75,75,75,75,75,75,75,75,75,75,75,75,75,75,52,52,52,52,52,52,52,52,52,52,52,52,52,52,52,52,52,52,52,52,52,52,52],"relic_stats":{"counters":[20,100],"PreservedInsect":300,"Kunai":[27],"Letter Opener":[6],"obtain_stats":[{"Girya":14,"SacredBark":17,"MutagenicStrength":22,"Philosopher\u0027s Stone":34,"PreservedInsect":6,"Coffee Dripper":0,"Bag of Marbles":25,"Kunai":26,"Letter Opener":40,"Odd Mushroom":11,"StrikeDummy":27,"Burning Blood":0},{"Girya":7,"SacredBark":8,"MutagenicStrength":9,"Philosopher\u0027s Stone":14,"PreservedInsect":4,"Coffee Dripper":0,"Bag of Marbles":10,"Kunai":10,"Letter Opener":19,"Odd Mushroom":6,"StrikeDummy":11,"Burning Blood":0},{"Girya":24,"SacredBark":34,"MutagenicStrength":40,"Philosopher\u0027s Stone":70,"PreservedInsect":14,"Coffee Dripper":0,"Bag of Marbles":43,"Kunai":43,"Letter Opener":95,"Odd Mushroom":21,"StrikeDummy":47,"Burning Blood":0}]},"card_choices":[{"not_picked":["Seeing Red","Burning Pact"],"picked":"Dropkick","floor":1},{"not_picked":["Clash","Body Slam"],"picked":"Shockwave","floor":2},{"not_picked":["Rage","Rupture"],"picked":"Spot Weakness","floor":3},{"not_picked":["Blood for Blood","Heavy Blade","Seeing Red"],"picked":"SKIP","floor":6},{"not_picked":["Searing Blow","Clothesline","Pommel Strike"],"picked":"SKIP","floor":10},{"not_picked":["Pummel","Body Slam"],"picked":"Power Through","floor":14},{"not_picked":["Barricade","Brutality"],"picked":"Impervious","floor":16},{"not_picked":["Rage","Iron Wave","Evolve"],"picked":"SKIP","floor":18},{"not_picked":["Twin Strike","Warcry","Rage"],"picked":"SKIP","floor":25},{"not_picked":["Ghostly Armor","Pommel Strike"],"picked":"Twin Strike","floor":27},{"not_picked":["Clash+1","Sword Boomerang","Cleave"],"picked":"SKIP","floor":28},{"not_picked":["Anger","Rampage","Armaments"],"picked":"SKIP","floor":31},{"not_picked":["Anger","Rampage"],"picked":"Armaments","floor":31},{"not_picked":["Juggernaut","Offering"],"picked":"Reaper","floor":33},{"not_picked":["Warcry","Whirlwind"],"picked":"Dropkick+1","floor":35},{"not_picked":["Thunderclap","Searing Blow","Warcry"],"picked":"SKIP","floor":36},{"not_picked":["Twin Strike","Perfected Strike+1"],"picked":"Burning Pact","floor":38},{"not_picked":["Clash","Twin Strike"],"picked":"Barricade","floor":39},{"not_picked":["Wild Strike+1","Twin Strike","Clash"],"picked":"SKIP","floor":40}],"player_experience":979156,"relics_obtained":[{"floor":6,"key":"PreservedInsect"},{"floor":11,"key":"Odd Mushroom"},{"floor":14,"key":"Girya"},{"floor":25,"key":"Bag of Marbles"},{"floor":26,"key":"Kunai"},{"floor":27,"key":"StrikeDummy"},{"floor":40,"key":"Letter Opener"}],"event_choices":[{"damage_healed":0,"gold_gain":150,"player_choice":"AGREE","damage_taken":0,"max_hp_gain":0,"max_hp_loss":0,"event_name":"Liars Game","floor":4,"gold_loss":0,"cards_obtained":["Doubt"]},{"damage_healed":0,"gold_gain":0,"player_choice":"Bought 1 Potion","damage_taken":0,"max_hp_gain":0,"max_hp_loss":0,"event_name":"The Woman in Blue","floor":8,"gold_loss":0},{"damage_healed":0,"gold_gain":0,"player_choice":"Fought Mushrooms","damage_taken":0,"max_hp_gain":0,"max_hp_loss":0,"event_name":"Mushrooms","floor":11,"gold_loss":0},{"damage_healed":0,"gold_gain":0,"player_choice":"Read","damage_taken":0,"max_hp_gain":0,"max_hp_loss":0,"event_name":"The Library","floor":20,"gold_loss":0,"cards_obtained":["Battle Trance"]},{"damage_healed":0,"gold_gain":0,"player_choice":"Became a vampire","damage_taken":0,"max_hp_gain":0,"max_hp_loss":23,"event_name":"Vampires","floor":21,"gold_loss":0,"cards_obtained":["Bite","Bite","Bite","Bite","Bite"]},{"damage_healed":0,"gold_gain":0,"player_choice":"Inject Mutagens","damage_taken":0,"relics_obtained":["MutagenicStrength"],"max_hp_gain":0,"max_hp_loss":0,"event_name":"Drug Dealer","floor":22,"gold_loss":0},{"damage_healed":0,"gold_gain":0,"player_choice":"","damage_taken":6,"max_hp_gain":0,"max_hp_loss":0,"event_name":"Knowing Skull","floor":24,"potions_obtained":[],"gold_loss":0,"cards_obtained":[]},{"cards_removed":["Bite"],"damage_healed":5,"gold_gain":0,"player_choice":"Offered Special","damage_taken":0,"max_hp_gain":0,"max_hp_loss":0,"event_name":"Bonfire Elementals","floor":37,"gold_loss":0}],"is_beta":false,"boss_relics":[{"not_picked":["Tiny House","Busted Crown"],"picked":"SacredBark"},{"not_picked":["SlaversCollar","Runic Dome"],"picked":"Philosopher\u0027s Stone"}],"items_purged_floors":[5,13],"is_endless":false,"potions_floor_spawned":[1,2,6,14,27,33,38],"killed_by":"Nemesis","ascension_level":20}}