{"host":"640uue19m79c7wbt","time":1610997712,"event":{"mods":["BaseMod","Colored Map","Googly Eyes","Highlight Path","Minty Spire (QoL Compilation)","Quick Restart","StSLib"],"gold_per_floor":[117,134,134,134,26,26,46,46,46,74,93,108,119,133,133,206,256,268,302,302,321,336,11,11,340,340,340,354,279,279,279],"floor_reached":30,"language":"ENG","playtime":1258,"items_purged":["Strike_G","Strike_G"],"score":416,"play_id":"72813c01-fafd-4394-8a8e-ee3d3956ca93","local_time":"20210118142152","is_ascension_mode":true,"campfire_choices":[{"data":"Catalyst","floor":6.0,"key":"SMITH"},{"data":"Tactician","floor":8.0,"key":"SMITH"},{"floor":15.0,"key":"REST"},{"floor":24.0,"key":"REST"}],"circlet_count":0,"master_deck":["AscendersBane","Defend_G","Defend_G","Defend_G","Defend_G","Defend_G","Survivor","Neutralize","Prepared","A Thousand Cuts","Discovery","Catalyst+1","Bouncing Flask","Tactician+1","Leg Sweep","Footwork","Poisoned Stab","PiercingWail+1","Night Terror","PiercingWail","Tools of the Trade","Blade Dance","Crippling Poison+1","Calculated Gamble","Noxious Fumes","Skewer","Poisoned Stab"],"relics":["Ring of the Snake","NeowsBlessing","Bottled Lightning","Paper Crane","Tiny House","Red Mask","TwistedFunnel","Old Coin","Letter Opener"],"acts_visited":["Exordium","TheCity"],"potions_floor_usage":[],"damage_taken":[{"damage":0.0,"enemies":"Jaw Worm","floor":1.0,"turns":1.0},{"damage":0.0,"enemies":"Small Slimes","floor":2.0,"turns":1.0},{"damage":0.0,"enemies":"Cultist","floor":7.0,"turns":1.0},{"damage":12.0,"enemies":"Lagavulin","floor":10.0,"turns":4.0},{"damage":14.0,"enemies":"Gremlin Gang","floor":11.0,"turns":5.0},{"damage":0.0,"enemies":"Exordium Thugs","floor":12.0,"turns":5.0},{"damage":6.0,"enemies":"Looter","floor":13.0,"turns":2.0},{"damage":5.0,"enemies":"Lots of Slimes","floor":14.0,"turns":5.0},{"damage":6.0,"enemies":"Slime Boss","floor":16.0,"turns":10.0},{"damage":0.0,"enemies":"Shell Parasite","floor":18.0,"turns":3.0},{"damage":33.0,"enemies":"Masked Bandits","floor":19.0,"turns":6.0},{"damage":0.0,"enemies":"Spheric Guardian","floor":21.0,"turns":4.0},{"damage":12.0,"enemies":"Snake Plant","floor":22.0,"turns":4.0},{"damage":13,"enemies":"Book of Stabbing","floor":25,"turns":4},{"damage":19,"enemies":"Colosseum Slavers","floor":27,"turns":4},{"damage":0,"enemies":"3 Cultists","floor":28,"turns":4}],"seed_played":"1006562417128911800","potions_obtained":[{"floor":10.0,"key":"BlessingOfTheForge"},{"floor":11.0,"key":"Dexterity Potion"},{"floor":12.0,"key":"EssenceOfSteel"},{"floor":14.0,"key":"Poison Potion"},{"floor":16.0,"key":"FearPotion"},{"floor":17.0,"key":"Energy Potion"},{"floor":18.0,"key":"Poison Potion"},{"floor":28,"key":"EssenceOfSteel"}],"is_trial":false,"path_per_floor":["M","M","?","?","$","R","M","R","T","E","M","M","M","M","R","B",null,"M","?","?","M","M","$","R","E","T","?","M","?","?"],"character_chosen":"THE_SILENT","items_purchased":["Bouncing Flask","TwistedFunnel","Noxious Fumes"],"campfire_rested":2,"item_purchase_floors":[5,23,23],"current_hp_per_floor":[63,63,56,56,56,56,56,56,56,44,30,30,24,19,40,34,66,66,33,33,33,21,21,43,30,30,11,11,11,0,0],"gold":279,"neow_bonus":"THREE_ENEMY_KILL","is_daily":false,"chose_seed":false,"campfire_upgraded":2,"win_rate":0.0,"timestamp":1610997712,"path_taken":["M","M","?","?","$","R","M","R","T","E","M","M","?","?","R","BOSS","M","?","?","M","?","$","R","E","T","?","M","?","?"],"items_purchased_type":["Card","Relic","Card"],"build_version":"2020-12-22","purchased_purges":2,"victory":false,"max_hp_per_floor":[70,70,70,70,70,70,70,70,70,70,70,70,70,70,70,70,75,75,75,75,75,75,75,75,75,75,75,75,75,75,75],"card_choices":[{"not_picked":["Flying Knee","Slice"],"picked":"Prepared","floor":1.0},{"not_picked":["Poisoned Stab","Outmaneuver"],"picked":"A Thousand Cuts","floor":2.0},{"not_picked":["Concentrate","Skewer"],"picked":"Tactician","floor":7.0},{"not_picked":["Sucker Punch","Deflect"],"picked":"Leg Sweep","floor":10.0},{"not_picked":["Dodge and Roll","Flying Knee"],"picked":"Footwork","floor":11.0},{"not_picked":["Dodge and Roll","PiercingWail"],"picked":"Poisoned Stab","floor":12.0},{"not_picked":["Deadly Poison","Prepared"],"picked":"PiercingWail","floor":13.0},{"not_picked":["Flechettes","Terror","Slice"],"picked":"SKIP","floor":14.0},{"not_picked":["Wraith Form v2","After Image"],"picked":"Night Terror","floor":16.0},{"not_picked":["Deflect","Outmaneuver"],"picked":"PiercingWail","floor":17.0},{"not_picked":["Underhanded Strike","Bane"],"picked":"Tools of the Trade","floor":18.0},{"not_picked":["Skewer+1","Choke"],"picked":"Blade Dance","floor":19.0},{"not_picked":["Leg Sweep","PiercingWail"],"picked":"Crippling Poison+1","floor":21.0},{"not_picked":["Bane","Cloak And Dagger"],"picked":"Calculated Gamble","floor":22.0},{"not_picked":["Infinite Blades","Choke"],"picked":"Skewer","floor":25},{"not_picked":["Terror","Finisher"],"picked":"Poisoned Stab","floor":28}],"player_experience":605504,"relics_obtained":[{"floor":9.0,"key":"Bottled Lightning"},{"floor":10.0,"key":"Paper Crane"},{"floor":19.0,"key":"Red Mask"},{"floor":25,"key":"Old Coin"},{"floor":26,"key":"Letter Opener"}],"event_choices":[{"cards_removed":["Strike_G"],"damage_healed":0.0,"max_hp_gain":0.0,"max_hp_loss":0.0,"gold_gain":0.0,"event_name":"Golden Wing","player_choice":"Card Removal","floor":3.0,"gold_loss":0.0,"damage_taken":7.0},{"damage_healed":0.0,"max_hp_gain":0.0,"max_hp_loss":0.0,"gold_gain":0.0,"event_name":"Match and Keep!","player_choice":"2 cards matched","floor":4.0,"gold_loss":0.0,"damage_taken":0.0,"cards_obtained":["Discovery","Catalyst"]},{"damage_healed":0.0,"max_hp_gain":0.0,"max_hp_loss":0.0,"gold_gain":0.0,"event_name":"Masked Bandits","player_choice":"Fought Bandits","floor":19.0,"gold_loss":0.0,"damage_taken":0.0},{"cards_removed":["Strike_G"],"damage_healed":0.0,"max_hp_gain":0.0,"max_hp_loss":0.0,"gold_gain":0.0,"event_name":"Purifier","player_choice":"Purged","floor":20.0,"gold_loss":0.0,"damage_taken":0.0},{"damage_healed":0,"gold_gain":0,"player_choice":"Fight","damage_taken":0,"max_hp_gain":0,"max_hp_loss":0,"event_name":"Colosseum","floor":27,"gold_loss":0},{"damage_healed":0,"gold_gain":0,"player_choice":"Fled From Nobs","damage_taken":0,"max_hp_gain":0,"max_hp_loss":0,"event_name":"Colosseum","floor":27,"gold_loss":0},{"cards_removed":["Strike_G"],"damage_healed":0,"gold_gain":0,"player_choice":"Gave Gold","damage_taken":0,"max_hp_gain":0,"max_hp_loss":0,"event_name":"Beggar","floor":29,"gold_loss":75}],"is_beta":false,"boss_relics":[{"not_picked":["Fusion Hammer","Sozu"],"picked":"Tiny House"}],"items_purged_floors":[5,23],"is_endless":false,"potions_floor_spawned":[10,11,12,14,16,18,28],"ascension_level":13}}