{"host":"fem9mtxpack7r1py","time":1610938748,"event":{"mods":["BaseMod","Colored Map","Hermit","Marisa????????","Minty Spire (QoL Compilation)","Relic Stats","StSLib","The Cursed","The Disciple","The Servant 0.9.4"],"gold_per_floor":[113,130,144,144,18,51,51,71,98,98,98,98,48,65,65,65,65],"floor_reached":16,"language":"ENG","playtime":1381,"items_purged":["hermit:Strike_Hermit"],"score":100,"play_id":"45ee6b16-53e8-4086-9596-ca81d678d205","local_time":"20210117215908","is_ascension_mode":false,"campfire_choices":[{"data":"hermit:Quickdraw","floor":7,"key":"SMITH"},{"data":"hermit:ShadowCloak","floor":12,"key":"SMITH"},{"data":"hermit:WideOpen","floor":15,"key":"SMITH"}],"circlet_count":0,"master_deck":["hermit:Strike_Hermit","hermit:Strike_Hermit","hermit:Defend_Hermit","hermit:Defend_Hermit","hermit:Defend_Hermit","hermit:Snapshot","hermit:Covet+1","Finesse","hermit:ShadowCloak+1","hermit:SprayPray","hermit:Quickdraw+1","hermit:Gestalt+1","hermit:WideOpen+1"],"relics":["hermit:Momento","Pen Nib","Regal Pillow"],"acts_visited":["Exordium"],"potions_floor_usage":[6],"damage_taken":[{"damage":0,"enemies":"2 Louse","floor":1,"turns":3},{"damage":1,"enemies":"Jaw Worm","floor":2,"turns":4},{"damage":4,"enemies":"Cultist","floor":3,"turns":3},{"damage":19,"enemies":"Lagavulin","floor":6,"turns":6},{"damage":10,"enemies":"Exordium Wildlife","floor":8,"turns":7},{"damage":0,"enemies":"3 Louse","floor":14,"turns":2},{"damage":5,"enemies":"Hexaghost","floor":16,"turns":7}],"seed_played":"412552869429303332","potions_obtained":[{"floor":3,"key":"FearPotion"},{"floor":8,"key":"CultistPotion"},{"floor":14,"key":"SneckoOil"}],"is_trial":false,"path_per_floor":["M","M","M","?","$","E","R","M","T","?","?","R","?","M","R","B"],"character_chosen":"HERMIT","items_purchased":["hermit:Quickdraw"],"campfire_rested":0,"item_purchase_floors":[5],"current_hp_per_floor":[75,74,70,70,70,51,51,41,41,46,30,30,30,30,30,25,25],"gold":65,"neow_bonus":"RANDOM_COLORLESS","is_daily":false,"chose_seed":false,"campfire_upgraded":3,"win_rate":0.0,"timestamp":1610938748,"path_taken":["M","M","M","?","$","E","R","M","T","?","?","R","?","M","R","BOSS"],"items_purchased_type":["Card"],"build_version":"2020-12-22","purchased_purges":1,"victory":false,"max_hp_per_floor":[75,75,75,75,75,75,75,75,75,80,80,80,80,80,80,80,80],"relic_stats":{"Regal Pillow":0,"counters":[7,32],"Pen Nib":[2],"obtain_stats":[{"Regal Pillow":9,"Pen Nib":6,"hermit:Momento":0},{"Regal Pillow":5,"Pen Nib":4,"hermit:Momento":0},{"Regal Pillow":23,"Pen Nib":16,"hermit:Momento":0}]},"card_choices":[{"not_picked":["Dark Shackles","Purity"],"picked":"Finesse","floor":0},{"not_picked":["hermit:TakeCover","hermit:GoldenBullet","hermit:CalledShot"],"picked":"SKIP","floor":1},{"not_picked":["hermit:Quickdraw","hermit:Vantage"],"picked":"hermit:ShadowCloak","floor":2},{"not_picked":["hermit:Ricochet","hermit:Virtue","hermit:HoleUp"],"picked":"SKIP","floor":3},{"not_picked":["hermit:CalledShot","hermit:Dive"],"picked":"hermit:Gestalt","floor":6},{"not_picked":["hermit:HoleUp","hermit:LuckOfTheDraw","hermit:Misfire"],"picked":"SKIP","floor":8},{"not_picked":["hermit:BodyArmor","hermit:Glare"],"picked":"hermit:WideOpen","floor":14}],"player_experience":874414,"relics_obtained":[{"floor":6,"key":"Pen Nib"},{"floor":9,"key":"Regal Pillow"}],"event_choices":[{"damage_healed":0,"gold_gain":0,"cards_transformed":["hermit:Strike_Hermit"],"player_choice":"Change","damage_taken":0,"max_hp_gain":0,"max_hp_loss":0,"event_name":"Living Wall","floor":4,"gold_loss":0,"cards_obtained":["hermit:SprayPray"]},{"damage_healed":0,"gold_gain":0,"player_choice":"Donut","damage_taken":0,"max_hp_gain":5,"max_hp_loss":0,"event_name":"Big Fish","floor":10,"gold_loss":0},{"damage_healed":0,"gold_gain":0,"player_choice":"Entered Light","damage_taken":16,"max_hp_gain":0,"max_hp_loss":0,"event_name":"Shining Light","floor":11,"gold_loss":0,"cards_upgraded":["hermit:Covet","hermit:Gestalt"]},{"cards_removed":["hermit:Defend_Hermit"],"damage_healed":0,"gold_gain":0,"player_choice":"Card Removal","damage_taken":0,"max_hp_gain":0,"max_hp_loss":0,"event_name":"The Cleric","floor":13,"gold_loss":50}],"is_beta":false,"boss_relics":[],"items_purged_floors":[5],"is_endless":false,"potions_floor_spawned":[3,8,14],"killed_by":"Hexaghost","ascension_level":0}}