{"host":"bq4pt811tk9yrmjl","time":1610994604,"event":{"mods":["AchievementEnabler","BaseMod","Colored Map","Colored Powertips","Defuse TimeMaze Blight","Hermit","Minty Spire (QoL Compilation)","StSLib","SuperFastMode"],"gold_per_floor":[112,132,132,132,157,157,191,6,87,113,113,125,135,149,149,249,249,249,249,259,259,111,146,146,159,182,182,39,39,39,49,49,149,149,159,3,3,3,18,18,35,363,363,374,394,422,422,438,438,438,438,438,147,178,178,178],"floor_reached":55,"language":"ENG","playtime":1323,"items_purged":[],"score":843,"play_id":"41709f9b-e447-4101-bd81-61b87813f13f","local_time":"20210118163004","is_ascension_mode":true,"campfire_choices":[{"floor":6.0,"key":"RECALL"},{"data":"Apotheosis","floor":15.0,"key":"SMITH"},{"floor":24.0,"key":"REST"},{"data":"1","floor":27.0,"key":"LIFT"},{"data":"2","floor":30.0,"key":"LIFT"},{"floor":32.0,"key":"REST"},{"data":"3","floor":40.0,"key":"LIFT"},{"floor":49.0,"key":"REST"},{"data":"hermit:Brawl","floor":52.0,"key":"SMITH"}],"circlet_count":0,"master_deck":["hermit:Strike_Hermit+1","hermit:Strike_Hermit+1","hermit:Strike_Hermit+1","hermit:Strike_Hermit+1","hermit:Defend_Hermit+1","hermit:Defend_Hermit+1","hermit:Defend_Hermit+1","hermit:Defend_Hermit+1","hermit:Snapshot","hermit:Covet","Apotheosis+1","CurseOfTheBell","hermit:Brawl+1","hermit:Maintenance","hermit:Maintenance","hermit:Coalescence+1","hermit:FlashPowder+1","hermit:Vantage+1","hermit:FlashPowder+1","hermit:GhostlyPresence+1"],"relics":["hermit:Momento","NeowsBlessing","Ancient Tea Set","Girya","Pear","hermit:RyeStalk","HornCleat","Calling Bell","Anchor","White Beast Statue","Lizard Tail","Orichalcum","Bottled Lightning","Bag of Marbles","PreservedInsect","Sozu","Vajra","Old Coin","Bronze Scales","Ornamental Fan","ClockworkSouvenir","Bag of Preparation","Boot"],"acts_visited":["Exordium","TheCity","TheBeyond","TheEnding"],"potions_floor_usage":[55],"damage_taken":[{"damage":0.0,"enemies":"Jaw Worm","floor":1.0,"turns":1.0},{"damage":0.0,"enemies":"Small Slimes","floor":2.0,"turns":2.0},{"damage":0.0,"enemies":"Gremlin Nob","floor":7.0,"turns":1.0},{"damage":12.0,"enemies":"Lagavulin","floor":10.0,"turns":6.0},{"damage":0.0,"enemies":"2 Louse","floor":12.0,"turns":4.0},{"damage":2.0,"enemies":"Looter","floor":13.0,"turns":4.0},{"damage":2.0,"enemies":"3 Louse","floor":14.0,"turns":4.0},{"damage":54.0,"enemies":"Slime Boss","floor":16.0,"turns":15.0},{"damage":0.0,"enemies":"Spheric Guardian","floor":18.0,"turns":3.0},{"damage":38.0,"enemies":"3 Byrds","floor":20.0,"turns":8.0},{"damage":33.0,"enemies":"Slavers","floor":23.0,"turns":7.0},{"damage":0.0,"enemies":"Centurion and Healer","floor":25.0,"turns":5.0},{"damage":0.0,"enemies":"Snecko","floor":31.0,"turns":4.0},{"damage":35.0,"enemies":"Collector","floor":33.0,"turns":18.0},{"damage":0.0,"enemies":"3 Shapes","floor":35.0,"turns":6.0},{"damage":25.0,"enemies":"Orb Walker","floor":39.0,"turns":5.0},{"damage":0.0,"enemies":"Spire Growth","floor":41.0,"turns":5.0},{"damage":32.0,"enemies":"Giant Head","floor":42.0,"turns":9.0},{"damage":12.0,"enemies":"3 Darklings","floor":44.0,"turns":6.0},{"damage":4.0,"enemies":"Jaw Worm Horde","floor":45.0,"turns":5.0},{"damage":0.0,"enemies":"Nemesis","floor":46.0,"turns":5.0},{"damage":0.0,"enemies":"Transient","floor":48.0,"turns":5.0},{"damage":11.0,"enemies":"Awakened One","floor":50.0,"turns":17.0},{"damage":32.0,"enemies":"Shield and Spear","floor":54.0,"turns":9.0},{"damage":123,"enemies":"The Heart","floor":55,"turns":8}],"seed_played":"8948205890584307382","potions_obtained":[{"floor":2.0,"key":"AttackPotion"},{"floor":10.0,"key":"DistilledChaos"},{"floor":13.0,"key":"BlessingOfTheForge"},{"floor":14.0,"key":"SmokeBomb"},{"floor":16.0,"key":"ColorlessPotion"},{"floor":20.0,"key":"hermit:Tonic"},{"floor":23.0,"key":"Regen Potion"},{"floor":25.0,"key":"Fruit Juice"},{"floor":31.0,"key":"DuplicationPotion"},{"floor":33.0,"key":"CultistPotion"}],"is_trial":false,"path_per_floor":["M","M","?","?","T","R","E","$","T","E","?","M","M","M","R","B",null,"M","?","M","?","$","E","R","M","T","R","$","?","R","M","R","B",null,"M","$","?","?","M","R","M","E","T","M","M","E","?","M","R","B",null,"R","$","E","B"],"character_chosen":"HERMIT","items_purchased":["Apotheosis","Orichalcum","PreservedInsect","Vajra","ClockworkSouvenir","Bag of Preparation"],"campfire_rested":3,"item_purchase_floors":[8,22,28,36,53,53],"current_hp_per_floor":[75,75,72,72,72,72,72,72,82,70,70,70,68,66,66,12,85,85,85,47,47,47,14,39,56,56,56,56,56,56,56,83,48,90,90,90,90,90,65,65,65,33,33,21,17,17,17,17,44,33,90,90,90,58,0,0],"gold":178,"neow_bonus":"THREE_ENEMY_KILL","is_daily":false,"chose_seed":false,"campfire_upgraded":2,"win_rate":0.0,"timestamp":1610994604,"path_taken":["M","M","?","?","?","R","E","$","T","E","?","M","M","M","R","BOSS","M","?","M","?","$","E","R","M","T","R","$","?","R","M","R","BOSS","M","$","?","?","?","R","?","E","T","?","M","E","?","?","R","BOSS","R","$","E","BOSS"],"items_purchased_type":["Card","Relic","Relic","Relic","Relic","Relic"],"build_version":"2020-12-22","purchased_purges":0,"victory":false,"max_hp_per_floor":[75,75,75,75,75,75,75,75,85,85,85,85,85,85,85,85,85,85,85,85,85,85,85,85,90,90,90,90,90,90,90,90,90,90,90,90,90,90,90,90,90,90,90,90,90,90,90,90,90,90,90,90,90,90,90,90],"card_choices":[{"not_picked":["hermit:TrackingShot","hermit:Enervate","hermit:Snipe"],"picked":"SKIP","floor":1.0},{"not_picked":["hermit:Vantage","hermit:Misfire","hermit:Feint"],"picked":"SKIP","floor":2.0},{"not_picked":["hermit:FinalCanter","hermit:Manifest","hermit:Malice"],"picked":"SKIP","floor":7.0},{"not_picked":["hermit:LuckOfTheDraw","hermit:BlackWind","hermit:Ricochet"],"picked":"SKIP","floor":10.0},{"not_picked":["hermit:Coalescence","hermit:PistolWhip","hermit:Showdown"],"picked":"SKIP","floor":12.0},{"not_picked":["hermit:Misfire","hermit:BodyArmor","hermit:Midnight"],"picked":"SKIP","floor":13.0},{"not_picked":["hermit:Scavenge","hermit:Showdown","hermit:TrackingShot"],"picked":"SKIP","floor":14.0},{"not_picked":["hermit:LowProfile+1","hermit:PistolWhip"],"picked":"hermit:Brawl","floor":20.0},{"not_picked":["hermit:ItchyTrigger+1","hermit:LuckOfTheDraw+1"],"picked":"hermit:Maintenance","floor":23.0},{"not_picked":["hermit:TrackingShot+1","hermit:Desperado"],"picked":"hermit:Maintenance","floor":25.0},{"not_picked":["hermit:ShadowCloak","hermit:SprayPray","hermit:Dissolve"],"picked":"SKIP","floor":31.0},{"not_picked":["hermit:Dive","hermit:ItchyTrigger+1"],"picked":"hermit:Scavenge+1","floor":35.0},{"not_picked":["hermit:FlashPowder","hermit:Manifest"],"picked":"hermit:Coalescence+1","floor":39.0},{"not_picked":["hermit:GoldenBullet","hermit:ItchyTrigger+1","hermit:Enervate+1"],"picked":"SKIP","floor":41.0},{"not_picked":["hermit:LoneWolf","hermit:GhostlyPresence"],"picked":"hermit:FlashPowder+1","floor":42.0},{"not_picked":["hermit:Feint","hermit:Roulette"],"picked":"hermit:Vantage+1","floor":44.0},{"not_picked":["hermit:Snipe+1","hermit:BodyArmor+1"],"picked":"hermit:FlashPowder+1","floor":45.0},{"not_picked":["hermit:Manifest+1","hermit:ItchyTrigger+1","hermit:Gambit"],"picked":"SKIP","floor":46.0},{"not_picked":["hermit:BodyArmor+1","hermit:TrackingShot+1","hermit:Desperado"],"picked":"SKIP","floor":48.0},{"not_picked":["hermit:Coalescence+1","hermit:Brawl"],"picked":"hermit:GhostlyPresence+1","floor":54.0}],"player_experience":183761,"relics_obtained":[{"floor":7.0,"key":"Girya"},{"floor":9.0,"key":"Pear"},{"floor":10.0,"key":"hermit:RyeStalk"},{"floor":17.0,"key":"Anchor"},{"floor":17.0,"key":"White Beast Statue"},{"floor":17.0,"key":"Lizard Tail"},{"floor":23.0,"key":"Bottled Lightning"},{"floor":26.0,"key":"Bag of Marbles"},{"floor":42.0,"key":"Old Coin"},{"floor":43.0,"key":"Bronze Scales"},{"floor":46.0,"key":"Ornamental Fan"},{"floor":54.0,"key":"Boot"}],"event_choices":[{"damage_healed":0.0,"max_hp_gain":0.0,"max_hp_loss":0.0,"gold_gain":0.0,"event_name":"Scrap Ooze","player_choice":"Success","floor":3.0,"gold_loss":0.0,"damage_taken":3.0,"relics_obtained":["Ancient Tea Set"]},{"damage_healed":0.0,"max_hp_gain":0.0,"max_hp_loss":0.0,"gold_gain":0.0,"event_name":"The Cleric","player_choice":"Leave","floor":4.0,"gold_loss":0.0,"damage_taken":0.0},{"damage_healed":0.0,"max_hp_gain":0.0,"max_hp_loss":0.0,"gold_gain":0.0,"event_name":"Big Fish","player_choice":"Box","floor":11.0,"gold_loss":0.0,"damage_taken":0.0,"relics_obtained":["HornCleat"],"cards_obtained":["Regret"]},{"damage_healed":0.0,"max_hp_gain":0.0,"max_hp_loss":0.0,"gold_gain":0.0,"event_name":"Back to Basics","player_choice":"Simplicity","floor":19.0,"gold_loss":0.0,"damage_taken":0.0,"cards_upgraded":["hermit:Strike_Hermit","hermit:Strike_Hermit","hermit:Strike_Hermit","hermit:Strike_Hermit","hermit:Defend_Hermit","hermit:Defend_Hermit","hermit:Defend_Hermit","hermit:Defend_Hermit"]},{"damage_healed":0.0,"max_hp_gain":0.0,"max_hp_loss":0.0,"gold_gain":0.0,"event_name":"Cursed Tome","player_choice":"Ignored","floor":21.0,"gold_loss":0.0,"damage_taken":0.0},{"damage_healed":0.0,"max_hp_gain":0.0,"max_hp_loss":0.0,"gold_gain":0.0,"event_name":"N\u0027loth","player_choice":"Ignored","floor":29.0,"gold_loss":0.0,"damage_taken":0.0},{"cards_removed":["hermit:Scavenge"],"damage_healed":0.0,"max_hp_gain":0.0,"max_hp_loss":0.0,"gold_gain":0.0,"event_name":"Falling","player_choice":"Removed Skill","floor":37.0,"gold_loss":0.0,"damage_taken":0.0},{"cards_removed":["Regret"],"damage_healed":0.0,"max_hp_gain":0.0,"max_hp_loss":0.0,"gold_gain":0.0,"event_name":"Fountain of Cleansing","player_choice":"Removed Curses","floor":38.0,"gold_loss":0.0,"damage_taken":0.0},{"damage_healed":0.0,"max_hp_gain":0.0,"max_hp_loss":0.0,"gold_gain":0.0,"event_name":"SecretPortal","player_choice":"Ignored","floor":47.0,"gold_loss":0.0,"damage_taken":0.0}],"is_beta":false,"boss_relics":[{"not_picked":["Snecko Eye","Empty Cage"],"picked":"Calling Bell"},{"not_picked":["Velvet Choker","Black Star"],"picked":"Sozu"}],"items_purged_floors":[],"is_endless":false,"potions_floor_spawned":[2,10,13,14,16,18,20,23,25,31,33,35,39,41,42,44,45,46,48,54],"killed_by":"The Heart","ascension_level":1}}