{"host":"qze10v60nfvfsee6","time":1610999607,"event":{"mods":["Act Like it!","Ascension Reborn","BaseMod","Colored Powertips","Minty Spire (QoL Compilation)","Shop Mod","StSLib","The Administrix"],"gold_per_floor":[115,139,151,168,180,180,222,222,222,235,275,292,292,28,28,147,147,170,199,199,221,253,287,299,333,333,333,29,29,46,66,66,187,187,209,209,209,229,243,274,306,320,334,386,730,744,119,135,135,135,135,135,9,49,49],"floor_reached":56,"language":"ZHS","playtime":5474,"items_purged":["Regret","Regret"],"score":450,"play_id":"b76d1d41-c350-4955-b1f4-696332ec09fd","local_time":"20210119035327","is_ascension_mode":true,"campfire_choices":[{"floor":6,"key":"RECALL"},{"data":"AdministrixMod:TenDesires","floor":8,"key":"SMITH"},{"data":"AdministrixMod:LightOfYourLife","floor":15,"key":"SMITH"},{"data":"AdministrixMod:ArmillarySphere","floor":32,"key":"SMITH"},{"data":"AdministrixMod:Transition","floor":42,"key":"SMITH"},{"data":"AdministrixMod:HiddenPower","floor":49,"key":"SMITH"},{"floor":52,"key":"REST"}],"circlet_count":0,"master_deck":["AdministrixMod:Strike_Administrix+1","AdministrixMod:Strike_Administrix+1","AdministrixMod:Strike_Administrix+1","AdministrixMod:Strike_Administrix+1","AdministrixMod:RedCloak+1","AdministrixMod:Defend_Administrix+1","AdministrixMod:Defend_Administrix+1","AdministrixMod:Defend_Administrix+1","AdministrixMod:Defend_Administrix+1","AdministrixMod:BlueCloak+1","AdministrixMod:Transition+1","AdministrixMod:TrickOfTheLight+1","AdministrixMod:Metempsychosis+1","AdministrixMod:NoblePath+1","AdministrixMod:LightOfYourLife+1","AdministrixMod:TenDesires+1","AdministrixMod:LightOfYourLife+1","AdministrixMod:NewbornDivinity+1","AdministrixMod:TrickOfTheLight+1","AdministrixMod:HiddenPower+1","AdministrixMod:BloodBargain+1","AdministrixMod:HiddenPower+1","AdministrixMod:StarSwordSoul+1","AdministrixMod:ArmillarySphere+1","AdministrixMod:Convergence+1","AdministrixMod:QuietConspiracy+1","AdministrixMod:ArmillarySphere+1","AdministrixMod:FeastOfDew+1","AdministrixMod:HarmonicReverence+1","AdministrixMod:HarmonicReverence+1","Dramatic Entrance+1","AdministrixMod:LightOfYourLife+1","AdministrixMod:SyncreticSurge+1","AdministrixMod:HaveItAll+1","AdministrixMod:CenturiesAscent+1","Madness+1","Madness+1","AdministrixMod:JustRewards+1","AdministrixMod:Overdrive+1","AdministrixMod:RebukeDesires+1","AdministrixMod:SealAway+1","AdministrixMod:Overdrive+1","Finesse+1","Mind Blast+1","Secret Technique+1","AdministrixMod:Transcension+1","AdministrixMod:SipOfSparks+1","AdministrixMod:CastOffRegrets+1","Discovery+1","AdministrixMod:RebukeDesires+1","AdministrixMod:CosmosControl+1","AdministrixMod:Wuji+1","AdministrixMod:CenturiesAscent+1","AdministrixMod:BegetEternity+1"],"relics":["AdministrixMod:ConductorRitualBaton","AdministrixMod:AbandonedRose","Gremlin Horn","AdministrixMod:GoldenChickadee","MerchantsRug","Frozen Egg 2","Black Star","Mummified Hand","Incense Burner","Molten Egg 2","InkBottle","Nilry\u0027s Codex","Toxic Egg 2","TheAbacus","Ornamental Fan","Lizard Tail","Runic Pyramid","CaptainsWheel","Pantograph","Kunai","White Beast Statue","Sundial","HandDrill","Gambling Chip","Centennial Puzzle","Boot","Mercury Hourglass","Thread and Needle","Oddly Smooth Stone"],"acts_visited":["Exordium","TheCity","TheBeyond","TheEnding"],"potions_floor_usage":[7,7,10,11,11,21,23,23,24,25,25,25,25,25,30,31,33,33,33,33,33,48,55],"damage_taken":[{"damage":0,"enemies":"Jaw Worm","floor":1,"turns":2},{"damage":0,"enemies":"Cultist","floor":2,"turns":2},{"damage":0,"enemies":"Small Slimes","floor":3,"turns":2},{"damage":0,"enemies":"Blue Slaver","floor":4,"turns":2},{"damage":1,"enemies":"Gremlin Gang","floor":5,"turns":3},{"damage":0,"enemies":"Lagavulin","floor":7,"turns":3},{"damage":5,"enemies":"3 Louse","floor":10,"turns":2},{"damage":0,"enemies":"3 Sentries","floor":11,"turns":4},{"damage":0,"enemies":"2 Fungi Beasts","floor":12,"turns":2},{"damage":12,"enemies":"Hexaghost","floor":16,"turns":8},{"damage":0,"enemies":"Spheric Guardian","floor":18,"turns":4},{"damage":0,"enemies":"2 Thieves","floor":19,"turns":3},{"damage":6,"enemies":"Centurion and Healer","floor":21,"turns":4},{"damage":4,"enemies":"Book of Stabbing","floor":23,"turns":5},{"damage":9,"enemies":"Snecko","floor":24,"turns":3},{"damage":4,"enemies":"Slavers","floor":25,"turns":3},{"damage":4,"enemies":"Cultist and Chosen","floor":30,"turns":4},{"damage":0,"enemies":"Centurion and Healer","floor":31,"turns":3},{"damage":0,"enemies":"Champ","floor":33,"turns":12},{"damage":6,"enemies":"Orb Walker","floor":35,"turns":3},{"damage":0,"enemies":"3 Darklings","floor":38,"turns":3},{"damage":0,"enemies":"Maw","floor":39,"turns":5},{"damage":0,"enemies":"Giant Head","floor":40,"turns":3},{"damage":0,"enemies":"Spire Growth","floor":41,"turns":3},{"damage":0,"enemies":"Reptomancer","floor":44,"turns":2},{"damage":0,"enemies":"Transient","floor":48,"turns":5},{"damage":10,"enemies":"Time Eater","floor":50,"turns":6},{"damage":17,"enemies":"Shield and Spear","floor":54,"turns":7},{"damage":6,"enemies":"The Heart","floor":55,"turns":5}],"seed_played":"-8620980522799165751","potions_obtained":[{"floor":1,"key":"AttackPotion"},{"floor":2,"key":"LiquidMemories"},{"floor":3,"key":"FairyPotion"},{"floor":4,"key":"Weak Potion"},{"floor":7,"key":"Dexterity Potion"},{"floor":7,"key":"PowerPotion"},{"floor":10,"key":"Ancient Potion"},{"floor":11,"key":"FearPotion"},{"floor":12,"key":"SkillPotion"},{"floor":16,"key":"AttackPotion"},{"floor":18,"key":"CultistPotion"},{"floor":18,"key":"Weak Potion"},{"floor":19,"key":"EssenceOfSteel"},{"floor":21,"key":"DuplicationPotion"},{"floor":23,"key":"EntropicBrew"},{"floor":23,"key":"Strength Potion"},{"floor":24,"key":"FearPotion"},{"floor":25,"key":"GamblersBrew"},{"floor":30,"key":"FearPotion"},{"floor":30,"key":"SteroidPotion"},{"floor":31,"key":"LiquidMemories"},{"floor":31,"key":"FearPotion"},{"floor":33,"key":"Fire Potion"},{"floor":33,"key":"SkillPotion"},{"floor":35,"key":"PowerPotion"},{"floor":35,"key":"DuplicationPotion"},{"floor":38,"key":"Strength Potion"},{"floor":39,"key":"DistilledChaos"},{"floor":40,"key":"EntropicBrew"},{"floor":40,"key":"Energy Potion"},{"floor":44,"key":"DuplicationPotion"},{"floor":48,"key":"Weak Potion"},{"floor":54,"key":"LiquidMemories"}],"is_trial":false,"path_per_floor":["M","M","M","M","M","R","E","R","T","M","E","M","?","$","R","B",null,"M","M","?","M","T","E","M","E","T","?","$","T","M","M","R","B",null,"M","?","?","M","M","E","M","R","T","E","?","?","$","M","R","B",null,"R","$","E","B",null],"character_chosen":"TheAdministrix","items_purchased":["AdministrixMod:GoldenChickadee","MerchantsRug","Frozen Egg 2","AdministrixMod:HiddenPower+1","Toxic Egg 2","AdministrixMod:HarmonicReverence+1","Dramatic Entrance+1","TheAbacus","AdministrixMod:Transcension+1","HandDrill","AdministrixMod:SipOfSparks+1","Gambling Chip","Centennial Puzzle","AdministrixMod:CastOffRegrets+1","Discovery+1","Mercury Hourglass","AdministrixMod:CosmosControl+1","AdministrixMod:Wuji+1","AdministrixMod:CenturiesAscent+1"],"campfire_rested":1,"item_purchase_floors":[14,14,14,14,28,28,28,28,47,47,47,47,47,47,47,53,53,53,53],"current_hp_per_floor":[75,75,75,75,74,74,74,74,74,69,69,69,77,77,77,71,85,85,85,85,79,79,75,66,62,62,46,46,46,42,42,42,48,89,83,72,72,72,72,72,72,72,72,72,72,62,62,62,62,85,93,93,93,76,93],"gold":49,"neow_bonus":"TEN_PERCENT_HP_BONUS","is_daily":false,"chose_seed":false,"campfire_upgraded":5,"win_rate":0.0,"timestamp":1610999607,"path_taken":["M","M","M","M","M","R","E","R","T","M","E","M","?","$","R","BOSS","M","M","?","?","?","E","M","E","T","?","?","?","M","M","R","BOSS","M","?","?","M","M","E","M","R","T","E","?","?","$","M","R","BOSS","R","$","E","BOSS"],"items_purchased_type":["Relic","Relic","Relic","Card","Relic","Card","Card","Relic","Card","Relic","Card","Relic","Relic","Card","Card","Relic","Card","Card","Card"],"build_version":"2020-12-22","purchased_purges":2,"victory":true,"max_hp_per_floor":[75,75,75,75,75,75,75,75,75,75,75,75,81,81,81,85,85,85,85,85,85,85,85,85,85,85,85,85,85,85,85,85,89,89,89,89,89,89,89,89,89,89,89,89,89,89,89,89,89,93,93,93,93,93,97],"card_choices":[{"not_picked":["AdministrixMod:SeventeenArticleLaser","AdministrixMod:HarmonicReverence+1"],"picked":"AdministrixMod:Transition","floor":1},{"not_picked":["AdministrixMod:Transition","AdministrixMod:ImmortalPurity"],"picked":"AdministrixMod:TrickOfTheLight","floor":2},{"not_picked":["AdministrixMod:QuietConspiracy","AdministrixMod:ImmortalGrace"],"picked":"AdministrixMod:Metempsychosis","floor":3},{"not_picked":["AdministrixMod:Wuji+1","AdministrixMod:ImmortalPurity"],"picked":"AdministrixMod:NoblePath","floor":4},{"not_picked":["AdministrixMod:Transition+1","AdministrixMod:ImmortalPurity"],"picked":"AdministrixMod:LightOfYourLife+1","floor":5},{"not_picked":["AdministrixMod:RebukeDesires","AdministrixMod:DiversionaryTactic"],"picked":"AdministrixMod:TenDesires","floor":7},{"not_picked":["AdministrixMod:BegetEternity","AdministrixMod:ShadowPlay"],"picked":"AdministrixMod:LightOfYourLife","floor":7},{"not_picked":["AdministrixMod:FuneraryRites","AdministrixMod:Metempsychosis"],"picked":"AdministrixMod:NewbornDivinity","floor":10},{"not_picked":["AdministrixMod:MixOfMercury+1","AdministrixMod:TouchOfCinnabar"],"picked":"AdministrixMod:TrickOfTheLight+1","floor":11},{"not_picked":["AdministrixMod:AmassedMasks","AdministrixMod:ImmortalGrace"],"picked":"AdministrixMod:HiddenPower","floor":11},{"not_picked":["AdministrixMod:TouchOfCinnabar+1","AdministrixMod:PlateOfAntiquity"],"picked":"AdministrixMod:BloodBargain+1","floor":12},{"not_picked":["AdministrixMod:CosmosControl","AdministrixMod:AmassedMasks"],"picked":"AdministrixMod:StarSwordSoul+1","floor":16},{"not_picked":["AdministrixMod:TouchOfCinnabar","AdministrixMod:SipOfSparks+1"],"picked":"AdministrixMod:ArmillarySphere+1","floor":18},{"not_picked":["AdministrixMod:TouchOfCinnabar+1","AdministrixMod:TrickOfTheLight"],"picked":"AdministrixMod:Convergence+1","floor":19},{"not_picked":["AdministrixMod:NewWardrobe","AdministrixMod:BloodlessSapphire"],"picked":"AdministrixMod:QuietConspiracy+1","floor":21},{"not_picked":["AdministrixMod:BattleforgedBonds","AdministrixMod:NoblePath+1"],"picked":"AdministrixMod:ArmillarySphere","floor":23},{"not_picked":["AdministrixMod:XianArts+1","AdministrixMod:ExtolVirtue+1"],"picked":"AdministrixMod:FeastOfDew+1","floor":24},{"not_picked":["AdministrixMod:TrickOfTheLight+1","AdministrixMod:CrackingPangu+1"],"picked":"AdministrixMod:HarmonicReverence+1","floor":25},{"not_picked":["AdministrixMod:FiendishCrimson+1","AdministrixMod:PassageOfAges+1"],"picked":"AdministrixMod:LightOfYourLife+1","floor":30},{"not_picked":["AdministrixMod:XianArts+1","AdministrixMod:ImmortalPurity+1"],"picked":"AdministrixMod:SyncreticSurge+1","floor":31},{"not_picked":["AdministrixMod:GirlsDoItBetter+1","AdministrixMod:LifeforceNet+1"],"picked":"AdministrixMod:HaveItAll+1","floor":33},{"not_picked":["AdministrixMod:Convergence+1","AdministrixMod:SeventeenArticleLaser+1"],"picked":"AdministrixMod:CenturiesAscent+1","floor":35},{"not_picked":["AdministrixMod:TouchOfCinnabar+1","AdministrixMod:LightOfYourLife+1"],"picked":"AdministrixMod:JustRewards+1","floor":38},{"not_picked":["AdministrixMod:JustRewards+1","AdministrixMod:SipOfSparks+1"],"picked":"AdministrixMod:Overdrive+1","floor":39},{"not_picked":["AdministrixMod:CenturiesAscent+1","AdministrixMod:PassageOfAges+1"],"picked":"AdministrixMod:RebukeDesires+1","floor":40},{"not_picked":["AdministrixMod:RegentEdict+1","AdministrixMod:NoblePath+1"],"picked":"AdministrixMod:SealAway+1","floor":41},{"not_picked":["AdministrixMod:ImmortalPurity+1","AdministrixMod:Transcension+1"],"picked":"AdministrixMod:Overdrive+1","floor":44},{"not_picked":["Trip+1","Jack Of All Trades+1"],"picked":"Finesse+1","floor":46},{"not_picked":["Impatience+1","Swift Strike+1"],"picked":"Mind Blast+1","floor":46},{"not_picked":["Mayhem+1","Flash of Steel+1"],"picked":"Secret Technique+1","floor":46},{"not_picked":["AdministrixMod:PassageOfAges+1","AdministrixMod:QuietConspiracy+1"],"picked":"AdministrixMod:RebukeDesires+1","floor":48},{"not_picked":["AdministrixMod:GuanyinBlessing+1","AdministrixMod:Transition+1"],"picked":"AdministrixMod:BegetEternity+1","floor":54}],"player_experience":69194,"relics_obtained":[{"floor":4,"key":"AdministrixMod:AbandonedRose"},{"floor":7,"key":"Gremlin Horn"},{"floor":9,"key":"TungstenRod"},{"floor":11,"key":"Darkstone Periapt"},{"floor":16,"key":"Ginger"},{"floor":22,"key":"Mummified Hand"},{"floor":22,"key":"Ancient Tea Set"},{"floor":23,"key":"Incense Burner"},{"floor":23,"key":"Molten Egg 2"},{"floor":25,"key":"InkBottle"},{"floor":25,"key":"Juzu Bracelet"},{"floor":26,"key":"Art of War"},{"floor":26,"key":"PreservedInsect"},{"floor":27,"key":"Nilry\u0027s Codex"},{"floor":29,"key":"Potion Belt"},{"floor":29,"key":"Ornamental Fan"},{"floor":33,"key":"Lizard Tail"},{"floor":35,"key":"CaptainsWheel"},{"floor":39,"key":"Whetstone"},{"floor":40,"key":"Smiling Mask"},{"floor":40,"key":"MawBank"},{"floor":43,"key":"Pantograph"},{"floor":43,"key":"Kunai"},{"floor":44,"key":"White Beast Statue"},{"floor":44,"key":"Sundial"},{"floor":48,"key":"Boot"},{"floor":54,"key":"Thread and Needle"},{"floor":54,"key":"Oddly Smooth Stone"}],"event_choices":[{"damage_healed":0,"gold_gain":0,"player_choice":"Box","damage_taken":0,"relics_obtained":["Meat on the Bone"],"max_hp_gain":0,"max_hp_loss":0,"event_name":"Big Fish","floor":13,"gold_loss":0,"cards_obtained":["Regret"]},{"damage_healed":0,"gold_gain":0,"player_choice":"Upgraded","damage_taken":0,"max_hp_gain":0,"max_hp_loss":0,"event_name":"Upgrade Shrine","floor":20,"gold_loss":0,"cards_upgraded":["AdministrixMod:Metempsychosis"]},{"damage_healed":0,"gold_gain":0,"player_choice":"Obtained Book","damage_taken":16,"max_hp_gain":0,"max_hp_loss":0,"event_name":"Cursed Tome","floor":27,"gold_loss":0},{"damage_healed":0,"gold_gain":0,"player_choice":"Embrace Madness","damage_taken":11,"max_hp_gain":0,"max_hp_loss":0,"event_name":"Winding Halls","floor":36,"gold_loss":0,"cards_obtained":["Madness","Madness"]},{"damage_healed":0,"gold_gain":0,"player_choice":"Ignored","damage_taken":0,"max_hp_gain":0,"max_hp_loss":0,"event_name":"Tomb of Lord Red Mask","floor":37,"gold_loss":0},{"damage_healed":0,"gold_gain":275,"player_choice":"Desecrate","damage_taken":0,"max_hp_gain":0,"max_hp_loss":0,"event_name":"Golden Shrine","floor":45,"gold_loss":0,"cards_obtained":["Regret"]},{"damage_healed":0,"gold_gain":0,"player_choice":"Memory 3","damage_taken":10,"max_hp_gain":0,"max_hp_loss":0,"event_name":"SensoryStone","floor":46,"gold_loss":0}],"is_beta":false,"boss_relics":[{"not_picked":["Empty Cage","AdministrixMod:ElixirOfImmorality"],"picked":"Black Star"},{"not_picked":["SacredBark","Velvet Choker"],"picked":"Runic Pyramid"}],"items_purged_floors":[14,47],"is_endless":false,"potions_floor_spawned":[5,7,18,23,24,30,31,33,35,40,44,48,54],"ascension_level":-20}}