{"host":"r4r4helli6evr3pz","time":1610965186,"event":{"mods":["A Magickal Journey","AchievementEnabler","Act Like it!","Aspiration","BaseMod","Better Note","BetterRewards","Challenge The Spire","Conspire","Curses Come First","DeckTracker","Evolution","GifTheSpireLib","Gold Saver","GungeonMod","Hermit","Hubris","Hyrulean Relics","Infinite Spire","JesterMod","Lobotomy","Mimic Mod","Minty Spire (QoL Compilation)","Quick Restart","Random Character Button","Relic Sorter","Relic Stats","Replay The Spire","Reworked Bosses","Shop Mod","Somnambulant","StSLib","Stuff the Spire","The Blackbeard","The Bug Knight","The Clintock","The Construct","The Cursed","The Druid","The Forsaken","The Hierophant","The Necromancer","The Poker Player","The Problem Sleuth","The Runesmith","vexMod"],"gold_per_floor":[2782,2798,2808,2102,2102,2135,2135,2149,2174,2174,2174],"floor_reached":10,"language":"RUS","playtime":792,"items_purged":["hermit:Strike_Hermit"],"score":68,"play_id":"acd232ba-766a-4758-903b-a88ce2576de9","local_time":"20210118141946","is_ascension_mode":false,"campfire_choices":[{"floor":7,"key":"REST"}],"circlet_count":0,"master_deck":["hermit:Strike_Hermit","hermit:Strike_Hermit","hermit:Strike_Hermit","hermit:Defend_Hermit","hermit:Defend_Hermit","hermit:Defend_Hermit","hermit:Defend_Hermit","hermit:Snapshot+1","hermit:Covet","hermit:Manifest+1","hermit:BigShot","hermit:GhostlyPresence","hermit:BigShot","hermit:BigShot","hermit:TakeAim"],"relics":["hermit:Momento","EVO:Axolotl","Peace Pipe","hubris:EmptyBottle","DemoMod:GnawedKey","infinitespire:Beetle Shell"],"acts_visited":["Exordium"],"potions_floor_usage":[6,6],"damage_taken":[{"damage":1,"enemies":"Cultist","floor":1,"turns":3},{"damage":7,"enemies":"2 Louse","floor":2,"turns":3},{"damage":0,"enemies":"Jaw Worm","floor":3,"turns":3},{"damage":59,"enemies":"Gremlin Nob","floor":6,"turns":7},{"damage":10,"enemies":"Lots of Slimes","floor":8,"turns":5},{"damage":22,"enemies":"3 Sentries","floor":10,"turns":7}],"seed_played":"8280332516453447203","potions_obtained":[{"floor":1,"key":"Block Potion"}],"is_trial":false,"path_per_floor":["M","M","M","$","?","E","R","M","T","E"],"character_chosen":"HERMIT","items_purchased":["Peace Pipe","hubris:EmptyBottle","DemoMod:GnawedKey","hermit:BigShot"],"campfire_rested":1,"item_purchase_floors":[4,4,4,4],"current_hp_per_floor":[74,67,67,67,67,8,30,20,20,0,0],"gold":2174,"neow_bonus":"UPGRADE_CARD","is_daily":false,"chose_seed":false,"campfire_upgraded":0,"win_rate":0.0,"timestamp":1610965186,"path_taken":["M","M","?","$","?","E","R","M","T","E"],"items_purchased_type":["Relic","Relic","Relic","Card"],"build_version":"2020-12-22","purchased_purges":1,"victory":false,"max_hp_per_floor":[75,75,75,75,75,75,75,75,75,75,75],"relic_stats":{"Peace Pipe":0,"counters":[6,28],"obtain_stats":[{"Peace Pipe":4,"DemoMod:GlassGuonStoneRelic":1,"infinitespire:Beetle Shell":6,"DemoMod:GnawedKey":4,"EVO:Axolotl":0,"hubris:EmptyBottle":4,"hermit:Momento":0},{"Peace Pipe":3,"DemoMod:GlassGuonStoneRelic":1,"infinitespire:Beetle Shell":4,"DemoMod:GnawedKey":3,"EVO:Axolotl":0,"hubris:EmptyBottle":3,"hermit:Momento":0},{"Peace Pipe":9,"DemoMod:GlassGuonStoneRelic":3,"infinitespire:Beetle Shell":16,"DemoMod:GnawedKey":9,"EVO:Axolotl":0,"hubris:EmptyBottle":9,"hermit:Momento":0}]},"card_choices":[{"not_picked":["hermit:ItchyTrigger","hermit:Quickdraw"],"picked":"hermit:Manifest","floor":1},{"not_picked":["hermit:Quickdraw","hermit:Ricochet"],"picked":"hermit:BigShot","floor":2},{"not_picked":["hermit:Roulette","hermit:Enervate"],"picked":"hermit:GhostlyPresence","floor":3},{"not_picked":["hermit:TakeCover","hermit:Ricochet","hermit:Cheat"],"picked":"SKIP","floor":6},{"not_picked":["hermit:HighCaliber","hermit:Misfire"],"picked":"hermit:TakeAim","floor":8}],"player_experience":696135,"relics_obtained":[{"floor":6,"key":"infinitespire:Beetle Shell"}],"event_choices":[{"damage_healed":0,"gold_gain":0,"player_choice":"Grow","damage_taken":0,"max_hp_gain":0,"max_hp_loss":0,"event_name":"Living Wall","floor":5,"gold_loss":0,"cards_upgraded":["hermit:Manifest"]}],"is_beta":false,"boss_relics":[],"items_purged_floors":[4],"is_endless":false,"potions_floor_spawned":[1],"killed_by":"3 Sentries","ascension_level":0}}