{"host":"0qlrtuw7bw78ucw4","time":1610972983,"event":{"mods":["BaseMod","Downfall","Minty Spire (QoL Compilation)","StSLib"],"gold_per_floor":[99,112,287,307,325,325,348,348,348,348,348,365,365,399,411,411,411],"floor_reached":16,"language":"ENG","playtime":1025,"items_purged":[],"score":100,"play_id":"4ad8f3a8-3889-4066-81c2-ed16e7311fa9","local_time":"20210118232943","is_ascension_mode":false,"campfire_choices":[{"data":"Enlightenment","floor":1,"key":"SMITH"},{"data":"bronze:DelayedSlice","floor":6,"key":"SMITH"},{"data":"bronze:BronzeOrb","floor":8,"key":"SMITH"},{"data":"bronze:Replicate","floor":10,"key":"SMITH"},{"data":"bronze:Virus","floor":13,"key":"SMITH"}],"circlet_count":0,"master_deck":["bronze:Strike","bronze:Strike","bronze:Strike","bronze:Strike","bronze:Defend","bronze:Defend","bronze:Defend","bronze:Defend","bronze:Replicate+1","bronze:Goto","Enlightenment+1","bronze:Shell","bronze:BronzeOrb+1","bronze:DelayedSlice+1","bronze:Frontload","bronze:Virus+1","bronze:Repair","bronze:WhirlingStrike"],"relics":["bronze:BronzeCore","Anchor","Sundial"],"acts_visited":["Exordium"],"potions_floor_usage":[16,16],"damage_taken":[{"damage":7,"enemies":"2 Louse","floor":2,"turns":3},{"damage":9,"enemies":"Jaw Worm","floor":4,"turns":8},{"damage":0,"enemies":"Small Slimes","floor":5,"turns":5},{"damage":0,"enemies":"Exordium Wildlife","floor":12,"turns":4},{"damage":12,"enemies":"Lagavulin","floor":14,"turns":4},{"damage":0,"enemies":"2 Fungi Beasts","floor":15,"turns":1},{"damage":83,"enemies":"WA_ARCHETYPE_RETAIN","floor":16,"turns":22}],"seed_played":"-7615506991264733831","potions_obtained":[{"floor":5,"key":"SkillPotion"},{"floor":12,"key":"ColorlessPotion"}],"is_trial":false,"path_per_floor":["R","M","?","M","M","R","T","R","?","R","?","M","R","E","M","B"],"character_chosen":"THE_AUTOMATON","items_purchased":[],"campfire_rested":0,"item_purchase_floors":[],"current_hp_per_floor":[70,63,63,54,54,54,54,54,59,59,59,59,59,47,47,0,0],"gold":411,"neow_bonus":"RANDOM_COLORLESS","is_daily":false,"chose_seed":false,"campfire_upgraded":5,"win_rate":0.0,"timestamp":1610972983,"path_taken":["R","M","?","M","M","R","T","R","?","R","?","M","R","E","M","BOSS"],"items_purchased_type":[],"build_version":"2020-12-22","purchased_purges":0,"victory":false,"max_hp_per_floor":[70,70,70,70,70,70,70,70,75,75,75,75,75,75,75,75,75],"card_choices":[{"not_picked":["Trip","Panacea"],"picked":"Enlightenment","floor":0},{"not_picked":["bronze:Branch","bronze:Turbo"],"picked":"bronze:Shell","floor":2},{"not_picked":["bronze:Shield","bronze:DelayedSlice"],"picked":"bronze:BronzeOrb","floor":4},{"not_picked":["bronze:Invalidate","bronze:OilSpill"],"picked":"bronze:DelayedSlice","floor":5},{"not_picked":["bronze:BuggyMess","bronze:WildBeam"],"picked":"bronze:Virus","floor":12},{"not_picked":["bronze:ChosenStrike","bronze:Safeguard"],"picked":"bronze:Repair","floor":14},{"not_picked":["bronze:NullPointer","bronze:BitShift"],"picked":"bronze:WhirlingStrike","floor":15}],"player_experience":882858,"relics_obtained":[{"floor":7,"key":"Anchor"},{"floor":14,"key":"Sundial"}],"event_choices":[{"damage_healed":0,"gold_gain":0,"player_choice":"Donut","damage_taken":0,"max_hp_gain":5,"max_hp_loss":0,"event_name":"Big Fish","floor":9,"gold_loss":0}],"is_beta":false,"boss_relics":[],"items_purged_floors":[],"is_endless":false,"potions_floor_spawned":[5,12],"killed_by":"WA_ARCHETYPE_RETAIN","ascension_level":0}}