{"host":"poshtwjux72eqzmy","time":1610929402,"event":{"mods":["BaseMod","Bestiary","Block Reminder","Downfall","Highlight Path","Minty Spire (QoL Compilation)","Relic Stats","StSLib","ojb\u0027s Info Mod"],"gold_per_floor":[99,110,123,123,135,164,187,187,214,225,255,290,190,215,228,326,326,326,337,422,572,582,602,626,640,540,559,585,604,70,70,80,178,178,78,89,109,126,341,373,373,373,383,383,394,394,394,409,425,425,425,450,28,28,28,28,28,28],"floor_reached":56,"language":"ENG","playtime":5927,"items_purged":["Guardian:Strike_Guardian","Guardian:Strike_Guardian"],"score":818,"play_id":"7ec52f57-8a84-498f-af6e-663f47699c1a","local_time":"20210118022322","is_ascension_mode":true,"campfire_choices":[{"floor":1.0,"key":"RECALL"},{"data":"Guardian:StasisStrike","floor":13.0,"key":"SMITH"},{"data":"Guardian:CurlUp","floor":18.0,"key":"SMITH"},{"data":"Guardian:RollAttack","floor":26.0,"key":"SMITH"},{"data":"Guardian:TimeSifter","floor":35.0,"key":"SMITH"},{"data":"Guardian:Strike_Guardian","floor":42.0,"key":"PURGE"},{"data":"Guardian:Defend_Guardian","floor":46.0,"key":"PURGE"},{"data":"Guardian:ShieldSpikes","floor":54,"key":"SMITH"}],"circlet_count":0,"master_deck":["Guardian:Strike_Guardian+1","Guardian:Defend_Guardian","Guardian:Defend_Guardian+1","Guardian:CurlUp+1","Guardian:TwinSlam+1","Guardian:Reroute","Guardian:ShieldSpikes+1","Guardian:Incinerate","Guardian:RollAttack+1","Guardian:StasisStrike+1","Guardian:Preprogram","Guardian:RevengeProtocol","Guardian:Incinerate","Guardian:ArmoredProtocol","Guardian:WalkerClaw+1","Guardian:Repulse","Guardian:TimeSifter+1","Guardian:BronzeArmor+1","Guardian:Incinerate+1","Guardian:EvasiveProtocol","Guardian:Incinerate+1","Guardian:MultiBeam+1","Guardian:ShieldSpikes+1","Guardian:TimeCapacitor"],"relics":["Velvet Choker","Mummified Hand","Bird Faced Urn","Whetstone","Odd Mushroom","Akabeko","downfall:HeartBlessingRed","Pantograph","Snecko Eye","downfall:HeartBlessingBlue","Vajra","Sundial","TheAbacus","bronze:MakeshiftBattery","downfall:HeartBlessingGreen","StoneCalendar","Peace Pipe","Anchor","OrangePellets"],"acts_visited":["Exordium","TheCity","TheBeyond","TheEnding"],"potions_floor_usage":[50,50,56,56,56],"damage_taken":[{"damage":0.0,"enemies":"Cultist","floor":2.0,"turns":4.0},{"damage":1.0,"enemies":"Jaw Worm","floor":3.0,"turns":4.0},{"damage":0.0,"enemies":"2 Louse","floor":5.0,"turns":3.0},{"damage":20.0,"enemies":"Lagavulin","floor":6.0,"turns":10.0},{"damage":13.0,"enemies":"3 Sentries","floor":9.0,"turns":6.0},{"damage":0.0,"enemies":"Large Slime","floor":10.0,"turns":3.0},{"damage":2.0,"enemies":"The Mushroom Lair","floor":11.0,"turns":4.0},{"damage":11.0,"enemies":"Gremlin Nob","floor":12.0,"turns":3.0},{"damage":3.0,"enemies":"Lagavulin","floor":14.0,"turns":5.0},{"damage":2.0,"enemies":"3 Louse","floor":15.0,"turns":2.0},{"damage":3.0,"enemies":"SI_SHIV_ARCHETYPE","floor":16.0,"turns":7.0},{"damage":2.0,"enemies":"Chosen","floor":19.0,"turns":3.0},{"damage":0.0,"enemies":"Spheric Guardian","floor":22.0,"turns":3.0},{"damage":14.0,"enemies":"3 Cultists","floor":23.0,"turns":6.0},{"damage":5.0,"enemies":"Chosen and Byrds","floor":25.0,"turns":4.0},{"damage":11.0,"enemies":"Snake Plant","floor":27.0,"turns":3.0},{"damage":20.0,"enemies":"Slavers","floor":28.0,"turns":7.0},{"damage":0.0,"enemies":"Centurion and Healer","floor":29.0,"turns":3.0},{"damage":0.0,"enemies":"downfall:FleeingMerchant","floor":30.0,"turns":4.0},{"damage":0.0,"enemies":"3 Cultists","floor":32.0,"turns":3.0},{"damage":25.0,"enemies":"DF_ARCHETYPE_CLAW","floor":33.0,"turns":9.0},{"damage":0.0,"enemies":"3 Shapes","floor":36.0,"turns":5.0},{"damage":1.0,"enemies":"3 Darklings","floor":37.0,"turns":4.0},{"damage":0.0,"enemies":"Writhing Mass","floor":38.0,"turns":5.0},{"damage":0.0,"enemies":"downfall:FleeingMerchant","floor":39.0,"turns":4.0},{"damage":5.0,"enemies":"Nemesis","floor":40.0,"turns":7.0},{"damage":0.0,"enemies":"Spire Growth","floor":43.0,"turns":4.0},{"damage":1.0,"enemies":"Transient","floor":45.0,"turns":5.0},{"damage":0,"enemies":"3 Darklings","floor":48,"turns":1},{"damage":0,"enemies":"Sphere and 2 Shapes","floor":49,"turns":4},{"damage":58,"enemies":"IC_BLOCK_ARCHETYPE","floor":50,"turns":11},{"damage":105,"enemies":"downfall:CharBossMerchant","floor":52,"turns":9},{"damage":42,"enemies":"downfall:NeowBoss","floor":55,"turns":18},{"damage":58,"enemies":"downfall:NeowBossFinal","floor":56,"turns":8}],"seed_played":"5312257881815429973","potions_obtained":[{"floor":6.0,"key":"LiquidMemories"},{"floor":9.0,"key":"LiquidMemories"},{"floor":10.0,"key":"EntropicBrew"},{"floor":14.0,"key":"Fire Potion"},{"floor":16.0,"key":"Energy Potion"},{"floor":23.0,"key":"Dexterity Potion"},{"floor":28.0,"key":"sneckomod:MuddlingPotion"},{"floor":29.0,"key":"Energy Potion"},{"floor":33.0,"key":"Guardian:DefensiveModePotion"},{"floor":36.0,"key":"FairyPotion"},{"floor":40.0,"key":"Guardian:AcceleratePotion"}],"is_trial":false,"path_per_floor":["R","M","M","T","M","E","T","?","E","M","?","E","R","E","M","B",null,"R","M","?","?","M","M","T","M","R","M","E","M","$","?","M","B",null,"R","M","M","M","$","E","T","R","M","?","M","R","?","M","M","B",null,"E","$","R","B","B"],"character_chosen":"GUARDIAN","items_purchased":["Sundial","TheAbacus","Guardian:Repulse","OrangePellets","ColorlessPotion","bronze:BurnAndBuffPotion","CultistPotion","Guardian:TimeCapacitor"],"campfire_rested":0,"item_purchase_floors":[30,30,30,53,53,53,53,53],"current_hp_per_floor":[80,80,79,79,79,59,59,64,51,51,49,38,38,35,33,55,85,85,85,69,69,71,59,59,56,66,57,41,45,49,49,55,61,95,95,95,95,95,95,90,90,90,95,95,94,94,94,95,95,37,95,28,28,28,19,0,0,0],"gold":28,"neow_bonus":"BOSS_RELIC","is_daily":false,"chose_seed":false,"campfire_upgraded":5,"win_rate":0.0,"timestamp":1610929402,"path_taken":["R","M","M","?","M","E","T","?","E","M","?","E","R","E","M","BOSS","R","M","?","?","?","M","T","M","R","M","E","M","$","?","M","BOSS","R","M","M","M","$","E","T","R","M","?","?","R","?","M","M","BOSS","E","$","R","BOSS","BOSS"],"items_purchased_type":["Relic","Relic","Card","Relic","Potion","Potion","Potion","Card"],"build_version":"2020-12-22","purchased_purges":2,"victory":false,"max_hp_per_floor":[80,80,80,80,80,80,80,85,85,85,85,85,85,85,85,85,85,85,85,85,85,85,85,85,85,95,95,95,95,95,95,95,95,95,95,95,95,95,95,95,95,95,95,95,95,95,95,95,95,95,95,95,95,95,95,95,95,95],"relic_stats":{"Peace Pipe":2,"OrangePellets":[2],"TheAbacus":[198],"counters":[34,181],"Mummified Hand":[136],"Sundial":[22],"Bird Faced Urn":[57],"Pantograph":100,"Snecko Eye":[197,203,177,214],"StoneCalendar":[193],"Whetstone":["Guardian:TwinSlam","Guardian:Strike_Guardian"],"obtain_stats":[{"downfall:HeartBlessingRed":13,"Guardian:ModeShifter":0,"Velvet Choker":0,"Vajra":28,"downfall:HeartBlessingGreen":35,"StoneCalendar":40,"Whetstone":9,"War Paint":7,"Odd Mushroom":11,"Akabeko":12,"Peace Pipe":41,"OrangePellets":53,"Anchor":52,"TheAbacus":30,"Mummified Hand":4,"downfall:HeartBlessingBlue":26,"Sundial":30,"Bird Faced Urn":6,"Pantograph":14,"Snecko Eye":17,"bronze:MakeshiftBattery":34},{"downfall:HeartBlessingRed":8,"Guardian:ModeShifter":0,"Velvet Choker":0,"Vajra":17,"downfall:HeartBlessingGreen":21,"StoneCalendar":26,"Whetstone":5,"War Paint":4,"Odd Mushroom":7,"Akabeko":8,"Peace Pipe":26,"OrangePellets":32,"Anchor":32,"TheAbacus":19,"Mummified Hand":2,"downfall:HeartBlessingBlue":15,"Sundial":19,"Bird Faced Urn":4,"Pantograph":9,"Snecko Eye":11,"bronze:MakeshiftBattery":21},{"downfall:HeartBlessingRed":37,"Guardian:ModeShifter":0,"Velvet Choker":0,"Vajra":77,"downfall:HeartBlessingGreen":96,"StoneCalendar":121,"Whetstone":27,"War Paint":21,"Odd Mushroom":34,"Akabeko":37,"Peace Pipe":121,"OrangePellets":155,"Anchor":155,"TheAbacus":84,"Mummified Hand":8,"downfall:HeartBlessingBlue":67,"Sundial":84,"Bird Faced Urn":21,"Pantograph":42,"Snecko Eye":51,"bronze:MakeshiftBattery":96}]},"card_choices":[{"not_picked":["Guardian:Gem_Lightblue","Guardian:TemporalShield"],"picked":"Guardian:Reroute","floor":2.0},{"not_picked":["Guardian:Reroute","Guardian:ChargeCore"],"picked":"Guardian:ShieldSpikes","floor":3.0},{"not_picked":["Guardian:DonusPower","Guardian:SentryBeam"],"picked":"Guardian:Incinerate","floor":5.0},{"not_picked":["Guardian:BodySlam","Guardian:ChargeCore"],"picked":"Guardian:RollAttack","floor":6.0},{"not_picked":["Guardian:VentSteam","Guardian:ChargeCore"],"picked":"Guardian:StasisStrike","floor":9.0},{"not_picked":["Guardian:ShieldCharger","Guardian:RefractedBeam"],"picked":"Guardian:Preprogram","floor":10.0},{"not_picked":["Guardian:Incinerate","Guardian:PrismaticBarrier","Guardian:CrystalBeam"],"picked":"SKIP","floor":12.0},{"not_picked":["Guardian:Gem_Lightblue","Guardian:BodySlam"],"picked":"Guardian:PrimingBeam","floor":14.0},{"not_picked":["Guardian:PiercingHide","Guardian:Reroute"],"picked":"Guardian:Gem_Synthetic","floor":15.0},{"not_picked":["Guardian:GatlingBeam","Guardian:StasisStrike"],"picked":"Guardian:RevengeProtocol","floor":16.0},{"not_picked":["Guardian:Gem_Green","Guardian:BodySlam","Guardian:Recover"],"picked":"SKIP","floor":19.0},{"not_picked":["Guardian:PrimingBeam","Guardian:DonusPower+1"],"picked":"Guardian:Incinerate","floor":22.0},{"not_picked":["Guardian:Reroute+1","Guardian:BaubleBeam","Guardian:Gem_Green"],"picked":"SKIP","floor":23.0},{"not_picked":["Guardian:Emergency","Guardian:MultiBeam+1"],"picked":"Guardian:Gem_Crimson","floor":25.0},{"not_picked":["Guardian:Gem_Cyan","Guardian:Planning"],"picked":"Guardian:ArmoredProtocol","floor":27.0},{"not_picked":["Guardian:Gem_Cyan","Guardian:Reroute","Guardian:Planning+1"],"picked":"SKIP","floor":28.0},{"not_picked":["Guardian:GatlingBeam","Guardian:VentSteam","Guardian:BodySlam"],"picked":"SKIP","floor":29.0},{"not_picked":["Guardian:CrystalBeam","Guardian:Suspension+1"],"picked":"Guardian:WalkerClaw+1","floor":30.0},{"not_picked":["Guardian:TemporalStrike+1","Guardian:ShieldCharger","Guardian:Planning+1"],"picked":"SKIP","floor":32.0},{"not_picked":["Guardian:BaubleBeam","Guardian:Gem_Orange"],"picked":"Guardian:TimeSifter","floor":33.0},{"not_picked":["Guardian:PolyBeam+1","Guardian:Gem_Cyan"],"picked":"Guardian:BronzeArmor+1","floor":36.0},{"not_picked":["Guardian:CrystalBeam+1","Guardian:Gem_Blue","Guardian:FloatingOrbs+1"],"picked":"SKIP","floor":37.0},{"not_picked":["Guardian:CrystalBeam","Guardian:Gem_Orange"],"picked":"Guardian:Incinerate+1","floor":38.0},{"not_picked":["Guardian:BodySlam+1","Guardian:Gem_Crimson","Guardian:Incinerate"],"picked":"SKIP","floor":39.0},{"not_picked":["Guardian:BodySlam+1","Guardian:TemporalStrike"],"picked":"Guardian:EvasiveProtocol","floor":40.0},{"not_picked":["Guardian:PolyBeam+1","Guardian:EvasiveProtocol"],"picked":"Guardian:Incinerate+1","floor":43.0},{"not_picked":["Guardian:RollAttack","Guardian:BronzeArmor"],"picked":"Guardian:MultiBeam+1","floor":45.0},{"not_picked":["Guardian:PrimingBeam","Guardian:Gem_Purple","Guardian:WalkerClaw+1"],"picked":"SKIP","floor":48},{"not_picked":["Guardian:Recover","Guardian:VentSteam","Guardian:TimeSifter"],"picked":"SKIP","floor":49},{"not_picked":["Guardian:Planning","Guardian:ChargeCore+1"],"picked":"Guardian:ShieldSpikes","floor":52}],"player_experience":1117607,"relics_obtained":[{"floor":4.0,"key":"Mummified Hand"},{"floor":6.0,"key":"Bird Faced Urn"},{"floor":7.0,"key":"War Paint"},{"floor":9.0,"key":"Whetstone"},{"floor":11.0,"key":"Odd Mushroom"},{"floor":12.0,"key":"Akabeko"},{"floor":14.0,"key":"Pantograph"},{"floor":28.0,"key":"Vajra"},{"floor":40.0,"key":"StoneCalendar"},{"floor":41.0,"key":"Peace Pipe"},{"floor":52,"key":"Anchor"}],"event_choices":[{"damage_healed":0.0,"max_hp_gain":5.0,"max_hp_loss":0.0,"gold_gain":0.0,"event_name":"Big Fish","player_choice":"Donut","floor":8.0,"gold_loss":0.0,"damage_taken":0.0},{"damage_healed":0.0,"max_hp_gain":0.0,"max_hp_loss":0.0,"gold_gain":0.0,"event_name":"Mushrooms","player_choice":"Fought Mushrooms","floor":11.0,"gold_loss":0.0,"damage_taken":0.0},{"damage_healed":0.0,"max_hp_gain":0.0,"max_hp_loss":0.0,"gold_gain":0.0,"event_name":"Vampires","player_choice":"Ignored","floor":31.0,"gold_loss":0.0,"damage_taken":0.0},{"damage_healed":0.0,"max_hp_gain":0.0,"max_hp_loss":0.0,"gold_gain":0.0,"event_name":"Lab","player_choice":"Got Potions","floor":44.0,"gold_loss":0.0,"damage_taken":0.0}],"is_beta":false,"boss_relics":[{"not_picked":["Astrolabe","Calling Bell"],"picked":"Snecko Eye"},{"not_picked":["Runic Dome","SacredBark"],"picked":"bronze:MakeshiftBattery"}],"items_purged_floors":[30,39],"is_endless":false,"potions_floor_spawned":[6,9,10,14,16,23,28,29,33,36,40,45,48],"killed_by":"downfall:NeowBossFinal","ascension_level":1}}