{"host":"Bilverbakes","time":1610939563,"event":{"mods":["2.2 Compatiblity","AchievementEnabler","BaseMod","Bestiary","Colored Map","Minty Spire (QoL Compilation)","Relic Stats","StSLib","ojb\u0027s Info Mod"],"gold_per_floor":[112,112,173,192,242,242,268,286,358,385,498,548,548,614,614,688,688,708,723,259,309,319,319,345,362,362,167,132,21,49,62,62,141,141,158,208,258,308,358,387,490,523,547,613,613,688,688,1013,1013,1013,1013,1013,1013,290,315,315],"floor_reached":57,"language":"ENG","playtime":3988,"items_purged":["Defend_G","Strike_G","Defend_G"],"score":2808,"play_id":"ffce84ba-5e33-4edc-a9b3-ebfd13d25396","local_time":"20210117211243","is_ascension_mode":true,"campfire_choices":[{"data":"Neutralize","floor":6.0,"key":"SMITH"},{"data":"Blade Dance","floor":13.0,"key":"SMITH"},{"data":"Dagger Spray","floor":15.0,"key":"SMITH"},{"data":"Dash","floor":23.0,"key":"SMITH"},{"data":"Night Terror","floor":32.0,"key":"SMITH"},{"floor":45.0,"key":"RECALL"},{"data":"Terror","floor":47.0,"key":"SMITH"},{"data":"Underhanded Strike","floor":49.0,"key":"SMITH"},{"data":"Acrobatics","floor":53.0,"key":"SMITH"}],"circlet_count":0,"master_deck":["AscendersBane","Strike_G","Strike_G","Defend_G","Defend_G","Survivor","Neutralize+1","Dash+1","Underhanded Strike+1","Blade Dance+1","Backflip","Dagger Spray+1","Wraith Form v2+1","Terror+1","Dash+1","Acrobatics+1","Footwork+1","Accuracy+1","Wraith Form v2+1","Night Terror+1","Envenom+1","Blade Dance","Grand Finale","Night Terror+1","Envenom+1"],"relics":["Ring of the Snake","NeowsBlessing","SsserpentHead","Ginger","Frozen Egg 2","Ancient Tea Set","Coffee Dripper","Nunchaku","Pen Nib","Calipers","Ninja Scroll","Dream Catcher","Omamori","Runic Pyramid","Boot","Lantern","Gambling Chip","Centennial Puzzle","Blood Vial","DollysMirror","Unceasing Top"],"acts_visited":["Exordium","TheCity","TheBeyond","TheEnding"],"potions_floor_usage":[56,56],"damage_taken":[{"damage":0.0,"enemies":"2 Louse","floor":1.0,"turns":1.0},{"damage":0.0,"enemies":"Cultist","floor":3.0,"turns":1.0},{"damage":0.0,"enemies":"Small Slimes","floor":4.0,"turns":1.0},{"damage":29.0,"enemies":"Gremlin Nob","floor":7.0,"turns":6.0},{"damage":0.0,"enemies":"3 Louse","floor":8.0,"turns":2.0},{"damage":5.0,"enemies":"Lagavulin","floor":10.0,"turns":7.0},{"damage":0.0,"enemies":"Large Slime","floor":14.0,"turns":4.0},{"damage":18.0,"enemies":"Slime Boss","floor":16.0,"turns":10.0},{"damage":7.0,"enemies":"Shell Parasite","floor":18.0,"turns":6.0},{"damage":2.0,"enemies":"Spheric Guardian","floor":19.0,"turns":4.0},{"damage":0.0,"enemies":"Snake Plant","floor":22.0,"turns":3.0},{"damage":7.0,"enemies":"Slavers","floor":24.0,"turns":6.0},{"damage":1.0,"enemies":"Shelled Parasite and Fungi","floor":25.0,"turns":3.0},{"damage":0.0,"enemies":"Gremlin Leader","floor":30.0,"turns":6.0},{"damage":0.0,"enemies":"Centurion and Healer","floor":31.0,"turns":3.0},{"damage":3.0,"enemies":"Automaton","floor":33.0,"turns":8.0},{"damage":0.0,"enemies":"3 Shapes","floor":35.0,"turns":5.0},{"damage":0.0,"enemies":"Reptomancer","floor":40.0,"turns":5.0},{"damage":6.0,"enemies":"2 Orb Walkers","floor":41.0,"turns":8.0},{"damage":8.0,"enemies":"Nemesis","floor":42.0,"turns":9.0},{"damage":0.0,"enemies":"4 Shapes","floor":44.0,"turns":4.0},{"damage":0.0,"enemies":"Mind Bloom Boss Battle","floor":46.0,"turns":3.0},{"damage":27.0,"enemies":"Time Eater","floor":50.0,"turns":10.0},{"damage":4.0,"enemies":"Donu and Deca","floor":51.0,"turns":9.0},{"damage":4.0,"enemies":"Shield and Spear","floor":55.0,"turns":9.0},{"damage":47,"enemies":"The Heart","floor":56,"turns":12}],"seed_played":"921348021674869770","potions_obtained":[{"floor":7.0,"key":"ColorlessPotion"},{"floor":8.0,"key":"CultistPotion"},{"floor":16.0,"key":"PowerPotion"},{"floor":22.0,"key":"Fire Potion"},{"floor":30.0,"key":"AttackPotion"},{"floor":31.0,"key":"PowerPotion"},{"floor":40.0,"key":"Strength Potion"},{"floor":41.0,"key":"SpeedPotion"},{"floor":42.0,"key":"FearPotion"},{"floor":55.0,"key":"DuplicationPotion"}],"is_trial":false,"path_per_floor":["M","?","M","M","?","R","E","M","T","E","?","?","R","M","R","B",null,"M","M","$","?","M","R","E","M","T","$","?","$","E","M","R","B",null,"M","?","?","?","?","E","?","E","T","M","R","?","R","?","R","B","B",null,"R","$","E","B",null],"character_chosen":"THE_SILENT","items_purchased":["Nunchaku","Pen Nib","Fire Potion","Accuracy+1","SteroidPotion","Wraith Form v2+1","Centennial Puzzle","Blood Vial","DollysMirror","Poison Potion","Energy Potion"],"campfire_rested":0,"item_purchase_floors":[20,20,20,27,27,29,54,54,54,54,54],"current_hp_per_floor":[59,59,59,59,59,59,30,30,30,25,25,25,25,25,25,7,51,44,42,42,42,42,42,35,34,34,34,34,34,34,34,34,31,57,57,57,57,57,52,52,46,38,38,38,38,38,38,38,38,11,7,49,49,49,47,2],"gold":315,"neow_bonus":"THREE_ENEMY_KILL","is_daily":false,"chose_seed":false,"campfire_upgraded":8,"win_rate":0.0,"timestamp":1610939563,"path_taken":["M","?","?","M","?","R","E","M","T","E","?","?","R","?","R","BOSS","M","M","$","?","M","R","E","M","T","$","?","?","E","M","R","BOSS","M","?","?","?","?","E","?","E","T","?","R","?","R","?","R","BOSS","BOSS","R","$","E","BOSS"],"items_purchased_type":["Relic","Relic","Potion","Card","Potion","Card","Relic","Relic","Relic","Potion","Potion"],"build_version":"2020-12-18","purchased_purges":3,"victory":true,"max_hp_per_floor":[66,66,66,66,66,66,66,66,66,66,66,66,66,66,66,66,66,66,66,66,66,66,66,66,66,66,66,66,66,66,66,66,66,66,66,66,63,63,63,63,63,63,63,63,63,63,63,63,63,63,63,63,63,63,63,63],"relic_stats":{"counters":[26,145],"Pen Nib":[29],"Ginger":[13],"Boot":[96],"Blood Vial":4,"SsserpentHead":800,"Nunchaku":[29],"Dream Catcher":0,"Centennial Puzzle":[6],"Gambling Chip":[15],"obtain_stats":[{"Lantern":42,"Calipers":24,"NeowsBlessing":0,"Pen Nib":20,"Omamori":30,"Ginger":7,"Frozen Egg 2":9,"Ancient Tea Set":10,"Boot":40,"Blood Vial":54,"SsserpentHead":2,"Nunchaku":20,"Dream Catcher":28,"Centennial Puzzle":54,"Ninja Scroll":26,"DollysMirror":54,"Gambling Chip":46,"Coffee Dripper":17,"Unceasing Top":55,"Ring of the Snake":0,"Runic Pyramid":34},{"Lantern":20,"Calipers":12,"NeowsBlessing":0,"Pen Nib":10,"Omamori":14,"Ginger":4,"Frozen Egg 2":5,"Ancient Tea Set":6,"Boot":18,"Blood Vial":24,"SsserpentHead":1,"Nunchaku":10,"Dream Catcher":13,"Centennial Puzzle":24,"Ninja Scroll":13,"DollysMirror":24,"Gambling Chip":22,"Coffee Dripper":8,"Unceasing Top":25,"Ring of the Snake":0,"Runic Pyramid":16},{"Lantern":98,"Calipers":51,"NeowsBlessing":0,"Pen Nib":42,"Omamori":60,"Ginger":9,"Frozen Egg 2":11,"Ancient Tea Set":18,"Boot":81,"Blood Vial":124,"SsserpentHead":1,"Nunchaku":42,"Dream Catcher":54,"Centennial Puzzle":124,"Ninja Scroll":54,"DollysMirror":124,"Gambling Chip":105,"Coffee Dripper":32,"Unceasing Top":133,"Ring of the Snake":0,"Runic Pyramid":71}],"Unceasing Top":[0],"Ring of the Snake":[52]},"card_choices":[{"not_picked":["Outmaneuver","Sucker Punch","Well Laid Plans"],"picked":"SKIP","floor":1.0},{"not_picked":["Riddle With Holes","Underhanded Strike"],"picked":"Dash","floor":3.0},{"not_picked":["Outmaneuver","Setup","Blur"],"picked":"SKIP","floor":4.0},{"not_picked":["Deadly Poison","Slice"],"picked":"Underhanded Strike","floor":7.0},{"not_picked":["Choke","Bane"],"picked":"Blade Dance","floor":8.0},{"not_picked":["Dodge and Roll","Catalyst","Sucker Punch"],"picked":"SKIP","floor":10.0},{"not_picked":["Bane","Underhanded Strike"],"picked":"Dagger Spray","floor":14.0},{"not_picked":["Adrenaline","Corpse Explosion"],"picked":"Wraith Form v2+1","floor":16.0},{"not_picked":["Underhanded Strike","Endless Agony"],"picked":"Terror","floor":18.0},{"not_picked":["Blade Dance","Slice","Dagger Spray"],"picked":"SKIP","floor":19.0},{"not_picked":["Dodge and Roll","Backflip","Poisoned Stab"],"picked":"SKIP","floor":22.0},{"not_picked":["Sucker Punch","Quick Slash"],"picked":"Footwork+1","floor":24.0},{"not_picked":["Acrobatics","Concentrate","Backflip"],"picked":"SKIP","floor":25.0},{"not_picked":["Backstab","Deflect"],"picked":"Night Terror","floor":30.0},{"not_picked":["Sucker Punch","Prepared","Bane+1"],"picked":"SKIP","floor":31.0},{"not_picked":["Grand Finale","Corpse Explosion"],"picked":"Envenom+1","floor":33.0},{"not_picked":["Acrobatics+1","Masterful Stab+1"],"picked":"Blade Dance","floor":35.0},{"not_picked":["Reflex","Dash","Deadly Poison"],"picked":"SKIP","floor":40.0},{"not_picked":["Flechettes","Setup","Underhanded Strike"],"picked":"SKIP","floor":41.0},{"not_picked":["Leg Sweep","Accuracy+1"],"picked":"Grand Finale","floor":42.0},{"not_picked":["Dash","Dagger Throw","Dagger Spray"],"picked":"SKIP","floor":44.0},{"not_picked":["Predator","Prepared"],"picked":"Envenom+1","floor":55.0}],"player_experience":728906,"relics_obtained":[{"floor":7.0,"key":"Ginger"},{"floor":9.0,"key":"Frozen Egg 2"},{"floor":10.0,"key":"Ancient Tea Set"},{"floor":24.0,"key":"Calipers"},{"floor":26.0,"key":"Ninja Scroll"},{"floor":30.0,"key":"Omamori"},{"floor":40.0,"key":"Boot"},{"floor":42.0,"key":"Lantern"},{"floor":46.0,"key":"Gambling Chip"},{"floor":55.0,"key":"Unceasing Top"}],"event_choices":[{"damage_healed":0.0,"max_hp_gain":0.0,"max_hp_loss":0.0,"gold_gain":0.0,"event_name":"FaceTrader","player_choice":"Trade","floor":2.0,"gold_loss":0.0,"damage_taken":0.0,"relics_obtained":["SsserpentHead"]},{"damage_healed":0.0,"max_hp_gain":0.0,"max_hp_loss":0.0,"gold_gain":0.0,"event_name":"Living Wall","player_choice":"Grow","floor":5.0,"gold_loss":0.0,"damage_taken":0.0,"cards_upgraded":["Dash"]},{"damage_healed":0.0,"max_hp_gain":0.0,"max_hp_loss":0.0,"gold_gain":63.0,"event_name":"Golden Wing","player_choice":"Gained Gold","floor":11.0,"gold_loss":0.0,"damage_taken":0.0},{"damage_healed":0.0,"max_hp_gain":0.0,"max_hp_loss":0.0,"gold_gain":0.0,"event_name":"Match and Keep!","player_choice":"1 cards matched","floor":12.0,"gold_loss":0.0,"damage_taken":0.0,"cards_obtained":["Backflip"]},{"damage_healed":0.0,"max_hp_gain":0.0,"max_hp_loss":0.0,"gold_gain":0.0,"cards_transformed":["Strike_G","Strike_G"],"event_name":"Drug Dealer","player_choice":"Became Test Subject","floor":21.0,"gold_loss":0.0,"damage_taken":0.0,"cards_obtained":["Dash","Acrobatics"]},{"damage_healed":0.0,"max_hp_gain":0.0,"max_hp_loss":0.0,"gold_gain":0.0,"event_name":"Addict","player_choice":"Obtained Relic","floor":28.0,"gold_loss":85.0,"damage_taken":0.0,"relics_obtained":["Dream Catcher"]},{"cards_removed":["Defend_G"],"damage_healed":0.0,"max_hp_gain":0.0,"max_hp_loss":0.0,"gold_gain":0.0,"event_name":"Falling","player_choice":"Removed Skill","floor":36.0,"gold_loss":0.0,"damage_taken":0.0},{"damage_healed":0.0,"max_hp_gain":0.0,"max_hp_loss":3.0,"gold_gain":0.0,"event_name":"Winding Halls","player_choice":"Max HP","floor":37.0,"gold_loss":0.0,"damage_taken":0.0},{"damage_healed":0.0,"max_hp_gain":0.0,"max_hp_loss":0.0,"gold_gain":0.0,"event_name":"Tomb of Lord Red Mask","player_choice":"Ignored","floor":38.0,"gold_loss":0.0,"damage_taken":0.0},{"damage_healed":0.0,"max_hp_gain":0.0,"max_hp_loss":0.0,"gold_gain":0.0,"event_name":"SensoryStone","player_choice":"Memory 2","floor":39.0,"gold_loss":0.0,"damage_taken":5.0},{"damage_healed":0.0,"max_hp_gain":0.0,"max_hp_loss":0.0,"gold_gain":0.0,"event_name":"Mysterious Sphere","player_choice":"Fight","floor":41.0,"gold_loss":0.0,"damage_taken":0.0},{"damage_healed":0.0,"max_hp_gain":0.0,"max_hp_loss":0.0,"gold_gain":0.0,"event_name":"MindBloom","player_choice":"Fight","floor":46.0,"gold_loss":0.0,"damage_taken":0.0},{"damage_healed":0.0,"max_hp_gain":0.0,"max_hp_loss":0.0,"gold_gain":275.0,"event_name":"Golden Shrine","player_choice":"Desecrate","floor":48.0,"gold_loss":0.0,"damage_taken":0.0,"cards_obtained":["Regret"]}],"is_beta":true,"boss_relics":[{"not_picked":["Busted Crown","Philosopher\u0027s Stone"],"picked":"Coffee Dripper"},{"not_picked":["HoveringKite","Sozu"],"picked":"Runic Pyramid"}],"items_purged_floors":[20,27,54],"is_endless":false,"potions_floor_spawned":[7,8,16,22,30,31,40,41,42,55],"ascension_level":20}}