{"host":"i0avyit1s6jb1siw","time":1610976526,"event":{"mods":["BaseMod","DeckTracker","Dota2Spire","Highlight Path","Minty Spire (QoL Compilation)","Quick Restart","StSLib","SuperFastMode"],"gold_per_floor":[109,121,22,22,36,51,51,68,68,68,81,81,109,128,128,207,207,226,40,40,53,328,328,340,340,419,419,429,429,429,459,459,459,459],"floor_reached":33,"language":"ENG","playtime":643,"items_purged":["Strike_G","Strike_G"],"score":584,"play_id":"28946bed-e0b4-4afa-a1fa-047afa2d8ada","local_time":"20210118142846","is_ascension_mode":true,"campfire_choices":[{"data":"Flechettes","floor":7.0,"key":"SMITH"},{"data":"Tactician","floor":10.0,"key":"SMITH"},{"data":"Neutralize","floor":15,"key":"SMITH"},{"data":"Wraith Form v2","floor":23,"key":"SMITH"},{"data":"Prepared","floor":25,"key":"SMITH"},{"floor":29,"key":"REST"},{"data":"Reflex","floor":32,"key":"SMITH"}],"circlet_count":0,"master_deck":["AscendersBane","Strike_G","Strike_G","Defend_G","Defend_G","Defend_G","Defend_G","Survivor","Neutralize+1","Unload","Tactician+1","Flechettes+1","Underhanded Strike","Dagger Spray","Dash","Masterful Stab","Wraith Form v2+1","PiercingWail","Reflex+1","Prepared+1","Escape Plan","Acrobatics","Setup+1"],"relics":["Ring of the Snake","HornCleat","Dota2Spire:BattleFury","Omamori","Cursed Key","Toy Ornithopter"],"acts_visited":["Exordium","TheCity"],"potions_floor_usage":[13,16,16,31,33],"damage_taken":[{"damage":1.0,"enemies":"Cultist","floor":1.0,"turns":4.0},{"damage":7.0,"enemies":"Small Slimes","floor":2.0,"turns":3.0},{"damage":0.0,"enemies":"Jaw Worm","floor":5.0,"turns":3.0},{"damage":0.0,"enemies":"2 Fungi Beasts","floor":6.0,"turns":3.0},{"damage":0.0,"enemies":"Lots of Slimes","floor":8.0,"turns":3.0},{"damage":0.0,"enemies":"Large Slime","floor":11.0,"turns":5.0},{"damage":5,"enemies":"3 Sentries","floor":13,"turns":4},{"damage":0,"enemies":"3 Louse","floor":14,"turns":2},{"damage":13,"enemies":"Hexaghost","floor":16,"turns":8},{"damage":3,"enemies":"Shell Parasite","floor":18,"turns":5},{"damage":0,"enemies":"Spheric Guardian","floor":21,"turns":3},{"damage":4,"enemies":"Snake Plant","floor":24,"turns":4},{"damage":8,"enemies":"Chosen and Byrds","floor":28,"turns":7},{"damage":0,"enemies":"Gremlin Leader","floor":31,"turns":6},{"damage":69,"enemies":"Collector","floor":33,"turns":7}],"seed_played":"8846485963426423461","potions_obtained":[{"floor":5.0,"key":"GamblersBrew"},{"floor":8.0,"key":"Regen Potion"},{"floor":14,"key":"CultistPotion"},{"floor":28,"key":"AttackPotion"},{"floor":31,"key":"BlessingOfTheForge"}],"is_trial":false,"path_per_floor":["M","M","$","?","M","M","R","M","T","R","M","?","E","M","R","B",null,"M","$","?","M","?","R","M","R","T","?","M","R","?","E","R","B"],"character_chosen":"THE_SILENT","items_purchased":["Dagger Spray","Reflex"],"campfire_rested":1,"item_purchase_floors":[3,19],"current_hp_per_floor":[43,36,36,25,25,25,25,25,25,25,25,30,37,37,37,24,59,56,56,36,36,36,36,32,32,32,32,24,46,46,46,46,0,0],"gold":459,"neow_bonus":"TRANSFORM_TWO_CARDS","is_daily":false,"chose_seed":false,"campfire_upgraded":6,"win_rate":0.0,"timestamp":1610976526,"path_taken":["M","?","$","?","M","M","R","M","T","R","M","?","E","M","R","BOSS","M","$","?","M","?","R","?","R","T","?","M","R","?","E","R","BOSS"],"items_purchased_type":["Card","Card"],"build_version":"2020-12-22","purchased_purges":2,"victory":false,"max_hp_per_floor":[66,66,66,66,66,66,66,66,66,66,66,71,71,71,71,71,71,71,71,76,76,76,76,76,76,76,76,76,76,76,76,76,76,76],"card_choices":[{"not_picked":["Outmaneuver","Deflect"],"picked":"Flechettes","floor":1.0},{"not_picked":["Endless Agony","Catalyst"],"picked":"Underhanded Strike","floor":2.0},{"not_picked":["Backflip","Blur"],"picked":"Dash","floor":5.0},{"not_picked":["Blade Dance","Noxious Fumes"],"picked":"Masterful Stab","floor":6.0},{"not_picked":["Dagger Spray","Quick Slash","Sucker Punch"],"picked":"SKIP","floor":8.0},{"not_picked":["Slice","Catalyst","Accuracy"],"picked":"SKIP","floor":11.0},{"not_picked":["A Thousand Cuts","Skewer","Blur"],"picked":"SKIP","floor":13},{"not_picked":["Slice","Dodge and Roll","Blur"],"picked":"SKIP","floor":14},{"not_picked":["A Thousand Cuts","After Image"],"picked":"Wraith Form v2","floor":16},{"not_picked":["Slice","Finisher+1"],"picked":"PiercingWail","floor":18},{"not_picked":["Outmaneuver","Dodge and Roll","Blade Dance"],"picked":"SKIP","floor":21},{"not_picked":["Slice+1","Concentrate"],"picked":"Prepared","floor":24},{"not_picked":["Dagger Spray","Dash"],"picked":"Escape Plan","floor":28},{"not_picked":["Blade Dance","Dagger Throw"],"picked":"Setup+1","floor":31}],"player_experience":2280226,"relics_obtained":[{"floor":9.0,"key":"Dota2Spire:BattleFury"},{"floor":13,"key":"Omamori"},{"floor":31,"key":"Toy Ornithopter"}],"event_choices":[{"damage_healed":0.0,"max_hp_gain":0.0,"max_hp_loss":0.0,"gold_gain":0.0,"event_name":"Scrap Ooze","player_choice":"Success","floor":4.0,"gold_loss":0.0,"damage_taken":11.0,"relics_obtained":["HornCleat"]},{"damage_healed":0.0,"max_hp_gain":5.0,"max_hp_loss":0.0,"gold_gain":0.0,"event_name":"Big Fish","player_choice":"Donut","floor":12.0,"gold_loss":0.0,"damage_taken":0.0},{"damage_healed":0,"gold_gain":0,"player_choice":"Shed Blood","damage_taken":25,"max_hp_gain":5,"max_hp_loss":0,"event_name":"Forgotten Altar","floor":20,"gold_loss":0},{"damage_healed":0,"gold_gain":275,"player_choice":"Desecrate","damage_taken":0,"max_hp_gain":0,"max_hp_loss":0,"event_name":"Golden Shrine","floor":22,"gold_loss":0,"cards_obtained":["Regret"]},{"damage_healed":0,"gold_gain":0,"player_choice":"Ignored","damage_taken":0,"max_hp_gain":0,"max_hp_loss":0,"event_name":"The Mausoleum","floor":27,"gold_loss":0},{"damage_healed":0,"gold_gain":0,"player_choice":"Read","damage_taken":0,"max_hp_gain":0,"max_hp_loss":0,"event_name":"The Library","floor":30,"gold_loss":0,"cards_obtained":["Acrobatics"]}],"is_beta":false,"boss_relics":[{"not_picked":["Runic Dome","Coffee Dripper"],"picked":"Cursed Key"}],"items_purged_floors":[3,19],"is_endless":false,"potions_floor_spawned":[5,8,14,28,31],"killed_by":"Collector","ascension_level":20}}