{"host":"2i0myh7fqij2ti1z","time":1610979076,"event":{"mods":["Aspiration","BaseMod","Better Third Choice","Colored Powertips","Conspire","Evolution","FoggyMod","GifTheSpireLib","Highlight Path","Hubris","Minty Spire (QoL Compilation)","Permanent Neow","Quick Restart","Random Character Button","Random Character Mod","Replay The Spire","Shop Mod","Spicy Shops","StSLib","Stuff the Spire","Transform Curses","Wandering Minibosses","vexMod","óô»ðÖ¸ÄÏ"],"gold_per_floor":[117,128,53,3,36,36,70,70,122,6,6,41,61,88,88,183,183,200,46,46,46,46,46,74,74,74,105,105,105,105,140,140,239,239,239],"floor_reached":34,"language":"ENG","playtime":1814,"items_purged":["Defend_R"],"score":532,"play_id":"d32d4f89-1e8f-4d8f-a28d-d3dc945572f5","local_time":"20210118221116","is_ascension_mode":true,"campfire_choices":[{"data":"Headbutt","floor":6.0,"key":"SMITH"},{"data":"Bash","floor":8.0,"key":"SMITH"},{"data":"Double Tap","floor":15.0,"key":"SMITH"},{"data":"J.A.X.","floor":23,"key":"SMITH"},{"data":"Offering","floor":25,"key":"SMITH"},{"data":"ReplayTheSpireMod:Muscle Training","floor":28,"key":"SMITH"},{"data":"Reaper","floor":32,"key":"SMITH"}],"circlet_count":0,"master_deck":["Headbutt+1","Strike_R","Strike_R","Strike_R","Strike_R","Defend_R","Defend_R+1","Bash+1","ReplayTheSpireMod:Muscle Training+1","Combust+1","Double Tap+1","Reaper+1","Cleave+1","Offering+1","J.A.X.+1","StuffTheSpire:DeathNote","Demonic Infusion"],"relics":["EVO:Axolotl","aspiration:Nostalgia","Sizzling Blood","vexMod:RedPlottingStone","wanderingMiniBosses:ThiefScarf","Burning Blood","StuffTheSpire:Experiment12","Replay:Baseball","hubris:TenFootPole","Dream Catcher","vexMod:MegatonBomb","StuffTheSpire:Wildfire","hubris:DeckOfHolding","Eternal Feather","Onion Ring","conspire:InfiniteJournal","hubris:Backtick","StuffTheSpire:Gunfinga"],"acts_visited":["Exordium","TheCity"],"potions_floor_usage":[24],"damage_taken":[{"damage":1.0,"enemies":"Cultist","floor":1.0,"turns":3.0},{"damage":8.0,"enemies":"Jaw Worm","floor":2.0,"turns":4.0},{"damage":35.0,"enemies":"conspire:MimicChest","floor":5.0,"turns":7.0},{"damage":20.0,"enemies":"Replay:BlueRogue","floor":7.0,"turns":5.0},{"damage":16.0,"enemies":"Gremlin Nob","floor":12.0,"turns":3.0},{"damage":1.0,"enemies":"Small Slimes","floor":13.0,"turns":2.0},{"damage":6.0,"enemies":"3 Sentries","floor":14.0,"turns":3.0},{"damage":22.0,"enemies":"Hexaghost","floor":16.0,"turns":5.0},{"damage":0,"enemies":"conspire:FuzzyDice","floor":18,"turns":1},{"damage":48,"enemies":"conspire:SneckoGhost","floor":24,"turns":4},{"damage":41,"enemies":"Book of Stabbing","floor":27,"turns":3},{"damage":10,"enemies":"Gremlin Leader","floor":31,"turns":4},{"damage":52,"enemies":"Automaton","floor":33,"turns":5}],"seed_played":"4790826412178160843","potions_obtained":[{"floor":2.0,"key":"Fire Potion"},{"floor":7.0,"key":"Strength Potion"},{"floor":13.0,"key":"Adrenaline Potion"},{"floor":16.0,"key":"Fire Potion"},{"floor":27,"key":"FearPotion"},{"floor":31,"key":"Energy Potion"}],"is_trial":false,"path_per_floor":["M","M","$","?","?","R","E","R","T","$","?","E","M","E","R","B",null,"M","$","?","$","?","R","E","R","T","E","R","?","?","E","R","B",null],"character_chosen":"IRONCLAD","items_purchased":["Combust+1","Offering"],"campfire_rested":0,"item_purchase_floors":[10,19],"current_hp_per_floor":[84,84,84,84,53,53,43,43,43,43,43,42,51,55,55,43,84,84,84,84,84,84,84,82,82,82,51,60,55,46,46,55,57,57,57],"gold":239,"neow_bonus":"NOSTALGIA","is_daily":false,"chose_seed":false,"campfire_upgraded":7,"win_rate":0.0,"timestamp":1610979076,"path_taken":["M","?","$","?","?","R","E","R","T","?","?","E","?","E","R","BOSS","M","$","?","$","?","R","E","R","T","E","R","?","?","E","R","BOSS"],"items_purchased_type":["Card","Card"],"build_version":"2020-12-22","purchased_purges":1,"victory":false,"max_hp_per_floor":[84,84,84,84,84,84,84,84,84,84,84,84,84,84,84,84,84,84,84,84,84,84,84,84,84,84,84,84,89,89,89,89,89,89,89],"card_choices":[{"not_picked":["Pommel Strike","conspire:Charge","Ghostly Armor"],"picked":"SKIP","floor":1.0},{"not_picked":["Run Through","Perfected Strike","StuffTheSpire:Incineration"],"picked":"SKIP","floor":2.0},{"not_picked":["StuffTheSpire:RagingBull","Uppercut"],"picked":"ReplayTheSpireMod:Muscle Training","floor":7.0},{"not_picked":["Hemokinesis","Warcry"],"picked":"Double Tap","floor":12.0},{"not_picked":["Cleave","ReplayTheSpireMod:Strike From Hell","Sever Soul"],"picked":"SKIP","floor":13.0},{"not_picked":["Wild Strike","Second Wind","Warcry"],"picked":"SKIP","floor":14.0},{"not_picked":["Limit Break","Impervious"],"picked":"Reaper","floor":16.0},{"not_picked":["StuffTheSpire:Pyroclast","Warcry"],"picked":"Cleave+1","floor":18},{"not_picked":["hubris:SharpeningStone","Anger","Pommel Strike"],"picked":"SKIP","floor":24},{"not_picked":["Intimidate","Anger","Flame Barrier"],"picked":"SKIP","floor":27},{"not_picked":["StuffTheSpire:Pyroclast","Pummel","Clothesline"],"picked":"SKIP","floor":31},{"not_picked":["Double Tap","Impervious"],"picked":"Demonic Infusion","floor":33}],"player_experience":246000,"relics_obtained":[{"floor":5.0,"key":"vexMod:RedPlottingStone"},{"floor":5.0,"key":"wanderingMiniBosses:ThiefScarf"},{"floor":5.0,"key":"Burning Blood"},{"floor":7.0,"key":"StuffTheSpire:Experiment12"},{"floor":9.0,"key":"Replay:Baseball"},{"floor":12.0,"key":"hubris:TenFootPole"},{"floor":14.0,"key":"Dream Catcher"},{"floor":24,"key":"StuffTheSpire:Wildfire"},{"floor":26,"key":"hubris:DeckOfHolding"},{"floor":27,"key":"Eternal Feather"},{"floor":31,"key":"Onion Ring"}],"event_choices":[{"cards_removed":["Defend_R"],"damage_healed":0.0,"max_hp_gain":0.0,"max_hp_loss":0.0,"gold_gain":0.0,"event_name":"The Cleric","player_choice":"Card Removal","floor":4.0,"gold_loss":50.0,"damage_taken":0.0},{"damage_healed":0,"gold_gain":0,"player_choice":"Ignored","damage_taken":0,"max_hp_gain":0,"max_hp_loss":0,"event_name":"Ghosts","floor":20,"gold_loss":0},{"damage_healed":0,"gold_gain":0,"player_choice":"Obtain J.A.X.","damage_taken":0,"max_hp_gain":0,"max_hp_loss":0,"event_name":"Drug Dealer","floor":22,"gold_loss":0,"cards_obtained":["J.A.X."]},{"damage_healed":0,"gold_gain":0,"player_choice":"Shed Blood","damage_taken":21,"max_hp_gain":5,"max_hp_loss":0,"event_name":"Forgotten Altar","floor":29,"gold_loss":0}],"is_beta":false,"boss_relics":[{"not_picked":["Replay:Drink Me","hubris:Stopwatch"],"picked":"vexMod:MegatonBomb"},{"not_picked":["hubris:RunicObelisk","Fusion Hammer"],"picked":"hubris:Backtick"}],"items_purged_floors":[3],"is_endless":false,"potions_floor_spawned":[2,7,13,16,27,31],"ascension_level":4}}