{"host":"ypphcgdomtfqpc2w","time":1610973956,"event":{"mods":["BaseMod","DeckTracker","Minty Spire (QoL Compilation)","Relic Stats","StSLib"],"gold_per_floor":[109,126,141,66,116,116,146,146,173,191,203,233,260,270,270,347,347,363,380,380,393,68,68,93,93,117,44,56,100,112,124,136,225,237,264,276,10,25,43,76,76,103,126,156,156,156,156,191,191,191,191,191],"floor_reached":51,"language":"ENG","playtime":3522,"items_purged":["Strike_R"],"score":1537,"play_id":"96974437-ada1-41de-9ce5-89f8af09eb9d","local_time":"20210118214556","is_ascension_mode":true,"campfire_choices":[{"data":"Whirlwind","floor":6.0,"key":"SMITH"},{"data":"Bash","floor":8.0,"key":"SMITH"},{"data":"Inflame","floor":15.0,"key":"SMITH"},{"floor":23.0,"key":"REST"},{"floor":25.0,"key":"REST"},{"data":"Exhume","floor":28.0,"key":"SMITH"},{"data":"RitualDagger","floor":30.0,"key":"SMITH"},{"data":"Impervious","floor":32.0,"key":"SMITH"},{"data":"Corruption","floor":41,"key":"SMITH"},{"data":"Iron Wave","floor":46,"key":"SMITH"},{"floor":49,"key":"RECALL"}],"circlet_count":0,"master_deck":["AscendersBane","Strike_R","Strike_R","Strike_R","Defend_R","Defend_R+1","Defend_R","Inflame+1","Twin Strike","Whirlwind+1","Spot Weakness","Ghostly Armor","Sword Boomerang","Impervious+1","Exhume+1","Shrug It Off","Twin Strike","RitualDagger+1","Feed","Ghostly Armor","Corruption+1","Entrench","Reaper","True Grit+1","Iron Wave+1","Shrug It Off+1","Shockwave"],"relics":["Burning Blood","Regal Pillow","Akabeko","Odd Mushroom","Anchor","Black Star","Gremlin Horn","Du-Vu Doll","Dream Catcher","MawBank","Calipers","Boot","Mercury Hourglass","Runic Pyramid","Meat on the Bone","Shuriken","Juzu Bracelet","CeramicFish","Strawberry","War Paint","Omamori","Nunchaku"],"acts_visited":["Exordium","TheCity","TheBeyond"],"potions_floor_usage":[51],"damage_taken":[{"damage":6.0,"enemies":"2 Louse","floor":1.0,"turns":3.0},{"damage":6.0,"enemies":"Cultist","floor":2.0,"turns":3.0},{"damage":0.0,"enemies":"Small Slimes","floor":3.0,"turns":2.0},{"damage":2.0,"enemies":"3 Sentries","floor":7.0,"turns":2.0},{"damage":9.0,"enemies":"3 Louse","floor":10.0,"turns":2.0},{"damage":0.0,"enemies":"Exordium Wildlife","floor":11.0,"turns":1.0},{"damage":0.0,"enemies":"The Mushroom Lair","floor":12.0,"turns":1.0},{"damage":15.0,"enemies":"Lagavulin","floor":13.0,"turns":4.0},{"damage":0.0,"enemies":"Looter","floor":14.0,"turns":2.0},{"damage":47.0,"enemies":"The Guardian","floor":16.0,"turns":7.0},{"damage":2.0,"enemies":"2 Thieves","floor":18.0,"turns":3.0},{"damage":38.0,"enemies":"3 Byrds","floor":19.0,"turns":7.0},{"damage":7.0,"enemies":"Centurion and Healer","floor":21.0,"turns":7.0},{"damage":64.0,"enemies":"Book of Stabbing","floor":24.0,"turns":6.0},{"damage":0.0,"enemies":"Gremlin Leader","floor":29.0,"turns":4.0},{"damage":50.0,"enemies":"Champ","floor":33.0,"turns":12.0},{"damage":14.0,"enemies":"3 Shapes","floor":35.0,"turns":7.0},{"damage":8.0,"enemies":"3 Darklings","floor":38.0,"turns":6.0},{"damage":15,"enemies":"4 Shapes","floor":39,"turns":7},{"damage":7,"enemies":"Nemesis","floor":40,"turns":7},{"damage":60,"enemies":"Writhing Mass","floor":42,"turns":10},{"damage":3,"enemies":"Reptomancer","floor":44,"turns":5},{"damage":5,"enemies":"Nemesis","floor":48,"turns":7},{"damage":88,"enemies":"Donu and Deca","floor":50,"turns":10},{"damage":74,"enemies":"Awakened One","floor":51,"turns":12}],"seed_played":"-5943092949075805828","potions_obtained":[{"floor":1.0,"key":"Energy Potion"},{"floor":3.0,"key":"BlessingOfTheForge"},{"floor":10.0,"key":"Strength Potion"},{"floor":12.0,"key":"Strength Potion"},{"floor":14.0,"key":"Explosive Potion"},{"floor":19.0,"key":"Weak Potion"},{"floor":29.0,"key":"Fire Potion"},{"floor":33.0,"key":"Block Potion"},{"floor":38.0,"key":"Ancient Potion"},{"floor":40,"key":"Block Potion"}],"is_trial":false,"path_per_floor":["M","M","M","$","?","R","E","R","T","M","M","?","E","M","R","B",null,"M","M","?","M","$","R","E","R","T","?","R","E","R","?","R","B",null,"M","?","$","M","M","E","R","M","T","E","?","R","?","E","R","B","B"],"character_chosen":"IRONCLAD","items_purchased":["BloodPotion","Gremlin Horn","Shuriken"],"campfire_rested":2,"item_purchase_floors":[22,22,37],"current_hp_per_floor":[68,68,68,68,62,62,66,66,66,63,68,68,59,65,65,24,57,61,29,23,22,22,57,12,47,47,47,47,53,53,53,53,9,53,62,62,62,77,83,83,83,50,50,93,90,90,90,93,93,45,0,0],"gold":191,"neow_bonus":"REMOVE_TWO","is_daily":false,"chose_seed":false,"campfire_upgraded":8,"win_rate":0.0,"timestamp":1610973956,"path_taken":["M","M","M","$","?","R","E","R","T","M","?","?","E","M","R","BOSS","M","M","?","M","$","R","E","R","T","?","R","E","R","?","R","BOSS","M","?","?","M","M","E","R","M","T","E","?","R","?","E","R","BOSS","BOSS"],"items_purchased_type":["Potion","Relic","Relic"],"build_version":"2020-12-22","purchased_purges":1,"victory":false,"max_hp_per_floor":[68,68,68,68,68,68,68,68,68,68,68,68,68,68,68,68,68,68,68,68,68,68,68,68,68,68,68,68,68,68,68,68,68,68,74,74,74,77,83,83,83,83,83,93,90,90,90,93,93,96,96,96],"relic_stats":{"Regal Pillow":30,"Gremlin Horn":[25,26],"counters":[25,137],"CeramicFish":18,"Juzu Bracelet":1,"War Paint":["Shrug It Off","Defend_R"],"MawBank":132,"Boot":[42],"Burning Blood":109,"Mercury Hourglass":[273],"Dream Catcher":1,"Nunchaku":[5],"Shuriken":[23],"Black Star":5,"obtain_stats":[{"Regal Pillow":7,"Calipers":27,"Gremlin Horn":22,"CeramicFish":40,"Juzu Bracelet":40,"Omamori":48,"Odd Mushroom":12,"War Paint":44,"MawBank":26,"Boot":29,"Burning Blood":0,"Akabeko":9,"Mercury Hourglass":29,"Du-Vu Doll":24,"Anchor":13,"Dream Catcher":24,"Nunchaku":48,"Shuriken":37,"Strawberry":44,"Black Star":17,"Runic Pyramid":34,"Meat on the Bone":36},{"Regal Pillow":4,"Calipers":14,"Gremlin Horn":13,"CeramicFish":20,"Juzu Bracelet":20,"Omamori":23,"Odd Mushroom":7,"War Paint":22,"MawBank":14,"Boot":15,"Burning Blood":0,"Akabeko":4,"Mercury Hourglass":15,"Du-Vu Doll":14,"Anchor":8,"Dream Catcher":14,"Nunchaku":23,"Shuriken":17,"Strawberry":22,"Black Star":10,"Runic Pyramid":16,"Meat on the Bone":17},{"Regal Pillow":10,"Calipers":50,"Gremlin Horn":44,"CeramicFish":93,"Juzu Bracelet":93,"Omamori":115,"Odd Mushroom":14,"War Paint":108,"MawBank":50,"Boot":54,"Burning Blood":0,"Akabeko":10,"Mercury Hourglass":54,"Du-Vu Doll":50,"Anchor":18,"Dream Catcher":50,"Nunchaku":115,"Shuriken":73,"Strawberry":108,"Black Star":27,"Runic Pyramid":66,"Meat on the Bone":73}],"Meat on the Bone":12},"card_choices":[{"not_picked":["Infernal Blade","Disarm"],"picked":"Inflame","floor":1.0},{"not_picked":["True Grit","Power Through"],"picked":"Twin Strike","floor":2.0},{"not_picked":["Armaments","Flex"],"picked":"Whirlwind","floor":3.0},{"not_picked":["Flex","Perfected Strike"],"picked":"Spot Weakness","floor":7.0},{"not_picked":["Entrench","Carnage","Sever Soul"],"picked":"SKIP","floor":10.0},{"not_picked":["Pommel Strike","Thunderclap"],"picked":"Ghostly Armor","floor":11.0},{"not_picked":["Warcry","Searing Blow"],"picked":"Sword Boomerang","floor":13.0},{"not_picked":["Rage","Pommel Strike"],"picked":"Impervious","floor":14.0},{"not_picked":["Fiend Fire","Berserk"],"picked":"Exhume","floor":16.0},{"not_picked":["Clothesline","Flame Barrier"],"picked":"Shrug It Off","floor":18.0},{"not_picked":["True Grit","Perfected Strike"],"picked":"Twin Strike","floor":19.0},{"not_picked":["Twin Strike","Armaments"],"picked":"Feed","floor":21.0},{"not_picked":["Reckless Charge+1","Perfected Strike"],"picked":"Ghostly Armor","floor":24.0},{"not_picked":["Exhume","Intimidate"],"picked":"Corruption","floor":29.0},{"not_picked":["Immolate","Fiend Fire"],"picked":"Reaper","floor":33.0},{"not_picked":["Rampage","Body Slam"],"picked":"True Grit+1","floor":35.0},{"not_picked":["Havoc","Combust+1"],"picked":"Iron Wave","floor":38.0},{"not_picked":["Cleave","Hemokinesis"],"picked":"Shrug It Off","floor":39},{"not_picked":["Fire Breathing","Clash+1","Anger"],"picked":"SKIP","floor":40},{"not_picked":["Immolate","Clash+1","Perfected Strike"],"picked":"SKIP","floor":42},{"not_picked":["Rampage","Pummel","Whirlwind"],"picked":"SKIP","floor":44},{"not_picked":["Rampage","Pummel","Whirlwind"],"picked":"SKIP","floor":44},{"not_picked":["Second Wind","Cleave"],"picked":"Shockwave","floor":48}],"player_experience":2043550,"relics_obtained":[{"floor":7.0,"key":"Regal Pillow"},{"floor":9.0,"key":"Akabeko"},{"floor":12.0,"key":"Odd Mushroom"},{"floor":13.0,"key":"Anchor"},{"floor":24.0,"key":"Du-Vu Doll"},{"floor":24.0,"key":"Dream Catcher"},{"floor":26.0,"key":"MawBank"},{"floor":29.0,"key":"Boot"},{"floor":29.0,"key":"Mercury Hourglass"},{"floor":40,"key":"Juzu Bracelet"},{"floor":40,"key":"CeramicFish"},{"floor":44,"key":"Strawberry"},{"floor":44,"key":"War Paint"},{"floor":48,"key":"Omamori"},{"floor":48,"key":"Nunchaku"}],"event_choices":[{"damage_healed":0.0,"max_hp_gain":0.0,"max_hp_loss":0.0,"gold_gain":50.0,"event_name":"FaceTrader","player_choice":"Touch","floor":5.0,"gold_loss":0.0,"damage_taken":6.0},{"damage_healed":0.0,"max_hp_gain":0.0,"max_hp_loss":0.0,"gold_gain":0.0,"event_name":"Mushrooms","player_choice":"Fought Mushrooms","floor":12.0,"gold_loss":0.0,"damage_taken":0.0},{"damage_healed":0.0,"max_hp_gain":0.0,"max_hp_loss":0.0,"gold_gain":0.0,"event_name":"Nest","player_choice":"Joined the Cult","floor":20.0,"gold_loss":0.0,"damage_taken":6.0,"cards_obtained":["RitualDagger"]},{"damage_healed":0.0,"max_hp_gain":0.0,"max_hp_loss":0.0,"gold_gain":0.0,"event_name":"Addict","player_choice":"Obtained Relic","floor":27.0,"gold_loss":85.0,"damage_taken":0.0,"relics_obtained":["Calipers"]},{"damage_healed":0.0,"max_hp_gain":0.0,"max_hp_loss":0.0,"gold_gain":0.0,"event_name":"The Library","player_choice":"Read","floor":31.0,"gold_loss":0.0,"damage_taken":0.0,"cards_obtained":["Entrench"]},{"damage_healed":0.0,"max_hp_gain":0.0,"max_hp_loss":0.0,"gold_gain":0.0,"event_name":"WeMeetAgain","player_choice":"Gave Potion","floor":36.0,"gold_loss":0.0,"damage_taken":0.0,"relics_obtained":["Meat on the Bone"]},{"cards_removed":["Parasite"],"damage_healed":0,"gold_gain":0,"player_choice":"Removed Curses","damage_taken":0,"max_hp_gain":0,"max_hp_loss":0,"event_name":"Fountain of Cleansing","floor":45,"gold_loss":0},{"cards_removed":["Bash"],"damage_healed":0,"gold_gain":0,"player_choice":"Removed Attack","damage_taken":0,"max_hp_gain":0,"max_hp_loss":0,"event_name":"Falling","floor":47,"gold_loss":0}],"is_beta":false,"boss_relics":[{"not_picked":["Cursed Key","Empty Cage"],"picked":"Black Star"},{"not_picked":["Sozu","SlaversCollar"],"picked":"Runic Pyramid"}],"items_purged_floors":[4],"is_endless":false,"potions_floor_spawned":[1,3,10,12,14,19,29,33,38,40,48],"killed_by":"Awakened One","ascension_level":20}}