{"host":"1iwkvlftzq7l25pj","time":1610930960,"event":{"mods":["AchievementEnabler","BaseMod","Colored Map","Colored Powertips","Minty Spire (QoL Compilation)","StSLib"],"gold_per_floor":[114,129,144,159,174,204,204,234,234,264,154,169,169,184,184,284,284,299,224,74,89,89,119,144,174,199,229,229,81,111,141,141,241,241,256,86,136,136,136,166,181,181,181,181,181,181,211,225,225,225],"floor_reached":51,"language":"ENG","playtime":2538,"items_purged":[],"score":832,"play_id":"c6355655-c1e4-4589-9aa0-cb57f377ef7f","local_time":"20210117194920","daily_mods":["Draft","Flight","Lethality"],"is_ascension_mode":false,"campfire_choices":[{"data":"True Grit","floor":7,"key":"SMITH"},{"data":"Feel No Pain","floor":13,"key":"SMITH"},{"data":"Armaments","floor":15,"key":"SMITH"},{"floor":28,"key":"REST"},{"data":"Evolve","floor":32,"key":"SMITH"},{"data":"Burning Pact","floor":42,"key":"SMITH"},{"data":"Battle Trance","floor":44,"key":"SMITH"},{"data":"Rupture","floor":46,"key":"SMITH"},{"data":"Offering","floor":49,"key":"SMITH"}],"circlet_count":0,"master_deck":["True Grit+1","Feel No Pain","Anger+1","Hemokinesis","Sentinel","Wild Strike","Cleave","Thunderclap","Armaments+1","Feel No Pain+1","Clothesline","Anger","Armaments","Shrug It Off","Evolve+1","Pommel Strike","Disarm","Reaper+1","Battle Trance+1","Rupture","Burning Pact+1","Offering+1","Fire Breathing","Reaper","Combust+1","Burning Pact+1","Rupture+1","Spot Weakness","Bloodletting","Limit Break+1","Pommel Strike+1","Wild Strike","Shrug It Off","Feel No Pain","Burning Pact+1","Whirlwind+1"],"relics":["Burning Blood","Juzu Bracelet","Tiny Chest","Boot","Bird Faced Urn","Mark of Pain","DollysMirror","Omamori","Pocketwatch","Happy Flower","Lantern","PreservedInsect","Darkstone Periapt","Red Skull","Whetstone","Coffee Dripper","Mango","HornCleat","Eternal Feather","Sundial","Kunai","Gambling Chip"],"acts_visited":["Exordium","TheCity","TheBeyond"],"potions_floor_usage":[23,37],"damage_taken":[{"damage":2,"enemies":"Cultist","floor":1,"turns":2},{"damage":0,"enemies":"2 Louse","floor":2,"turns":2},{"damage":0,"enemies":"Small Slimes","floor":3,"turns":2},{"damage":2,"enemies":"Blue Slaver","floor":4,"turns":2},{"damage":6,"enemies":"Looter","floor":5,"turns":2},{"damage":5,"enemies":"Lagavulin","floor":6,"turns":4},{"damage":11,"enemies":"Gremlin Nob","floor":8,"turns":3},{"damage":10,"enemies":"3 Louse","floor":12,"turns":3},{"damage":7,"enemies":"Gremlin Gang","floor":14,"turns":3},{"damage":27,"enemies":"Slime Boss","floor":16,"turns":8},{"damage":27,"enemies":"2 Thieves","floor":18,"turns":3},{"damage":19,"enemies":"Shell Parasite","floor":21,"turns":5},{"damage":52,"enemies":"Book of Stabbing","floor":23,"turns":5},{"damage":59,"enemies":"Slavers","floor":25,"turns":5},{"damage":19,"enemies":"Book of Stabbing","floor":27,"turns":4},{"damage":50,"enemies":"Gremlin Leader","floor":30,"turns":6},{"damage":25,"enemies":"Book of Stabbing","floor":31,"turns":4},{"damage":45,"enemies":"Champ","floor":33,"turns":8},{"damage":21,"enemies":"3 Shapes","floor":35,"turns":2},{"damage":56,"enemies":"Mind Bloom Boss Battle","floor":37,"turns":5},{"damage":41,"enemies":"Nemesis","floor":40,"turns":5},{"damage":11,"enemies":"3 Darklings","floor":41,"turns":3},{"damage":28,"enemies":"Giant Head","floor":47,"turns":5},{"damage":30,"enemies":"2 Orb Walkers","floor":48,"turns":3},{"damage":94,"enemies":"Awakened One","floor":50,"turns":8}],"seed_played":"-1283480827410872575","potions_obtained":[{"floor":1,"key":"Energy Potion"},{"floor":4,"key":"LiquidBronze"},{"floor":5,"key":"HeartOfIron"},{"floor":23,"key":"Explosive Potion"},{"floor":37,"key":"PowerPotion"},{"floor":47,"key":"Fire Potion"}],"is_trial":false,"path_per_floor":["M","M","M","M","M","E","R","E","T","?","$","M","R","M","R","B",null,"M","?","$","M","?","E","T","E","T","E","R","$","E","E","R","B",null,"M","$","?","?","T","E","M","R","T","R","?","R","E","?","R","B",null],"character_chosen":"IRONCLAD","items_purchased":["Battle Trance","Rupture","DollysMirror","Burning Pact","Rupture","Wild Strike","Shrug It Off","Feel No Pain"],"campfire_rested":1,"item_purchase_floors":[11,11,20,29,29,36,36,36],"current_hp_per_floor":[80,80,80,80,80,80,80,75,75,75,75,80,80,80,80,63,80,72,72,72,80,80,55,55,39,39,36,60,60,68,70,70,60,80,80,80,94,94,94,94,94,94,94,94,94,94,94,76,94,94],"gold":225,"neow_bonus":"","is_daily":true,"chose_seed":false,"campfire_upgraded":8,"win_rate":0.0,"timestamp":1610930960,"path_taken":["M","M","M","M","M","E","R","E","T","?","$","M","R","M","R","BOSS","M","?","$","M","?","E","?","E","T","E","R","?","E","E","R","BOSS","M","$","?","?","?","E","M","R","T","R","?","R","E","?","R","BOSS"],"items_purchased_type":["Card","Card","Relic","Card","Card","Card","Card","Card"],"build_version":"2020-12-22","purchased_purges":0,"victory":true,"max_hp_per_floor":[80,80,80,80,80,80,80,80,80,80,80,80,80,80,80,80,80,80,80,80,80,80,80,80,80,80,80,80,80,80,80,80,80,80,80,80,94,94,94,94,94,94,94,94,94,94,94,94,94,94],"card_choices":[{"not_picked":["Second Wind","Rampage"],"picked":"True Grit","floor":0},{"not_picked":["Cleave","Metallicize"],"picked":"Feel No Pain","floor":0},{"not_picked":["Flex","Hemokinesis"],"picked":"Anger","floor":0},{"not_picked":["Twin Strike","Clash"],"picked":"Armaments","floor":0},{"not_picked":["Sword Boomerang","Armaments"],"picked":"Hemokinesis","floor":0},{"not_picked":["Cleave","Inflame"],"picked":"Sentinel","floor":0},{"not_picked":["Iron Wave","Entrench"],"picked":"Wild Strike","floor":0},{"not_picked":["True Grit","Heavy Blade"],"picked":"Cleave","floor":0},{"not_picked":["Dual Wield","Cleave"],"picked":"Thunderclap","floor":0},{"not_picked":["Dropkick","Flex"],"picked":"Armaments","floor":0},{"not_picked":["True Grit","Anger"],"picked":"Feel No Pain","floor":0},{"not_picked":["Sentinel","Anger"],"picked":"Clothesline","floor":0},{"not_picked":["Armaments","True Grit"],"picked":"Anger","floor":0},{"not_picked":["Wild Strike","Flex"],"picked":"Armaments","floor":0},{"not_picked":["Warcry","Bloodletting"],"picked":"Shrug It Off","floor":0},{"not_picked":["Body Slam","True Grit","Cleave"],"picked":"SKIP","floor":1},{"not_picked":["Flex","Anger","Wild Strike"],"picked":"SKIP","floor":2},{"not_picked":["Seeing Red","Pommel Strike"],"picked":"Evolve","floor":3},{"not_picked":["Searing Blow","Shrug It Off"],"picked":"Pommel Strike","floor":4},{"not_picked":["Combust","Barricade","Heavy Blade"],"picked":"SKIP","floor":5},{"not_picked":["Twin Strike","Thunderclap"],"picked":"Disarm","floor":6},{"not_picked":["Armaments","Dual Wield"],"picked":"Reaper","floor":8},{"not_picked":["Searing Blow","Warcry","Clash"],"picked":"SKIP","floor":12},{"not_picked":["Cleave","Headbutt"],"picked":"Burning Pact","floor":14},{"not_picked":["Double Tap","Corruption"],"picked":"Offering","floor":16},{"not_picked":["Iron Wave","Clash"],"picked":"Fire Breathing","floor":18},{"not_picked":["Sword Boomerang","Disarm","Anger"],"picked":"SKIP","floor":21},{"not_picked":["Intimidate","Cleave+1","Perfected Strike"],"picked":"SKIP","floor":23},{"not_picked":["Ghostly Armor","Clash"],"picked":"Combust+1","floor":25},{"not_picked":["Shrug It Off","Hemokinesis","Armaments+1"],"picked":"SKIP","floor":27},{"not_picked":["Limit Break","Sword Boomerang"],"picked":"Spot Weakness","floor":30},{"not_picked":["Seeing Red","Clash"],"picked":"Bloodletting","floor":31},{"not_picked":["Exhume","Juggernaut"],"picked":"Limit Break","floor":33},{"not_picked":["Clash","Sword Boomerang+1"],"picked":"Pommel Strike+1","floor":35},{"not_picked":["Clothesline","Infernal Blade"],"picked":"Burning Pact+1","floor":40},{"not_picked":["Thunderclap","Armaments+1","Perfected Strike+1"],"picked":"SKIP","floor":41},{"not_picked":["Juggernaut","Power Through"],"picked":"Whirlwind+1","floor":47}],"player_experience":230339,"relics_obtained":[{"floor":6,"key":"Juzu Bracelet"},{"floor":8,"key":"Tiny Chest"},{"floor":9,"key":"Boot"},{"floor":23,"key":"Pocketwatch"},{"floor":24,"key":"Happy Flower"},{"floor":25,"key":"Lantern"},{"floor":26,"key":"PreservedInsect"},{"floor":27,"key":"Darkstone Periapt"},{"floor":30,"key":"Red Skull"},{"floor":31,"key":"Whetstone"},{"floor":37,"key":"Mango"},{"floor":39,"key":"HornCleat"},{"floor":40,"key":"Eternal Feather"},{"floor":43,"key":"Sundial"},{"floor":47,"key":"Kunai"},{"floor":48,"key":"Gambling Chip"}],"event_choices":[{"damage_healed":0,"gold_gain":30,"player_choice":"Searched \u00273\u0027 times","damage_taken":0,"relics_obtained":["Bird Faced Urn"],"max_hp_gain":0,"max_hp_loss":0,"event_name":"Dead Adventurer","floor":10,"gold_loss":0},{"cards_removed":["Armaments"],"damage_healed":0,"gold_gain":0,"player_choice":"Gave Gold","damage_taken":0,"max_hp_gain":0,"max_hp_loss":0,"event_name":"Beggar","floor":19,"gold_loss":75},{"damage_healed":0,"gold_gain":0,"player_choice":"Opened","damage_taken":0,"relics_obtained":["Omamori"],"max_hp_gain":0,"max_hp_loss":0,"event_name":"The Mausoleum","floor":22,"gold_loss":0},{"damage_healed":0,"gold_gain":0,"player_choice":"Fight","damage_taken":0,"max_hp_gain":0,"max_hp_loss":0,"event_name":"MindBloom","floor":37,"gold_loss":0},{"damage_healed":0,"gold_gain":0,"player_choice":"Upgraded","damage_taken":0,"max_hp_gain":0,"max_hp_loss":0,"event_name":"Upgrade Shrine","floor":38,"gold_loss":0,"cards_upgraded":["Burning Pact"]},{"damage_healed":0,"gold_gain":0,"player_choice":"Forge","damage_taken":0,"max_hp_gain":0,"max_hp_loss":0,"event_name":"Accursed Blacksmith","floor":45,"gold_loss":0,"cards_upgraded":["Limit Break"]},{"damage_healed":0,"gold_gain":0,"player_choice":"Fight","damage_taken":0,"max_hp_gain":0,"max_hp_loss":0,"event_name":"Mysterious Sphere","floor":48,"gold_loss":0}],"is_beta":false,"boss_relics":[{"not_picked":["Runic Dome","Sozu"],"picked":"Mark of Pain"},{"not_picked":["Astrolabe","Velvet Choker"],"picked":"Coffee Dripper"}],"items_purged_floors":[],"is_endless":false,"potions_floor_spawned":[1,4,5,8,14,18,23,37,47],"ascension_level":0}}