{"host":"s41rn2jhghpwfrvz","time":1610952528,"event":{"mods":["BaseMod","Minty Spire (QoL Compilation)","Quick Restart","Relic Stats","SuperFastMode"],"gold_per_floor":[118,43,60,78,78,111,131,159,159,188,51,69,85,117,117,194,194,209,221,221,232,245,271,284,317,317,343,67,67,86,121,121,195,195,211,1210,1210,1229,1244,1278,1289,1289,1312,1312,960,960,979,1012,1012,1012,1012,1012,1012,55,88,88],"floor_reached":57,"language":"ENG","playtime":1318,"items_purged":["Turbo","PiercingWail"],"score":3873,"play_id":"6acad564-028c-4234-bbab-c6a64b5db89e","local_time":"20210118084848","daily_mods":["SealedDeck","Diverse","DeadlyEvents"],"is_ascension_mode":true,"campfire_choices":[{"data":"Body Slam","floor":15,"key":"SMITH"},{"data":"Offering","floor":32,"key":"SMITH"},{"data":"Prostrate","floor":42,"key":"SMITH"},{"data":"Backflip","floor":44,"key":"SMITH"},{"floor":46,"key":"RECALL"},{"data":"Backflip","floor":49,"key":"SMITH"},{"data":"Expertise","floor":53,"key":"SMITH"}],"circlet_count":0,"master_deck":["AscendersBane","Backflip+1","Burning Pact","Backflip+1","Prostrate","Prostrate+1","Expertise+1","Genetic Algorithm","Body Slam+1","Offering+1","Evolve"],"relics":["Burning Blood","The Courier","Pen Nib","Self Forming Clay","Shovel","Gambling Chip","Calling Bell","Omamori","Pantograph","Mango","Ancient Tea Set","Mercury Hourglass","Molten Egg 2","Sundial","MutagenicStrength","Peace Pipe","Runic Cube","Darkstone Periapt","Oddly Smooth Stone","Bottled Lightning","Meat on the Bone","ClockworkSouvenir","Anchor","Letter Opener","Kunai","HornCleat","Bronze Scales"],"acts_visited":["Exordium","TheCity","TheBeyond","TheEnding"],"potions_floor_usage":[10,19,56,56],"damage_taken":[{"damage":0,"enemies":"Small Slimes","floor":1,"turns":3},{"damage":0,"enemies":"2 Louse","floor":3,"turns":2},{"damage":0,"enemies":"Jaw Worm","floor":4,"turns":3},{"damage":23,"enemies":"3 Sentries","floor":6,"turns":7},{"damage":0,"enemies":"Looter","floor":7,"turns":2},{"damage":0,"enemies":"Lagavulin","floor":8,"turns":3},{"damage":0,"enemies":"Gremlin Nob","floor":10,"turns":2},{"damage":6,"enemies":"3 Louse","floor":12,"turns":3},{"damage":6,"enemies":"Blue Slaver","floor":13,"turns":2},{"damage":6,"enemies":"3 Sentries","floor":14,"turns":1},{"damage":6,"enemies":"The Guardian","floor":16,"turns":2},{"damage":6,"enemies":"Shell Parasite","floor":18,"turns":1},{"damage":6,"enemies":"Chosen","floor":19,"turns":1},{"damage":6,"enemies":"Sentry and Sphere","floor":21,"turns":1},{"damage":6,"enemies":"Cultist and Chosen","floor":22,"turns":2},{"damage":6,"enemies":"Book of Stabbing","floor":23,"turns":2},{"damage":6,"enemies":"Snecko","floor":24,"turns":1},{"damage":6,"enemies":"Gremlin Leader","floor":25,"turns":1},{"damage":6,"enemies":"Book of Stabbing","floor":27,"turns":2},{"damage":15,"enemies":"Shelled Parasite and Fungi","floor":30,"turns":2},{"damage":6,"enemies":"Slavers","floor":31,"turns":2},{"damage":6,"enemies":"Collector","floor":33,"turns":1},{"damage":6,"enemies":"3 Darklings","floor":35,"turns":1},{"damage":6,"enemies":"Orb Walker","floor":38,"turns":1},{"damage":6,"enemies":"Sphere and 2 Shapes","floor":39,"turns":2},{"damage":6,"enemies":"Reptomancer","floor":40,"turns":1},{"damage":6,"enemies":"Spire Growth","floor":41,"turns":1},{"damage":6,"enemies":"4 Shapes","floor":47,"turns":1},{"damage":6,"enemies":"Nemesis","floor":48,"turns":1},{"damage":6,"enemies":"Time Eater","floor":50,"turns":3},{"damage":6,"enemies":"Donu and Deca","floor":51,"turns":1},{"damage":6,"enemies":"Shield and Spear","floor":55,"turns":1},{"damage":6,"enemies":"The Heart","floor":56,"turns":4}],"seed_played":"-6221945016185640474","potions_obtained":[{"floor":1,"key":"Block Potion"},{"floor":3,"key":"Fruit Juice"},{"floor":10,"key":"PowerPotion"},{"floor":18,"key":"DuplicationPotion"},{"floor":19,"key":"Energy Potion"}],"is_trial":true,"path_per_floor":["M","?","M","M","?","E","M","E","T","E","$","M","M","E","R","B",null,"M","M","?","M","M","E","M","E","T","E","$","?","M","E","R","B",null,"M","?","?","M","M","E","M","R","T","R","$","R","M","E","R","B","B",null,"R","$","E","B",null],"character_chosen":"IRONCLAD","items_purchased":["Offering","Sundial","Bottled Lightning","PowerPotion","ClockworkSouvenir","Evolve","Anchor","Letter Opener","Kunai","HornCleat","SpeedPotion"],"campfire_rested":0,"item_purchase_floors":[11,28,45,45,54,54,54,54,54,54,54],"current_hp_per_floor":[74,74,75,75,68,51,57,63,63,74,74,74,74,74,74,74,93,93,93,93,93,93,93,93,93,93,93,93,93,84,84,84,94,94,94,94,94,94,94,94,94,94,94,94,94,94,94,94,94,94,94,94,94,94,94,94],"gold":88,"neow_bonus":"","is_daily":false,"chose_seed":false,"campfire_upgraded":6,"win_rate":0.0,"timestamp":1610952528,"path_taken":["M","?","M","M","?","E","M","E","T","E","$","M","M","E","R","BOSS","M","M","?","M","M","E","M","E","T","E","$","?","?","?","R","BOSS","M","?","?","M","M","E","?","R","T","R","?","R","M","E","R","BOSS","BOSS","R","$","E","BOSS"],"items_purchased_type":["Card","Relic","Relic","Potion","Relic","Card","Relic","Relic","Relic","Relic","Potion"],"build_version":"2020-12-22","purchased_purges":2,"victory":true,"max_hp_per_floor":[75,75,75,75,75,75,75,75,75,80,80,80,80,80,80,80,94,94,94,94,94,94,94,94,94,94,94,94,94,94,94,94,94,94,94,94,94,94,94,94,94,94,94,94,94,94,94,94,94,94,94,94,94,94,94,94],"relic_stats":{"Darkstone Periapt":0,"counters":[33,63],"Self Forming Clay":[27],"Pen Nib":[8],"Letter Opener":[85],"Burning Blood":187,"Mercury Hourglass":[105],"Peace Pipe":0,"Shovel":0,"Sundial":[72],"Gambling Chip":[0],"Pantograph":10,"Bronze Scales":[48],"Kunai":[3],"obtain_stats":[{"Darkstone Periapt":40,"Mango":17,"Ancient Tea Set":23,"Burning Blood":0,"ClockworkSouvenir":54,"Shovel":10,"HornCleat":54,"Sundial":28,"Gambling Chip":14,"Pantograph":17,"Kunai":54,"Runic Cube":34,"Self Forming Clay":9,"Oddly Smooth Stone":43,"The Courier":6,"Pen Nib":8,"Omamori":17,"Letter Opener":54,"Mercury Hourglass":25,"Calling Bell":17,"Peace Pipe":31,"Anchor":54,"MutagenicStrength":29,"Bronze Scales":55,"Molten Egg 2":27,"Bottled Lightning":45,"Meat on the Bone":48},{"Darkstone Periapt":26,"Mango":11,"Ancient Tea Set":16,"Burning Blood":0,"ClockworkSouvenir":31,"Shovel":7,"HornCleat":31,"Sundial":19,"Gambling Chip":10,"Pantograph":11,"Kunai":31,"Runic Cube":22,"Self Forming Clay":6,"Oddly Smooth Stone":27,"The Courier":4,"Pen Nib":6,"Omamori":11,"Letter Opener":31,"Mercury Hourglass":18,"Calling Bell":11,"Peace Pipe":21,"Anchor":31,"MutagenicStrength":19,"Bronze Scales":32,"Molten Egg 2":19,"Bottled Lightning":27,"Meat on the Bone":29},{"Darkstone Periapt":51,"Mango":30,"Ancient Tea Set":37,"Burning Blood":0,"ClockworkSouvenir":58,"Shovel":22,"HornCleat":58,"Sundial":41,"Gambling Chip":28,"Pantograph":30,"Kunai":58,"Runic Cube":46,"Self Forming Clay":20,"Oddly Smooth Stone":52,"The Courier":15,"Pen Nib":20,"Omamori":30,"Letter Opener":58,"Mercury Hourglass":39,"Calling Bell":30,"Peace Pipe":45,"Anchor":58,"MutagenicStrength":41,"Bronze Scales":59,"Molten Egg 2":41,"Bottled Lightning":52,"Meat on the Bone":54}],"Runic Cube":[11],"Meat on the Bone":0},"card_choices":[{"not_picked":["Burning Pact","Iron Wave"],"picked":"Expertise","floor":1},{"not_picked":["Turbo","Flechettes","Pommel Strike"],"picked":"SKIP","floor":3},{"not_picked":["CarveReality","Worship","Scrape"],"picked":"SKIP","floor":4},{"not_picked":["Night Terror","PiercingWail","FTL"],"picked":"SKIP","floor":6},{"not_picked":["Sever Soul","Flex","Havoc"],"picked":"SKIP","floor":7},{"not_picked":["Leap","Darkness"],"picked":"Genetic Algorithm","floor":8},{"not_picked":["FlyingSleeves","Poisoned Stab"],"picked":"Body Slam","floor":10},{"not_picked":["Warcry","JustLucky","Double Energy"],"picked":"SKIP","floor":12},{"not_picked":["Steam","PathToVictory","A Thousand Cuts"],"picked":"SKIP","floor":13},{"not_picked":["Poisoned Stab","Armaments","Storm"],"picked":"SKIP","floor":14},{"not_picked":["Havoc","Backstab+1","Evaluate"],"picked":"SKIP","floor":18},{"not_picked":["Havoc","Backstab+1","Evaluate"],"picked":"SKIP","floor":18},{"not_picked":["Flying Knee","Double Energy","PiercingWail"],"picked":"SKIP","floor":19},{"not_picked":["CutThroughFate","Quick Slash","Dodge and Roll"],"picked":"SKIP","floor":21},{"not_picked":["Conserve Battery","Footwork","Crescendo"],"picked":"SKIP","floor":22},{"not_picked":["Conserve Battery","Footwork","Crescendo"],"picked":"SKIP","floor":22},{"not_picked":["Conserve Battery","Footwork","Crescendo"],"picked":"SKIP","floor":22},{"not_picked":["Clash","Core Surge","Distraction"],"picked":"SKIP","floor":23},{"not_picked":["Flying Knee","Terror","Evaluate"],"picked":"SKIP","floor":24},{"not_picked":["Study+1","EmptyFist","Double Energy"],"picked":"SKIP","floor":25},{"not_picked":["Twin Strike+1","Whirlwind+1","Grand Finale+1"],"picked":"SKIP","floor":27},{"not_picked":["Cleave+1","BowlingBash+1","Turbo+1"],"picked":"SKIP","floor":30},{"not_picked":["Tempest","Deflect","FlurryOfBlows+1"],"picked":"SKIP","floor":31},{"not_picked":["Clash+1","Catalyst+1","PathToVictory"],"picked":"SKIP","floor":35},{"not_picked":["Outmaneuver","Blade Dance","Thunderclap+1"],"picked":"SKIP","floor":38},{"not_picked":["Sunder+1","Infinite Blades","Self Repair+1"],"picked":"SKIP","floor":39},{"not_picked":["Rip and Tear+1","Carnage+1","Evaluate"],"picked":"SKIP","floor":40},{"not_picked":["FlurryOfBlows+1","Sucker Punch+1","Whirlwind+1"],"picked":"SKIP","floor":41},{"not_picked":["Escape Plan","Collect+1","Prostrate"],"picked":"SKIP","floor":47},{"not_picked":["BattleHymn","Compile Driver+1","Clothesline+1"],"picked":"SKIP","floor":48},{"not_picked":["Cloak And Dagger","Crescendo","Crippling Poison+1"],"picked":"SKIP","floor":55}],"player_experience":1782155,"relics_obtained":[{"floor":6,"key":"The Courier"},{"floor":8,"key":"Pen Nib"},{"floor":9,"key":"Self Forming Clay"},{"floor":10,"key":"Shovel"},{"floor":14,"key":"Gambling Chip"},{"floor":17,"key":"Omamori"},{"floor":17,"key":"Pantograph"},{"floor":17,"key":"Mango"},{"floor":23,"key":"Ancient Tea Set"},{"floor":25,"key":"Mercury Hourglass"},{"floor":27,"key":"Molten Egg 2"},{"floor":31,"key":"Peace Pipe"},{"floor":40,"key":"Darkstone Periapt"},{"floor":43,"key":"Oddly Smooth Stone"},{"floor":48,"key":"Meat on the Bone"},{"floor":55,"key":"Bronze Scales"}],"event_choices":[{"cards_removed":["Terror"],"damage_healed":0,"gold_gain":0,"player_choice":"Card Removal","damage_taken":0,"max_hp_gain":0,"max_hp_loss":0,"event_name":"The Cleric","floor":2,"gold_loss":75},{"cards_removed":["Pommel Strike"],"damage_healed":0,"gold_gain":0,"player_choice":"Card Removal","damage_taken":7,"max_hp_gain":0,"max_hp_loss":0,"event_name":"Golden Wing","floor":5,"gold_loss":0},{"damage_healed":0,"gold_gain":0,"player_choice":"Ignored","damage_taken":0,"max_hp_gain":0,"max_hp_loss":0,"event_name":"Cursed Tome","floor":20,"gold_loss":0},{"damage_healed":0,"gold_gain":0,"player_choice":"Inject Mutagens","damage_taken":0,"relics_obtained":["MutagenicStrength"],"max_hp_gain":0,"max_hp_loss":0,"event_name":"Drug Dealer","floor":29,"gold_loss":0},{"damage_healed":0,"gold_gain":999,"player_choice":"Gold","damage_taken":0,"max_hp_gain":0,"max_hp_loss":0,"event_name":"MindBloom","floor":36,"gold_loss":0,"cards_obtained":["Normality","Normality"]},{"cards_removed":["Body Slam"],"damage_healed":0,"gold_gain":0,"player_choice":"Removed Attack","damage_taken":0,"max_hp_gain":0,"max_hp_loss":0,"event_name":"Falling","floor":37,"gold_loss":0}],"is_beta":false,"boss_relics":[{"not_picked":["Runic Dome","SlaversCollar"],"picked":"Calling Bell"},{"not_picked":["Tiny House","Fusion Hammer"],"picked":"Runic Cube"}],"items_purged_floors":[28,45],"is_endless":false,"potions_floor_spawned":[1,3,10,14,16,18,19,23,27,30,31,35,39,47,48],"ascension_level":20}}