{"host":"p9t7qd83igtcp2bh","time":1610947721,"event":{"mods":["2.2 Compatiblity","AchievementEnabler","BaseMod","Colored Map","Colored Powertips","Custom Start","DeckTracker","Keyboard Shortcuts","Minty Spire (QoL Compilation)","Permanent Neow","StSLib","SuperFastMode","everything is the same but u backflip on backflip"],"gold_per_floor":[113,128,147,35,54,54,79,89,89,89,141,160,172,4,4,80,80,97,97,111,11,11,36,36,69,69,69,80,80,93,108,108,184,184,199,199,219,234,234,234,267,267,267,88,103,103,103,50,50,50,50,50],"floor_reached":51,"language":"KOR","playtime":1784,"items_purged":["Strike_B","Strike_B","Zap"],"score":1534,"play_id":"eb942a57-267e-4a0e-ad55-3e8084237698","local_time":"20210118142841","is_ascension_mode":true,"campfire_choices":[{"data":"Defragment","floor":6.0,"key":"SMITH"},{"data":"Sunder","floor":10.0,"key":"SMITH"},{"floor":15.0,"key":"REST"},{"data":"Recycle","floor":24.0,"key":"SMITH"},{"floor":27.0,"key":"REST"},{"floor":32,"key":"REST"},{"data":"Turbo","floor":40,"key":"SMITH"},{"floor":47,"key":"REST"},{"floor":49,"key":"REST"}],"circlet_count":0,"master_deck":["AscendersBane","Defend_B","Defend_B","Defend_B","Dualcast","Master of Strategy","Turbo+1","Defragment+1","Sunder+1","Glacier","Compile Driver","Tempest","Cold Snap","Meteor Strike","Capacitor+1","Barrage+1","Skim+1","Recycle+1","Coolheaded+1","Seek"],"relics":["Cracked Core","Cables","StrikeDummy","Regal Pillow","TheAbacus","Astrolabe","HornCleat","Mango","Shuriken","Molten Egg 2","Mummified Hand","Busted Crown","Omamori","Bottled Lightning"],"acts_visited":["Exordium","TheCity","TheBeyond"],"potions_floor_usage":[33,33,37,50,51],"damage_taken":[{"damage":1.0,"enemies":"Cultist","floor":1.0,"turns":3.0},{"damage":1.0,"enemies":"2 Louse","floor":2.0,"turns":4.0},{"damage":5.0,"enemies":"Small Slimes","floor":3.0,"turns":4.0},{"damage":17.0,"enemies":"3 Louse","floor":5.0,"turns":2.0},{"damage":36.0,"enemies":"3 Sentries","floor":7.0,"turns":8.0},{"damage":2.0,"enemies":"Lots of Slimes","floor":8.0,"turns":5.0},{"damage":11.0,"enemies":"Looter","floor":12.0,"turns":2.0},{"damage":0.0,"enemies":"Large Slime","floor":13.0,"turns":5.0},{"damage":0.0,"enemies":"Slime Boss","floor":16.0,"turns":9.0},{"damage":17.0,"enemies":"Shell Parasite","floor":18.0,"turns":6.0},{"damage":0.0,"enemies":"3 Byrds","floor":20.0,"turns":5.0},{"damage":16.0,"enemies":"Book of Stabbing","floor":23.0,"turns":6.0},{"damage":38.0,"enemies":"Gremlin Leader","floor":25.0,"turns":8.0},{"damage":10,"enemies":"Centurion and Healer","floor":28,"turns":6},{"damage":0,"enemies":"Chosen and Byrds","floor":30,"turns":3},{"damage":15,"enemies":"Snake Plant","floor":31,"turns":2},{"damage":0,"enemies":"Automaton","floor":33,"turns":10},{"damage":13,"enemies":"3 Shapes","floor":35,"turns":7},{"damage":0,"enemies":"Orb Walker","floor":37,"turns":2},{"damage":26,"enemies":"Sphere and 2 Shapes","floor":38,"turns":5},{"damage":24,"enemies":"Reptomancer","floor":41,"turns":5},{"damage":0,"enemies":"Spire Growth","floor":45,"turns":4},{"damage":20,"enemies":"Awakened One","floor":50,"turns":7},{"damage":61,"enemies":"Time Eater","floor":51,"turns":7}],"seed_played":"-1319683212371669114","potions_obtained":[{"floor":1.0,"key":"SneckoOil"},{"floor":2.0,"key":"DuplicationPotion"},{"floor":3.0,"key":"Regen Potion"},{"floor":12.0,"key":"DistilledChaos"},{"floor":23.0,"key":"FearPotion"},{"floor":28,"key":"EssenceOfDarkness"},{"floor":30,"key":"FocusPotion"},{"floor":35,"key":"Energy Potion"},{"floor":45,"key":"BlessingOfTheForge"}],"is_trial":false,"path_per_floor":["M","M","M","$","M","R","E","M","T","R","T","M","M","$","R","B",null,"M","T","M","$","?","E","R","E","T","R","M","?","M","M","R","B",null,"M","?","M","M","?","R","E","?","T","$","M","?","R","$","R","B","B"],"character_chosen":"DEFECT","items_purchased":["Sunder","TheAbacus","Weak Potion","PowerPotion"],"campfire_rested":5,"item_purchase_floors":[4,14,44,48],"current_hp_per_floor":[63,62,57,57,40,40,19,17,17,17,17,6,6,6,40,40,58,41,41,41,41,55,39,39,1,1,39,29,29,29,14,52,52,72,59,59,59,33,33,33,9,9,9,9,9,9,46,46,74,54,0,0],"gold":50,"neow_bonus":"RANDOM_COLORLESS_2","is_daily":false,"chose_seed":false,"campfire_upgraded":4,"win_rate":0.0,"timestamp":1610947721,"path_taken":["M","M","?","$","M","R","E","M","T","R","?","M","M","$","R","BOSS","M","?","M","$","?","E","R","E","T","R","?","?","M","M","R","BOSS","M","?","?","?","?","R","E","?","T","$","M","?","R","$","R","BOSS","BOSS"],"items_purchased_type":["Card","Relic","Potion","Potion"],"build_version":"2020-12-22","purchased_purges":3,"victory":false,"max_hp_per_floor":[64,64,64,64,64,64,64,64,64,64,64,64,64,64,64,64,64,64,64,64,64,78,78,78,78,78,78,78,78,78,78,78,78,78,78,78,78,78,74,74,74,74,74,74,74,74,74,74,74,74,74,74],"card_choices":[{"not_picked":["Magnetism","Thinking Ahead"],"picked":"Master of Strategy","floor":0.0},{"not_picked":["Leap","Gash"],"picked":"Conserve Battery","floor":1.0},{"not_picked":["Hologram","Barrage"],"picked":"Turbo","floor":2.0},{"not_picked":["Aggregate","FTL"],"picked":"Defragment","floor":3.0},{"not_picked":["Conserve Battery","Sunder"],"picked":"Skim","floor":5.0},{"not_picked":["Gash","Steam"],"picked":"Glacier","floor":7.0},{"not_picked":["Reprogram","Melter"],"picked":"Compile Driver","floor":8.0},{"not_picked":["Reboot","Redo"],"picked":"Tempest","floor":12.0},{"not_picked":["Gash","Redo"],"picked":"Cold Snap","floor":13.0},{"not_picked":["Machine Learning","Hyperbeam"],"picked":"Meteor Strike","floor":16.0},{"not_picked":["Go for the Eyes","Compile Driver+1","Rebound+1"],"picked":"SKIP","floor":18.0},{"not_picked":["Streamline","Blizzard+1"],"picked":"Recycle","floor":20.0},{"not_picked":["Gash","FTL","Steam"],"picked":"SKIP","floor":23.0},{"not_picked":["Turbo","Glacier","Stack"],"picked":"SKIP","floor":25.0},{"not_picked":["Rebound+1","White Noise","Compile Driver+1"],"picked":"SKIP","floor":28},{"not_picked":["Turbo","Steam Power"],"picked":"Coolheaded","floor":30},{"not_picked":["Tempest","Double Energy","Redo"],"picked":"SKIP","floor":31},{"not_picked":["Meteor Strike+1","Amplify"],"picked":"Seek","floor":33},{"not_picked":["Scrape+1"],"picked":"SKIP","floor":35},{"not_picked":["Conserve Battery+1"],"picked":"SKIP","floor":37},{"not_picked":["Steam"],"picked":"SKIP","floor":38},{"not_picked":["Darkness"],"picked":"SKIP","floor":41},{"not_picked":["Coolheaded"],"picked":"SKIP","floor":45}],"player_experience":655450,"relics_obtained":[{"floor":7.0,"key":"Cables"},{"floor":9.0,"key":"StrikeDummy"},{"floor":11.0,"key":"Regal Pillow"},{"floor":19.0,"key":"HornCleat"},{"floor":23.0,"key":"Shuriken"},{"floor":25.0,"key":"Molten Egg 2"},{"floor":26.0,"key":"Mummified Hand"},{"floor":41,"key":"Omamori"},{"floor":43,"key":"Bottled Lightning"}],"event_choices":[{"cards_removed":["Conserve Battery"],"damage_healed":0.0,"max_hp_gain":0.0,"max_hp_loss":0.0,"gold_gain":0.0,"event_name":"WeMeetAgain","player_choice":"Gave Card","floor":22.0,"gold_loss":0.0,"damage_taken":0.0,"relics_obtained":["Mango"]},{"damage_healed":0,"gold_gain":0,"player_choice":"Ignored","damage_taken":0,"max_hp_gain":0,"max_hp_loss":0,"event_name":"The Mausoleum","floor":29,"gold_loss":0},{"damage_healed":0,"gold_gain":0,"player_choice":"Upgraded","damage_taken":0,"max_hp_gain":0,"max_hp_loss":0,"event_name":"Upgrade Shrine","floor":36,"gold_loss":0,"cards_upgraded":["Coolheaded"]},{"damage_healed":0,"gold_gain":0,"player_choice":"Max HP","damage_taken":0,"max_hp_gain":0,"max_hp_loss":4,"event_name":"Winding Halls","floor":39,"gold_loss":0},{"cards_removed":["Skim"],"damage_healed":0,"gold_gain":0,"player_choice":"Removed Skill","damage_taken":0,"max_hp_gain":0,"max_hp_loss":0,"event_name":"Falling","floor":42,"gold_loss":0},{"damage_healed":0,"gold_gain":0,"player_choice":"Ignored","damage_taken":0,"max_hp_gain":0,"max_hp_loss":0,"event_name":"Mysterious Sphere","floor":46,"gold_loss":0}],"is_beta":false,"boss_relics":[{"not_picked":["Fusion Hammer","Empty Cage"],"picked":"Astrolabe"},{"not_picked":["Black Star","Philosopher\u0027s Stone"],"picked":"Busted Crown"}],"items_purged_floors":[4,21,44],"is_endless":false,"potions_floor_spawned":[1,2,3,12,23,28,30,31,35,45],"killed_by":"Time Eater","ascension_level":20}}