{"host":"640uue19m79c7wbt","time":1610998869,"event":{"mods":["BaseMod","Colored Map","Googly Eyes","Highlight Path","Minty Spire (QoL Compilation)","Quick Restart","StSLib"],"gold_per_floor":[113,63,63,238,163,163,33,74,74,113,10,34,34,52,52,141,141,162,162,162,10,25,25,25,25],"floor_reached":24,"language":"ENG","playtime":716,"items_purged":["Doubt","Strike_G"],"score":495,"play_id":"69c9a26e-d4cd-497e-87e8-0f64630cabb8","local_time":"20210118144109","is_ascension_mode":true,"campfire_choices":[{"data":"Cloak And Dagger","floor":6.0,"key":"SMITH"},{"data":"Tools of the Trade","floor":13.0,"key":"SMITH"},{"data":"Predator","floor":15.0,"key":"SMITH"},{"data":"Burst","floor":23,"key":"SMITH"}],"circlet_count":0,"master_deck":["AscendersBane","Strike_G","Defend_G","Defend_G","Defend_G","Survivor","Neutralize","Cloak And Dagger+1","Tools of the Trade+1","Cloak And Dagger","PiercingWail","After Image","Underhanded Strike","Well Laid Plans","Predator+1","Burst+1","Infinite Blades+1","Bouncing Flask+1","Acrobatics+1","Crippling Poison","RitualDagger","Noxious Fumes","Dagger Throw","Prepared","Cloak And Dagger"],"relics":["Ring of the Snake","NeowsBlessing","Golden Idol","Smiling Mask","Tingsha","Anchor","Astrolabe"],"acts_visited":["Exordium","TheCity"],"potions_floor_usage":[22],"damage_taken":[{"damage":0.0,"enemies":"2 Louse","floor":1.0,"turns":1.0},{"damage":0.0,"enemies":"3 Sentries","floor":8.0,"turns":1.0},{"damage":0.0,"enemies":"Lagavulin","floor":10.0,"turns":1.0},{"damage":0.0,"enemies":"Small Slimes","floor":12.0,"turns":4.0},{"damage":0.0,"enemies":"Jaw Worm","floor":14.0,"turns":4.0},{"damage":0.0,"enemies":"Slime Boss","floor":16.0,"turns":8.0},{"damage":16,"enemies":"2 Thieves","floor":18,"turns":5},{"damage":0,"enemies":"Spheric Guardian","floor":22,"turns":3},{"damage":53,"enemies":"Slavers","floor":24,"turns":4}],"seed_played":"-616640515855076313","potions_obtained":[{"floor":8.0,"key":"FearPotion"},{"floor":12.0,"key":"DuplicationPotion"},{"floor":18,"key":"Energy Potion"}],"is_trial":false,"path_per_floor":["M","?","?","?","$","R","$","E","T","E","$","M","R","M","R","B",null,"M","?","?","$","M","R","E"],"character_chosen":"THE_SILENT","items_purchased":["Tools of the Trade","Cloak And Dagger","Underhanded Strike","Noxious Fumes","Dagger Throw","Prepared"],"campfire_rested":0,"item_purchase_floors":[7,7,11,21,21,21],"current_hp_per_floor":[63,63,46,46,46,46,46,46,46,46,46,46,46,46,46,46,64,48,48,42,42,42,42,0,0],"gold":25,"neow_bonus":"THREE_ENEMY_KILL","is_daily":false,"chose_seed":false,"campfire_upgraded":4,"win_rate":0.0,"timestamp":1610998869,"path_taken":["M","?","?","?","?","R","$","E","T","E","$","M","R","M","R","BOSS","M","?","?","$","M","R","E"],"items_purchased_type":["Card","Card","Card","Card","Card","Card"],"build_version":"2020-12-22","purchased_purges":2,"victory":false,"max_hp_per_floor":[70,70,70,70,70,70,70,70,70,70,70,70,70,70,70,70,70,70,70,70,70,70,70,70,70],"card_choices":[{"not_picked":["Prepared","Endless Agony"],"picked":"Cloak And Dagger","floor":1.0},{"not_picked":["Backflip","Slice"],"picked":"PiercingWail","floor":8.0},{"not_picked":["Flying Knee","Dagger Spray"],"picked":"After Image","floor":10.0},{"not_picked":["Cloak And Dagger","All Out Attack"],"picked":"Well Laid Plans","floor":12.0},{"not_picked":["Quick Slash","Sucker Punch"],"picked":"Predator","floor":14.0},{"not_picked":["Corpse Explosion","A Thousand Cuts"],"picked":"Burst","floor":16.0},{"not_picked":["Well Laid Plans","Deadly Poison"],"picked":"Crippling Poison","floor":18},{"not_picked":["Dagger Throw","Poisoned Stab"],"picked":"Cloak And Dagger","floor":22}],"player_experience":606762,"relics_obtained":[{"floor":8.0,"key":"Smiling Mask"},{"floor":9.0,"key":"Tingsha"},{"floor":10.0,"key":"Anchor"}],"event_choices":[{"cards_removed":["Strike_G"],"damage_healed":0.0,"max_hp_gain":0.0,"max_hp_loss":0.0,"gold_gain":0.0,"event_name":"The Cleric","player_choice":"Card Removal","floor":2.0,"gold_loss":50.0,"damage_taken":0.0},{"damage_healed":0.0,"max_hp_gain":0.0,"max_hp_loss":0.0,"gold_gain":0.0,"event_name":"Golden Idol","player_choice":"Take Damage","floor":3.0,"gold_loss":0.0,"damage_taken":17.0,"relics_obtained":["Golden Idol"]},{"damage_healed":0.0,"max_hp_gain":0.0,"max_hp_loss":0.0,"gold_gain":175.0,"event_name":"Liars Game","player_choice":"AGREE","floor":4.0,"gold_loss":0.0,"damage_taken":0.0,"cards_obtained":["Doubt"]},{"cards_removed":["Defend_G"],"damage_healed":0,"gold_gain":0,"player_choice":"Elegance","damage_taken":0,"max_hp_gain":0,"max_hp_loss":0,"event_name":"Back to Basics","floor":19,"gold_loss":0},{"damage_healed":0,"gold_gain":0,"player_choice":"Joined the Cult","damage_taken":6,"max_hp_gain":0,"max_hp_loss":0,"event_name":"Nest","floor":20,"gold_loss":0,"cards_obtained":["RitualDagger"]}],"is_beta":false,"boss_relics":[{"not_picked":["Snecko Eye","Pandora\u0027s Box"],"picked":"Astrolabe"}],"items_purged_floors":[5,11],"is_endless":false,"potions_floor_spawned":[8,12,18],"killed_by":"Slavers","ascension_level":13}}