{"host":"g2yp6paluzgljz05","time":1610960892,"event":{"mods":["BaseMod","Bestiary","Colored Powertips","DeckTracker","Highlight Path","Minty Spire (QoL Compilation)","Quick Restart"],"gold_per_floor":[117,65,85,100,70,102,102,120,173,173,173,173,203,23,23,23,23],"floor_reached":16,"language":"ENG","playtime":1446,"items_purged":["Strike_R"],"score":130,"play_id":"412534c0-53ab-4366-8586-f4453cdd0f86","local_time":"20210118200812","is_ascension_mode":true,"campfire_choices":[{"floor":10,"key":"REST"},{"floor":12,"key":"REST"},{"floor":15,"key":"REST"}],"circlet_count":0,"master_deck":["Strike_R","Strike_R","Strike_R","Strike_R","Defend_R","Defend_R","Defend_R","Defend_R","Bash","Ghostly Armor+1","Body Slam","Entrench+1","Burning Pact"],"relics":["Burning Blood","Juzu Bracelet","Singing Bowl","Strawberry","SsserpentHead","Vajra","War Paint"],"acts_visited":["Exordium"],"potions_floor_usage":[13,16,16],"damage_taken":[{"damage":20,"enemies":"Small Slimes","floor":1,"turns":3},{"damage":0,"enemies":"Cultist","floor":3,"turns":4},{"damage":12,"enemies":"Jaw Worm","floor":4,"turns":3},{"damage":62,"enemies":"Gremlin Nob","floor":6,"turns":6},{"damage":6,"enemies":"Blue Slaver","floor":8,"turns":8},{"damage":70,"enemies":"3 Sentries","floor":13,"turns":17},{"damage":38,"enemies":"The Guardian","floor":16,"turns":8}],"seed_played":"-3818839281396376082","potions_obtained":[{"floor":1,"key":"SteroidPotion"},{"floor":3,"key":"SkillPotion"},{"floor":6,"key":"Ancient Potion"},{"floor":7,"key":"HeartOfIron"},{"floor":13,"key":"EssenceOfSteel"}],"is_trial":false,"path_per_floor":["M","$","M","M","?","E","?","M","T","R","?","R","E","$","R","B"],"character_chosen":"IRONCLAD","items_purchased":["Body Slam","War Paint"],"campfire_rested":3,"item_purchase_floors":[2,14],"current_hp_per_floor":[66,66,72,66,66,12,12,14,21,48,48,75,11,11,38,0,0],"gold":23,"neow_bonus":"RANDOM_COMMON_RELIC","is_daily":false,"chose_seed":false,"campfire_upgraded":0,"win_rate":0.0,"timestamp":1610960892,"path_taken":["M","$","M","M","?","E","?","M","T","R","?","R","E","?","R","BOSS"],"items_purchased_type":["Card","Relic"],"build_version":"2020-12-22","purchased_purges":1,"victory":false,"max_hp_per_floor":[80,80,80,80,80,82,82,84,91,91,91,91,91,91,91,91,91],"card_choices":[{"not_picked":["Intimidate","Wild Strike"],"picked":"Ghostly Armor","floor":1},{"not_picked":["Combust","Clothesline"],"picked":"Entrench","floor":3},{"not_picked":["Second Wind","Flex","Cleave"],"picked":"SKIP","floor":4},{"not_picked":["Havoc","Feel No Pain","Uppercut"],"picked":"Singing Bowl","floor":6},{"not_picked":["Infernal Blade","Wild Strike","Sword Boomerang"],"picked":"Singing Bowl","floor":8},{"not_picked":["Brutality","Iron Wave"],"picked":"Burning Pact","floor":13}],"player_experience":214497,"relics_obtained":[{"floor":6,"key":"Singing Bowl"},{"floor":9,"key":"Strawberry"},{"floor":13,"key":"Vajra"}],"event_choices":[{"damage_healed":0,"gold_gain":0,"player_choice":"Left Gold","damage_taken":0,"max_hp_gain":0,"max_hp_loss":0,"event_name":"World of Goop","floor":5,"gold_loss":30},{"damage_healed":0,"gold_gain":0,"player_choice":"Got Potions","damage_taken":0,"max_hp_gain":0,"max_hp_loss":0,"event_name":"Lab","floor":7,"gold_loss":0},{"damage_healed":0,"gold_gain":0,"player_choice":"Trade","damage_taken":0,"relics_obtained":["SsserpentHead"],"max_hp_gain":0,"max_hp_loss":0,"event_name":"FaceTrader","floor":11,"gold_loss":0}],"is_beta":false,"boss_relics":[],"items_purged_floors":[14],"is_endless":false,"potions_floor_spawned":[1,3,6,13],"killed_by":"The Guardian","ascension_level":4}}