{"host":"prbesmsd58qkujmx","time":1610950800,"event":{"mods":["2.2 Compatiblity","AchievementEnabler","BaseMod","Colored Map","DeckTracker","Highlight Path","Keyboard Shortcuts","Minty Spire (QoL Compilation)","Permanent Neow","Quick Restart","Random Character Button","StSLib","SuperFastMode","everything is the same but u backflip on backflip"],"gold_per_floor":[19,37,57,69,69,69,69,89,159,159,173,201,218,218,230,337,349,372,404,466,131,141,176,189,200,225,225,225,244,142,159,159,159,159],"floor_reached":33,"language":"KOR","playtime":1596,"items_purged":["Defend_R","Strike_R"],"score":273,"play_id":"78cd9f13-46b8-4306-be4f-fe95720a7c1c","local_time":"20210118152000","is_ascension_mode":false,"campfire_choices":[{"data":"True Grit","floor":6,"key":"SMITH"},{"data":"Flame Barrier","floor":10,"key":"SMITH"},{"data":"Flex","floor":15,"key":"SMITH"},{"data":"Flex","floor":27,"key":"SMITH"},{"floor":32,"key":"REST"}],"circlet_count":0,"master_deck":["Strike_R","Strike_R","Strike_R","Defend_R","Defend_R","Bash","Flex+1","True Grit+1","Battle Trance","Carnage","Flame Barrier+1","Limit Break","Flex+1","Double Tap","CurseOfTheBell","Flex","Shrug It Off","Twin Strike","Battle Trance","Sword Boomerang","Headbutt","Twin Strike","Decay","Twin Strike","Shrug It Off","Reaper","Sentinel"],"relics":["Burning Blood","Gremlin Horn","Blue Candle","StoneCalendar","MawBank","Calling Bell","Smiling Mask","Darkstone Periapt","FossilizedHelix","Prayer Wheel","Charon\u0027s Ashes","Oddly Smooth Stone"],"acts_visited":["Exordium","TheCity"],"potions_floor_usage":[12,12,18,22,22,22,22,22,23,23,24,25,29,31,33],"damage_taken":[{"damage":1,"enemies":"Cultist","floor":1,"turns":3},{"damage":13,"enemies":"2 Louse","floor":2,"turns":4},{"damage":15,"enemies":"Small Slimes","floor":3,"turns":4},{"damage":10,"enemies":"Looter","floor":4,"turns":3},{"damage":6,"enemies":"Red Slaver","floor":8,"turns":4},{"damage":5,"enemies":"Large Slime","floor":11,"turns":4},{"damage":24,"enemies":"Gremlin Nob","floor":12,"turns":4},{"damage":0,"enemies":"Exordium Thugs","floor":13,"turns":3},{"damage":12,"enemies":"Hexaghost","floor":16,"turns":7},{"damage":21,"enemies":"Spheric Guardian","floor":18,"turns":4},{"damage":0,"enemies":"3 Byrds","floor":19,"turns":2},{"damage":8,"enemies":"Shelled Parasite and Fungi","floor":22,"turns":5},{"damage":37,"enemies":"Book of Stabbing","floor":23,"turns":7},{"damage":17,"enemies":"3 Cultists","floor":24,"turns":5},{"damage":9,"enemies":"Centurion and Healer","floor":25,"turns":3},{"damage":21,"enemies":"Shelled Parasite and Fungi","floor":29,"turns":3},{"damage":0,"enemies":"3 Cultists","floor":31,"turns":2},{"damage":73,"enemies":"Automaton","floor":33,"turns":8}],"seed_played":"8814056098750395801","potions_obtained":[{"floor":3,"key":"Weak Potion"},{"floor":4,"key":"LiquidMemories"},{"floor":8,"key":"Fire Potion"},{"floor":12,"key":"EntropicBrew"},{"floor":22,"key":"Energy Potion"},{"floor":23,"key":"LiquidMemories"},{"floor":25,"key":"FearPotion"},{"floor":29,"key":"AttackPotion"}],"is_trial":false,"path_per_floor":["M","M","M","M","$","R","T","M","T","R","M","E","M","?","R","B",null,"M","M","?","$","M","E","M","M","T","R","?","M","$","M","R","B"],"character_chosen":"IRONCLAD","items_purchased":["Prayer Wheel","BloodPotion"],"campfire_rested":1,"item_purchase_floors":[21,30],"current_hp_per_floor":[80,73,64,60,60,60,60,60,60,60,61,43,49,49,49,43,80,65,71,71,71,69,38,27,24,24,24,30,15,15,21,46,0,0],"gold":159,"neow_bonus":"REMOVE_TWO","is_daily":false,"chose_seed":false,"campfire_upgraded":4,"win_rate":0.0,"timestamp":1610950800,"path_taken":["M","M","M","M","$","R","?","M","T","R","M","E","M","?","R","BOSS","M","M","?","$","M","E","M","?","T","R","?","M","$","M","R","BOSS"],"items_purchased_type":["Relic","Potion"],"build_version":"2020-12-22","purchased_purges":2,"victory":false,"max_hp_per_floor":[80,80,80,80,80,80,80,80,80,80,80,80,80,80,80,80,80,80,80,80,80,80,80,80,80,80,80,86,86,86,86,86,86,86],"card_choices":[{"not_picked":["Cleave","Headbutt"],"picked":"Flex","floor":1},{"not_picked":["Shockwave","Sentinel"],"picked":"True Grit","floor":2},{"not_picked":["Sword Boomerang","Body Slam"],"picked":"Battle Trance","floor":3},{"not_picked":["Spot Weakness","Flex"],"picked":"Carnage","floor":4},{"not_picked":["Armaments","Warcry"],"picked":"Flame Barrier","floor":8},{"not_picked":["Combust","Thunderclap"],"picked":"Limit Break","floor":11},{"not_picked":["Anger","True Grit"],"picked":"Flex","floor":12},{"not_picked":["Wild Strike","Havoc","Dark Embrace"],"picked":"SKIP","floor":13},{"not_picked":["Corruption","Bludgeon"],"picked":"Double Tap","floor":16},{"not_picked":["Feel No Pain","Anger+1"],"picked":"Flex","floor":18},{"not_picked":["Iron Wave+1","Dark Embrace"],"picked":"Shrug It Off","floor":19},{"not_picked":["Searing Blow","Flex"],"picked":"Twin Strike","floor":22},{"not_picked":["Wild Strike","Body Slam+1"],"picked":"Battle Trance","floor":22},{"not_picked":["Anger","Brutality","Iron Wave"],"picked":"SKIP","floor":23},{"not_picked":["Clothesline","Clash"],"picked":"Sword Boomerang","floor":24},{"not_picked":["Dropkick","Anger"],"picked":"Headbutt","floor":24},{"not_picked":["Feel No Pain","Dropkick"],"picked":"Twin Strike","floor":25},{"not_picked":["Clash","Thunderclap","Havoc"],"picked":"SKIP","floor":25},{"not_picked":["Power Through+1","Headbutt"],"picked":"Twin Strike","floor":29},{"not_picked":["Sword Boomerang","Anger"],"picked":"Shrug It Off","floor":29},{"not_picked":["Wild Strike","Blood for Blood"],"picked":"Reaper","floor":31},{"not_picked":["Dark Embrace+1","Whirlwind"],"picked":"Sentinel","floor":31}],"player_experience":96805,"relics_obtained":[{"floor":7,"key":"Gremlin Horn"},{"floor":9,"key":"Blue Candle"},{"floor":12,"key":"StoneCalendar"},{"floor":17,"key":"Smiling Mask"},{"floor":17,"key":"Darkstone Periapt"},{"floor":17,"key":"FossilizedHelix"},{"floor":23,"key":"Charon\u0027s Ashes"},{"floor":26,"key":"Oddly Smooth Stone"}],"event_choices":[{"damage_healed":0,"gold_gain":0,"player_choice":"Searched \u00271\u0027 times","damage_taken":0,"relics_obtained":["MawBank"],"max_hp_gain":0,"max_hp_loss":0,"event_name":"Dead Adventurer","floor":14,"gold_loss":0},{"damage_healed":0,"gold_gain":100,"player_choice":"Bet on Murderer","damage_taken":0,"max_hp_gain":0,"max_hp_loss":0,"event_name":"The Joust","floor":20,"gold_loss":50},{"damage_healed":0,"gold_gain":0,"player_choice":"Smashed Altar","damage_taken":0,"max_hp_gain":0,"max_hp_loss":0,"event_name":"Forgotten Altar","floor":28,"gold_loss":0,"cards_obtained":["Decay"]}],"is_beta":false,"boss_relics":[{"not_picked":["Black Blood","SacredBark"],"picked":"Calling Bell"}],"items_purged_floors":[21,30],"is_endless":false,"potions_floor_spawned":[3,4,8,12,22,23,25,29],"killed_by":"Automaton","ascension_level":0}}