{"host":"7xbu8gt067z192g2","time":1610946557,"event":{"mods":["BaseMod","Better Note","BetterRewards","Colored Map","Colored Powertips","Googly Eyes","Highlight Path","Infinite Spire","Minty Spire (QoL Compilation)","Rare Cards Sparkle","Replay The Spire","StSLib","The Bladedancer","The Construct","The Cursed","The Hierophant","The Valiant","The Wild Card"],"gold_per_floor":[118,18,18,28,38,64,64,64,64,64,64],"floor_reached":10,"language":"ENG","playtime":359,"items_purged":["Strike_B","Defend_B"],"score":73,"play_id":"6b88f155-4929-41e8-a9da-d4d079b48dca","local_time":"20210118000917","is_ascension_mode":true,"campfire_choices":[{"data":"Dualcast","floor":9,"key":"SMITH"}],"circlet_count":0,"master_deck":["Strike_B","Strike_B","Strike_B","Defend_B","Defend_B","Zap","Dualcast+1","Biased Cognition","Redo","BasicCrystalCard","Chaos"],"relics":["Cracked Core","White Beast Statue","infinitespire:BottledMercury"],"acts_visited":["Exordium"],"potions_floor_usage":[5,10,10,10],"damage_taken":[{"damage":2,"enemies":"Jaw Worm","floor":1,"turns":2},{"damage":6,"enemies":"2 Louse","floor":4,"turns":2},{"damage":0,"enemies":"Small Slimes","floor":5,"turns":1},{"damage":18,"enemies":"Replay:BlueRogue","floor":6,"turns":4},{"damage":35,"enemies":"3 Sentries","floor":10,"turns":4}],"seed_played":"-1799909845403021449","potions_obtained":[{"floor":1,"key":"Toxic Potion"},{"floor":4,"key":"Toxic Potion"},{"floor":5,"key":"FearPotion"},{"floor":6,"key":"Adrenaline Potion"}],"is_trial":false,"path_per_floor":["M","$","?","M","M","E","PTL","PTL","R","E"],"character_chosen":"DEFECT","items_purchased":["Redo"],"campfire_rested":0,"item_purchase_floors":[0],"current_hp_per_floor":[73,73,55,49,49,31,31,31,31,0,0],"gold":64,"neow_bonus":"","is_daily":false,"chose_seed":false,"campfire_upgraded":1,"win_rate":0.0,"timestamp":1610946557,"path_taken":["M","$","?","M","M","E","PTL","PTL","R","E"],"items_purchased_type":["Card"],"build_version":"2020-12-22","purchased_purges":2,"victory":false,"max_hp_per_floor":[75,75,75,75,75,75,75,75,75,75,75],"card_choices":[{"not_picked":["Steam Power","Rebound"],"picked":"BasicCrystalCard","floor":1},{"not_picked":["Conserve Battery","Redo"],"picked":"Chaos","floor":4},{"not_picked":["ReplayTheSpireMod:Calculation Training","ReplayTheSpireMod:Repulse","Rebound"],"picked":"SKIP","floor":5},{"not_picked":["Hello World","Aggregate","Panic Button"],"picked":"SKIP","floor":6}],"player_experience":196305,"relics_obtained":[{"floor":6,"key":"infinitespire:BottledMercury"}],"event_choices":[{"damage_healed":0,"gold_gain":0,"player_choice":"Success","damage_taken":18,"relics_obtained":["White Beast Statue"],"max_hp_gain":0,"max_hp_loss":0,"event_name":"Scrap Ooze","floor":3,"gold_loss":0}],"is_beta":false,"boss_relics":[],"items_purged_floors":[0,2],"is_endless":false,"potions_floor_spawned":[1,4,5,6],"killed_by":"3 Sentries","ascension_level":2}}