{"host":"p9o9yh7a0b9qf53k","time":1610980909,"event":{"mods":["BaseMod","Downfall","Minty Spire (QoL Compilation)","StSLib"],"gold_per_floor":[99,109,109,125,145,245,291,318,332,347,447,464,464,478,489,489,489],"floor_reached":16,"language":"ZHS","playtime":748,"items_purged":[],"score":106,"play_id":"6261a8d5-d028-47ee-b27a-754a62fae716","local_time":"20210118224149","is_ascension_mode":false,"campfire_choices":[{"data":"bronze:Goto","floor":1.0,"key":"SMITH"}],"circlet_count":0,"master_deck":["bronze:Strike","bronze:Strike","bronze:Strike","bronze:Defend","bronze:Defend","bronze:Replicate","bronze:Goto+1","bronze:WildBeam+1","bronze:BitShift+1","bronze:Optimize+1","bronze:CloningBeam","bronze:Return","bronze:FollowUp+1","bronze:Backtrace+1","bronze:FineTuning","bronze:Goto","bronze:CutThrough+1","bronze:ItsAFeature","bronze:ThunderWave+1","Mind Blast+1","bronze:WildBeam+1","bronze:CleanCode","Iron Wave+1","bronze:Overload","bronze:Turbo"],"relics":["Astrolabe","bronze:BottledCode","Molten Egg 2","downfall:GremlinSack"],"acts_visited":["Exordium"],"potions_floor_usage":[16,16],"damage_taken":[{"damage":0.0,"enemies":"Small Slimes","floor":2.0,"turns":2.0},{"damage":7.0,"enemies":"2 Louse","floor":4.0,"turns":2.0},{"damage":0.0,"enemies":"Cultist","floor":5.0,"turns":2.0},{"damage":8.0,"enemies":"Lagavulin","floor":8.0,"turns":4.0},{"damage":14.0,"enemies":"Blue Slaver","floor":9.0,"turns":3.0},{"damage":0.0,"enemies":"Lots of Slimes","floor":10.0,"turns":2.0},{"damage":8.0,"enemies":"Lots of Slimes","floor":11.0,"turns":3.0},{"damage":0.0,"enemies":"2 Fungi Beasts","floor":12.0,"turns":2.0},{"damage":8.0,"enemies":"Gremlin Gang","floor":14.0,"turns":3.0},{"damage":0.0,"enemies":"3 Louse","floor":15.0,"turns":2.0},{"damage":21,"enemies":"IC_STATUS_ARCHETYPE","floor":16,"turns":2}],"seed_played":"8947571029568320160","potions_obtained":[{"floor":2.0,"key":"GamblersBrew"},{"floor":5.0,"key":"Fire Potion"},{"floor":8.0,"key":"PowerPotion"},{"floor":10.0,"key":"LiquidMemories"}],"is_trial":false,"path_per_floor":["R","M","?","M","M","?","T","E","M","M","?","M","?","M","M","B"],"character_chosen":"THE_AUTOMATON","items_purchased":[],"campfire_rested":0,"item_purchase_floors":[],"current_hp_per_floor":[70,70,60,53,53,53,53,45,31,31,23,23,23,15,15,0,0],"gold":489,"neow_bonus":"BOSS_RELIC","is_daily":false,"chose_seed":false,"campfire_upgraded":1,"win_rate":0.0,"timestamp":1610980909,"path_taken":["R","M","?","M","M","?","T","E","M","M","?","?","?","M","M","BOSS"],"items_purchased_type":[],"build_version":"2020-12-22","purchased_purges":0,"victory":false,"max_hp_per_floor":[70,70,60,60,60,60,60,60,60,60,60,60,60,60,60,60,60],"card_choices":[{"not_picked":["bronze:Optimize","bronze:WhirlingStrike"],"picked":"bronze:CloningBeam","floor":2.0},{"not_picked":["bronze:OilSpill","bronze:Overheat","bronze:BuggyMess"],"picked":"SKIP","floor":4.0},{"not_picked":["bronze:OilSpill","bronze:WildBeam"],"picked":"bronze:Return","floor":5.0},{"not_picked":["bronze:DigitalCarnage+1","bronze:Frontload"],"picked":"bronze:FollowUp+1","floor":8.0},{"not_picked":["bronze:Safeguard","bronze:BuggyMess"],"picked":"bronze:Backtrace+1","floor":9.0},{"not_picked":["bronze:OilSpill+1","bronze:Shell"],"picked":"bronze:FineTuning","floor":10.0},{"not_picked":["bronze:Branch+1","bronze:BuggyMess"],"picked":"bronze:WildBeam+1","floor":11.0},{"not_picked":["bronze:CutThrough+1","bronze:OilSpill+1"],"picked":"bronze:CleanCode","floor":12.0},{"not_picked":["bronze:DelayedGuard","bronze:Optimize"],"picked":"bronze:Overload","floor":14.0},{"not_picked":["bronze:Repair","bronze:CutThrough+1"],"picked":"bronze:Turbo","floor":15.0}],"player_experience":585112,"relics_obtained":[{"floor":8.0,"key":"Molten Egg 2"},{"floor":11.0,"key":"downfall:GremlinSack"}],"event_choices":[{"cards_removed":["Normality"],"damage_healed":0.0,"max_hp_gain":0.0,"max_hp_loss":0.0,"gold_gain":0.0,"event_name":"NoteForYourself","player_choice":"Took Card","floor":13.0,"gold_loss":0.0,"damage_taken":0.0,"cards_obtained":["Iron Wave"]}],"is_beta":false,"boss_relics":[],"items_purged_floors":[],"is_endless":false,"potions_floor_spawned":[2,5,8,10],"killed_by":"IC_STATUS_ARCHETYPE","ascension_level":0}}