{"host":"r53pw7z744tg3fxg","time":1610982462,"event":{"mods":["AchievementEnabler","BaseMod","Colored Map","Colored Powertips","Highlight Path","Minty Spire (QoL Compilation)","Quick Restart","Transform Curses"],"gold_per_floor":[114,114,4,4,4,4,31,45,45,75,93,93,93,5,5,80,80,92,103,51,51,51,51,78,97,97,97,108,108,118,118,118,195,195,215,84,84,104,150,150,150,179,179,194,194,212,212,229,229,229,229],"floor_reached":50,"language":"ENG","playtime":1573,"items_purged":[],"score":963,"play_id":"be109a96-c7ad-4be6-9aa7-d54ce5c9a620","local_time":"20210118080742","is_ascension_mode":true,"campfire_choices":[{"data":"Eruption","floor":6.0,"key":"SMITH"},{"floor":12.0,"key":"REST"},{"data":"DeusExMachina","floor":15.0,"key":"SMITH"},{"floor":23.0,"key":"REST"},{"floor":27.0,"key":"REST"},{"floor":29.0,"key":"REST"},{"floor":32.0,"key":"REST"},{"data":"Fasting2","floor":40.0,"key":"SMITH"},{"floor":45.0,"key":"REST"},{"floor":47.0,"key":"REST"},{"floor":49.0,"key":"REST"}],"circlet_count":0,"master_deck":["AscendersBane","Strike_P+1","Strike_P+1","Strike_P+1","Strike_P+1","Defend_P+1","Defend_P+1","Defend_P+1","Defend_P+1","Eruption+1","Vigilance","BowlingBash","ConjureBlade","CutThroughFate","BattleHymn+1","SashWhip","ReachHeaven","DeusExMachina+1","WheelKick","Brilliance","Prostrate","Sanctity","Halt","Conclude+1","Collect+1","Omniscience+1","CarveReality+1","FearNoEvil+1","Fasting2+1","Madness","ThirdEye","Prostrate","Prostrate","Protect","Swivel"],"relics":["PureWater","NeowsBlessing","Pantograph","Omamori","Mercury Hourglass","Singing Bowl","Bag of Preparation","Busted Crown","MutagenicStrength","Tiny Chest","Molten Egg 2","Astrolabe","Anchor","Dream Catcher","Boot"],"acts_visited":["Exordium","TheCity","TheBeyond"],"potions_floor_usage":[50,50],"damage_taken":[{"damage":0.0,"enemies":"Small Slimes","floor":1.0,"turns":1.0},{"damage":0.0,"enemies":"Gremlin Nob","floor":7.0,"turns":1.0},{"damage":0.0,"enemies":"Cultist","floor":8.0,"turns":1.0},{"damage":10.0,"enemies":"3 Sentries","floor":10.0,"turns":3.0},{"damage":2.0,"enemies":"Jaw Worm","floor":11.0,"turns":3.0},{"damage":40.0,"enemies":"The Guardian","floor":16.0,"turns":7.0},{"damage":0.0,"enemies":"Spheric Guardian","floor":18.0,"turns":1.0},{"damage":20.0,"enemies":"2 Thieves","floor":19.0,"turns":3.0},{"damage":37.0,"enemies":"Gremlin Leader","floor":24.0,"turns":5.0},{"damage":4.0,"enemies":"3 Cultists","floor":25.0,"turns":4.0},{"damage":12.0,"enemies":"Cultist and Chosen","floor":28.0,"turns":3.0},{"damage":26.0,"enemies":"Snecko","floor":30.0,"turns":5.0},{"damage":39.0,"enemies":"Automaton","floor":33.0,"turns":6.0},{"damage":2.0,"enemies":"Orb Walker","floor":35.0,"turns":2.0},{"damage":0.0,"enemies":"3 Shapes","floor":38.0,"turns":2.0},{"damage":17.0,"enemies":"Giant Head","floor":42.0,"turns":5.0},{"damage":43.0,"enemies":"Spire Growth","floor":44.0,"turns":6.0},{"damage":8.0,"enemies":"Sphere and 2 Shapes","floor":46.0,"turns":5.0},{"damage":13.0,"enemies":"3 Darklings","floor":48.0,"turns":4.0},{"damage":104,"enemies":"Time Eater","floor":50,"turns":6}],"seed_played":"-581342284132236101","potions_obtained":[{"floor":1.0,"key":"DistilledChaos"},{"floor":7.0,"key":"PowerPotion"},{"floor":16.0,"key":"LiquidBronze"},{"floor":24.0,"key":"Block Potion"},{"floor":25.0,"key":"Dexterity Potion"},{"floor":28.0,"key":"Dexterity Potion"},{"floor":30.0,"key":"GamblersBrew"},{"floor":46.0,"key":"AttackPotion"},{"floor":48.0,"key":"Regen Potion"}],"is_trial":false,"path_per_floor":["M","?","$","T","?","R","E","M","T","E","M","R","?","$","R","B",null,"M","M","$","?","?","R","E","M","T","R","M","R","M","?","R","B",null,"M","$","?","M","T","R","?","E","T","M","R","M","R","M","R","B"],"character_chosen":"WATCHER","items_purchased":["BattleHymn","SashWhip","WheelKick","Prostrate","FearNoEvil+1","Fasting2"],"campfire_rested":8,"item_purchase_floors":[3,3,14,20,36,36],"current_hp_per_floor":[61,61,61,61,50,50,50,50,50,40,38,58,58,58,58,28,58,60,42,42,42,42,63,26,24,24,46,34,56,30,30,52,37,66,66,66,66,68,68,68,68,53,53,10,34,28,53,40,65,0,0],"gold":229,"neow_bonus":"THREE_ENEMY_KILL","is_daily":false,"chose_seed":false,"campfire_upgraded":3,"win_rate":0.0,"timestamp":1610982462,"path_taken":["M","?","$","?","?","R","E","M","T","E","M","R","?","$","R","BOSS","M","M","$","?","?","R","E","M","T","R","?","R","M","?","R","BOSS","M","$","?","M","?","R","?","E","T","M","R","M","R","M","R","BOSS"],"items_purchased_type":["Card","Card","Card","Card","Card","Card"],"build_version":"2020-12-22","purchased_purges":0,"victory":false,"max_hp_per_floor":[68,68,68,68,68,68,68,68,68,68,68,68,68,68,68,68,68,70,72,72,72,72,72,72,74,74,74,74,74,74,74,74,76,76,78,78,78,80,80,80,80,82,82,82,82,84,84,84,84,84,84],"card_choices":[{"not_picked":["MentalFortress","Adaptation"],"picked":"BowlingBash","floor":1.0},{"not_picked":["Indignation","SashWhip","BowlingBash"],"picked":"SKIP","floor":7.0},{"not_picked":["JustLucky","BattleHymn"],"picked":"ReachHeaven","floor":8.0},{"not_picked":["ClearTheMind","Tantrum"],"picked":"DeusExMachina","floor":10.0},{"not_picked":["FollowUp","FlyingSleeves"],"picked":"Consecrate","floor":11.0},{"not_picked":["Omniscience","Vault"],"picked":"Brilliance","floor":16.0},{"not_picked":["Weave"],"picked":"Singing Bowl","floor":18.0},{"not_picked":["Conclude"],"picked":"Singing Bowl","floor":19.0},{"not_picked":[],"picked":"Sanctity","floor":24.0},{"not_picked":["Crescendo"],"picked":"Singing Bowl","floor":25.0},{"not_picked":[],"picked":"Halt","floor":28.0},{"not_picked":[],"picked":"Conclude+1","floor":30.0},{"not_picked":["Ragnarok+1"],"picked":"Singing Bowl","floor":33.0},{"not_picked":["Indignation"],"picked":"Singing Bowl","floor":35.0},{"not_picked":[],"picked":"Madness","floor":37.0},{"not_picked":["CutThroughFate+1"],"picked":"Singing Bowl","floor":38.0},{"not_picked":["Consecrate+1"],"picked":"Singing Bowl","floor":42.0},{"not_picked":[],"picked":"ThirdEye","floor":44.0},{"not_picked":[],"picked":"Prostrate","floor":45.0},{"not_picked":["Consecrate+1"],"picked":"Singing Bowl","floor":46.0},{"not_picked":[],"picked":"Prostrate","floor":47.0},{"not_picked":[],"picked":"Protect","floor":48.0},{"not_picked":[],"picked":"Swivel","floor":49.0}],"player_experience":1297715,"relics_obtained":[{"floor":4.0,"key":"Pantograph"},{"floor":7.0,"key":"Mercury Hourglass"},{"floor":9.0,"key":"Singing Bowl"},{"floor":10.0,"key":"Bag of Preparation"},{"floor":24.0,"key":"Tiny Chest"},{"floor":26.0,"key":"Molten Egg 2"},{"floor":39.0,"key":"Anchor"},{"floor":42.0,"key":"Dream Catcher"},{"floor":43.0,"key":"Boot"}],"event_choices":[{"damage_healed":0.0,"max_hp_gain":0.0,"max_hp_loss":0.0,"gold_gain":0.0,"event_name":"Match and Keep!","player_choice":"2 cards matched","floor":2.0,"gold_loss":0.0,"damage_taken":0.0,"cards_obtained":["ConjureBlade","CutThroughFate"]},{"damage_healed":0.0,"max_hp_gain":0.0,"max_hp_loss":0.0,"gold_gain":0.0,"event_name":"Scrap Ooze","player_choice":"Success","floor":5.0,"gold_loss":0.0,"damage_taken":11.0,"relics_obtained":["Omamori"]},{"damage_healed":0.0,"max_hp_gain":0.0,"max_hp_loss":0.0,"gold_gain":0.0,"event_name":"The Cleric","player_choice":"Leave","floor":13.0,"gold_loss":0.0,"damage_taken":0.0},{"damage_healed":0.0,"max_hp_gain":0.0,"max_hp_loss":0.0,"gold_gain":0.0,"event_name":"Drug Dealer","player_choice":"Inject Mutagens","floor":21.0,"gold_loss":0.0,"damage_taken":0.0,"relics_obtained":["MutagenicStrength"]},{"damage_healed":0.0,"max_hp_gain":0.0,"max_hp_loss":0.0,"gold_gain":0.0,"event_name":"Match and Keep!","player_choice":"2 cards matched","floor":22.0,"gold_loss":0.0,"damage_taken":0.0,"cards_obtained":["Ragnarok","CrushJoints"]},{"damage_healed":0.0,"max_hp_gain":0.0,"max_hp_loss":0.0,"gold_gain":0.0,"event_name":"Back to Basics","player_choice":"Simplicity","floor":31.0,"gold_loss":0.0,"damage_taken":0.0,"cards_upgraded":["Strike_P","Strike_P","Strike_P","Strike_P","Defend_P","Defend_P","Defend_P","Defend_P"]},{"damage_healed":0.0,"max_hp_gain":0.0,"max_hp_loss":0.0,"gold_gain":0.0,"event_name":"SensoryStone","player_choice":"Memory 1","floor":37.0,"gold_loss":0.0,"damage_taken":0.0},{"damage_healed":0.0,"max_hp_gain":0.0,"max_hp_loss":0.0,"gold_gain":0.0,"event_name":"Accursed Blacksmith","player_choice":"Forge","floor":41.0,"gold_loss":0.0,"damage_taken":0.0,"cards_upgraded":["BattleHymn"]}],"is_beta":false,"boss_relics":[{"not_picked":["Sozu","Pandora\u0027s Box"],"picked":"Busted Crown"},{"not_picked":["Black Star","Velvet Choker"],"picked":"Astrolabe"}],"items_purged_floors":[],"is_endless":false,"potions_floor_spawned":[1,7,8,16,24,25,28,30,46,48],"killed_by":"Time Eater","ascension_level":16}}