{"host":"cw25u8qal1h0d7ia","time":1610971239,"event":{"mods":["BaseMod","Downfall","Minty Spire (QoL Compilation)","StSLib"],"gold_per_floor":[99,113,113,131,141,141,141,158,158,170,229,229,256,296,318,434,446,358,383,413,425,437,437],"floor_reached":22,"language":"ENG","playtime":1521,"items_purged":[],"score":232,"play_id":"c4580572-c68b-4fa1-88cc-bdba0df1d196","local_time":"20210118130039","is_ascension_mode":true,"campfire_choices":[{"data":"bronze:Goto","floor":1,"key":"SMITH"},{"data":"bronze:Separator","floor":9,"key":"SMITH"},{"floor":18,"key":"RECALL"}],"circlet_count":0,"master_deck":["bronze:Strike+1","bronze:Strike","bronze:Strike","bronze:Strike","bronze:Defend+1","bronze:Defend","bronze:Defend","bronze:Defend","bronze:Replicate+1","bronze:Goto+1","bronze:Separator+1","bronze:Assembly","bronze:ChosenStrike"],"relics":["bronze:BronzeCore","Bag of Marbles","Art of War","Omamori","MawBank","StrikeDummy","bronze:ElectromagneticCoil","downfall:HeartBlessingGreen"],"acts_visited":["Exordium","TheCity"],"potions_floor_usage":[14,16,16,16],"damage_taken":[{"damage":1,"enemies":"2 Louse","floor":2,"turns":3},{"damage":1,"enemies":"Cultist","floor":4,"turns":4},{"damage":0,"enemies":"Small Slimes","floor":5,"turns":1},{"damage":7,"enemies":"3 Louse","floor":8,"turns":2},{"damage":16,"enemies":"Lots of Slimes","floor":10,"turns":3},{"damage":12,"enemies":"3 Sentries","floor":11,"turns":9},{"damage":0,"enemies":"Lagavulin","floor":14,"turns":2},{"damage":0,"enemies":"2 Fungi Beasts","floor":15,"turns":2},{"damage":45,"enemies":"IC_STATUS_ARCHETYPE","floor":16,"turns":10},{"damage":18,"enemies":"Shell Parasite","floor":19,"turns":5},{"damage":43,"enemies":"Snecko","floor":20,"turns":9},{"damage":9,"enemies":"Snake Plant","floor":22,"turns":1}],"seed_played":"-3040268508828965927","potions_obtained":[{"floor":2,"key":"LiquidMemories"},{"floor":3,"key":"Swift Potion"},{"floor":3,"key":"Regen Potion"},{"floor":15,"key":"PowerPotion"}],"is_trial":false,"path_per_floor":["R","M","?","M","M","?","T","M","R","M","?","?","T","E","M","B",null,"R","M","M","?","M"],"character_chosen":"THE_AUTOMATON","items_purchased":[],"campfire_rested":0,"item_purchase_floors":[],"current_hp_per_floor":[70,69,69,68,68,68,68,61,61,45,33,33,33,33,33,3,70,70,52,9,9,0,0],"gold":437,"neow_bonus":"RANDOM_COMMON_RELIC","is_daily":false,"chose_seed":false,"campfire_upgraded":2,"win_rate":0.0,"timestamp":1610971239,"path_taken":["R","M","?","?","M","?","T","M","R","M","?","?","?","E","M","BOSS","R","M","M","?","?"],"items_purchased_type":[],"build_version":"2020-12-22","purchased_purges":0,"victory":false,"max_hp_per_floor":[70,70,70,70,70,70,70,70,70,70,70,70,70,70,70,70,70,70,70,70,70,70,70],"card_choices":[{"not_picked":["bronze:DarkDash","bronze:Deprecate"],"picked":"bronze:Separator","floor":2},{"not_picked":["bronze:Separator","bronze:Branch","bronze:MaxOutput"],"picked":"SKIP","floor":4},{"not_picked":["bronze:Philosophize","bronze:Flail"],"picked":"bronze:Assembly","floor":5},{"not_picked":["bronze:Frontload","bronze:BitShift"],"picked":"bronze:ChosenStrike","floor":8},{"not_picked":["bronze:BuggyMess","bronze:Invalidate","bronze:BronzeOrb"],"picked":"SKIP","floor":10},{"not_picked":["bronze:Iterate","bronze:DarkDash","bronze:GetLatest"],"picked":"SKIP","floor":14},{"not_picked":["bronze:DigitalCarnage","bronze:Boost","bronze:Branch"],"picked":"SKIP","floor":15},{"not_picked":["bronze:FineTuning","bronze:BuggyMess","bronze:Shield+1"],"picked":"SKIP","floor":19},{"not_picked":["bronze:Iterate","bronze:Frontload+1","bronze:Flail"],"picked":"SKIP","floor":20}],"player_experience":580317,"relics_obtained":[{"floor":7,"key":"Art of War"},{"floor":11,"key":"Omamori"},{"floor":13,"key":"MawBank"},{"floor":14,"key":"StrikeDummy"}],"event_choices":[{"damage_healed":0,"gold_gain":0,"player_choice":"Got Potions","damage_taken":0,"max_hp_gain":0,"max_hp_loss":0,"event_name":"Lab","floor":3,"gold_loss":0}],"is_beta":false,"boss_relics":[{"not_picked":["Astrolabe","Fusion Hammer"],"picked":"bronze:ElectromagneticCoil"}],"items_purged_floors":[],"is_endless":false,"potions_floor_spawned":[2,8,10,11,15],"killed_by":"Snake Plant","ascension_level":2}}