{"host":"mcdusr64esz012l0","time":1610931281,"event":{"mods":["BaseMod","Minty Spire (QoL Compilation)","Relic Stats"],"gold_per_floor":[115,115,115,134,134,134,167,184,261,281,309,9,20,31,31,109,109,125,125,125,101,20,20,20],"floor_reached":23,"language":"ENG","playtime":819,"items_purged":["Decay"],"score":402,"play_id":"8e720ec4-7c21-4bbb-9244-c54c45b11174","local_time":"20210117195441","is_ascension_mode":true,"campfire_choices":[{"floor":6,"key":"REST"},{"data":"Loop","floor":15,"key":"SMITH"}],"circlet_count":0,"master_deck":["AscendersBane","Strike_B","Strike_B","Strike_B","Defend_B","Defend_B","Defend_B","Zap","Dualcast","Glacier","Ball Lightning","Go for the Eyes","Cold Snap","Capacitor","Loop+1","Capacitor","Coolheaded","Reinforced Body","Multi-Cast","Barrage","Coolheaded+1","Defragment"],"relics":["Cursed Key","Boot","Bird Faced Urn","Letter Opener","Pantograph","ClockworkSouvenir","Busted Crown","Enchiridion"],"acts_visited":["Exordium","TheCity"],"potions_floor_usage":[11,16,23,23],"damage_taken":[{"damage":7,"enemies":"Jaw Worm","floor":1,"turns":3},{"damage":0,"enemies":"Small Slimes","floor":4,"turns":3},{"damage":6,"enemies":"Lagavulin","floor":7,"turns":8},{"damage":7,"enemies":"2 Louse","floor":8,"turns":3},{"damage":9,"enemies":"Exordium Wildlife","floor":10,"turns":5},{"damage":16,"enemies":"3 Sentries","floor":11,"turns":7},{"damage":0,"enemies":"Looter","floor":13,"turns":3},{"damage":11,"enemies":"Large Slime","floor":14,"turns":6},{"damage":17,"enemies":"Slime Boss","floor":16,"turns":10},{"damage":26,"enemies":"Spheric Guardian","floor":18,"turns":6},{"damage":22,"enemies":"2 Thieves","floor":21,"turns":4},{"damage":14,"enemies":"Slavers","floor":23,"turns":2}],"seed_played":"-7293887400434451708","potions_obtained":[{"floor":1,"key":"Fire Potion"},{"floor":7,"key":"DistilledChaos"},{"floor":18,"key":"Dexterity Potion"},{"floor":21,"key":"Swift Potion"}],"is_trial":false,"path_per_floor":["M","?","?","M","?","R","E","M","T","M","E","$","M","M","R","B",null,"M","?","?","M","$","E"],"character_chosen":"DEFECT","items_purchased":["ClockworkSouvenir","Coolheaded","Defragment"],"campfire_rested":1,"item_purchase_floors":[12,12,22],"current_hp_per_floor":[57,39,32,32,32,53,47,40,40,33,21,21,25,20,20,34,62,42,21,21,7,7,0,0],"gold":20,"neow_bonus":"BOSS_RELIC","is_daily":false,"chose_seed":false,"campfire_upgraded":1,"win_rate":0.0,"timestamp":1610931281,"path_taken":["M","?","?","M","?","R","E","M","T","M","E","$","M","M","R","BOSS","M","?","?","M","$","E"],"items_purchased_type":["Relic","Card","Card"],"build_version":"2020-12-22","purchased_purges":1,"victory":false,"max_hp_per_floor":[71,71,71,71,71,71,71,71,71,71,71,71,71,71,71,71,71,71,71,71,71,71,71,71],"relic_stats":{"Busted Crown":4,"counters":[12,60],"Bird Faced Urn":[42],"Pantograph":25,"Letter Opener":[94],"Cursed Key":1,"Boot":[29],"obtain_stats":[{"Busted Crown":17,"Bird Faced Urn":7,"Pantograph":11,"Enchiridion":19,"Letter Opener":9,"Cracked Core":0,"Cursed Key":0,"Boot":2,"ClockworkSouvenir":12},{"Busted Crown":9,"Bird Faced Urn":3,"Pantograph":6,"Enchiridion":10,"Letter Opener":4,"Cracked Core":0,"Cursed Key":0,"Boot":1,"ClockworkSouvenir":6},{"Busted Crown":48,"Bird Faced Urn":14,"Pantograph":29,"Enchiridion":54,"Letter Opener":17,"Cracked Core":0,"Cursed Key":0,"Boot":3,"ClockworkSouvenir":29}]},"card_choices":[{"not_picked":["Hologram","Redo"],"picked":"Glacier","floor":1},{"not_picked":["Sweeping Beam","Aggregate"],"picked":"Ball Lightning","floor":4},{"not_picked":["Chill","Stack"],"picked":"Cold Snap","floor":7},{"not_picked":["Compile Driver","Aggregate"],"picked":"Capacitor","floor":8},{"not_picked":["Cold Snap","Conserve Battery"],"picked":"Loop","floor":10},{"not_picked":["Compile Driver","Rebound"],"picked":"Capacitor","floor":11},{"not_picked":["Turbo","Hologram","Gash"],"picked":"SKIP","floor":13},{"not_picked":["Turbo","Beam Cell"],"picked":"Reinforced Body","floor":14},{"not_picked":["Hyperbeam","All For One"],"picked":"Multi-Cast","floor":16},{"not_picked":[],"picked":"Barrage","floor":18},{"not_picked":[],"picked":"Coolheaded+1","floor":21}],"player_experience":1052096,"relics_obtained":[{"floor":7,"key":"Bird Faced Urn"},{"floor":9,"key":"Letter Opener"},{"floor":11,"key":"Pantograph"},{"floor":19,"key":"Enchiridion"}],"event_choices":[{"damage_healed":0,"gold_gain":0,"player_choice":"Success","damage_taken":18,"relics_obtained":["Boot"],"max_hp_gain":0,"max_hp_loss":0,"event_name":"Scrap Ooze","floor":2,"gold_loss":0},{"cards_removed":["Defend_B"],"damage_healed":0,"gold_gain":0,"player_choice":"Card Removal","damage_taken":7,"max_hp_gain":0,"max_hp_loss":0,"event_name":"Golden Wing","floor":3,"gold_loss":0},{"damage_healed":0,"gold_gain":0,"cards_transformed":["Strike_B"],"player_choice":"Change","damage_taken":0,"max_hp_gain":0,"max_hp_loss":0,"event_name":"Living Wall","floor":5,"gold_loss":0,"cards_obtained":["Go for the Eyes"]},{"damage_healed":0,"gold_gain":0,"player_choice":"Obtained Book","damage_taken":21,"max_hp_gain":0,"max_hp_loss":0,"event_name":"Cursed Tome","floor":19,"gold_loss":0},{"damage_healed":0,"gold_gain":0,"player_choice":"Ignored","damage_taken":0,"max_hp_gain":0,"max_hp_loss":0,"event_name":"The Mausoleum","floor":20,"gold_loss":0}],"is_beta":false,"boss_relics":[{"not_picked":["SacredBark","Ectoplasm"],"picked":"Busted Crown"}],"items_purged_floors":[12],"is_endless":false,"potions_floor_spawned":[1,7,10,18,21],"killed_by":"Slavers","ascension_level":20}}