{"host":"zxd2l8an9de7z7b9","time":1610990920,"event":{"mods":["100% Spire Juice","2.2 Compatiblity","BaseMod","CapriCore","Colored Map","Colored Powertips","GungeonMod","Minty Spire (QoL Compilation)","Rare Cards Sparkle","Replay The Spire","StSLib","SuperFastMode"],"gold_per_floor":[114,39,39,55,55,55,69,86,86,104,120,134,134,134,134,134,134],"floor_reached":16,"language":"KOR","playtime":693,"items_purged":["DemoMod:Strike_Huntress"],"score":94,"play_id":"16515904-f310-49fc-ae8f-d42ff2798dc8","local_time":"20210119022840","is_ascension_mode":false,"campfire_choices":[{"data":"DemoMod:SniperShot","floor":6,"key":"SMITH"},{"data":"DemoMod:ShadowBullets","floor":13,"key":"SMITH"},{"floor":15,"key":"REST"}],"circlet_count":0,"master_deck":["DemoMod:Strike_Huntress","DemoMod:Strike_Huntress","DemoMod:Defend_Huntress","DemoMod:Defend_Huntress","DemoMod:Defend_Huntress","DemoMod:Defend_Huntress","DemoMod:Roll","DemoMod:ManualReload","DemoMod:RustySidearm","DemoMod:CrossBow","DemoMod:BlankBullets","DemoMod:SniperShot+1","DemoMod:GunstockTap","DemoMod:FastSwitch","DemoMod:ShadowBullets+1","DemoMod:Camera","DemoMod:BattleInHaste"],"relics":["DemoMod:Dog","Replay:Bottled Flurry"],"acts_visited":["Exordium"],"potions_floor_usage":[10,16,16,16],"damage_taken":[{"damage":1.0,"enemies":"2 Louse","floor":1.0,"turns":2.0},{"damage":18,"enemies":"Cultist","floor":4,"turns":5},{"damage":0,"enemies":"Small Slimes","floor":7,"turns":3},{"damage":2,"enemies":"Exordium Wildlife","floor":8,"turns":5},{"damage":11,"enemies":"Gremlin Gang","floor":10,"turns":4},{"damage":4,"enemies":"Large Slime","floor":11,"turns":6},{"damage":7,"enemies":"Exordium Thugs","floor":12,"turns":4},{"damage":39,"enemies":"Slime Boss","floor":16,"turns":10}],"seed_played":"1878766868920359096","potions_obtained":[{"floor":4,"key":"EssenceOfSteel"},{"floor":7,"key":"Fire Potion"},{"floor":10,"key":"Weak Potion"},{"floor":11,"key":"Elixir"}],"is_trial":false,"path_per_floor":["M","$","?","M","$","R","M","M","T","M","M","M","R","?","R","B"],"character_chosen":"HUNTRESS","items_purchased":[],"campfire_rested":1,"item_purchase_floors":[],"current_hp_per_floor":[69,69,62,44,44,44,44,42,42,31,27,20,20,29,52,13,13],"gold":134,"neow_bonus":"ONE_RANDOM_RARE_CARD","is_daily":false,"chose_seed":false,"campfire_upgraded":2,"win_rate":0.0,"timestamp":1610990920,"path_taken":["M","$","?","M","?","R","M","M","T","?","M","M","R","?","R","BOSS"],"items_purchased_type":[],"build_version":"2020-12-22","purchased_purges":1,"victory":false,"max_hp_per_floor":[70,70,70,70,70,70,70,70,70,70,70,70,70,79,79,79,79],"card_choices":[{"not_picked":["DemoMod:StickyCrossBow","DemoMod:ConditionalReflex"],"picked":"DemoMod:SniperShot","floor":1.0},{"not_picked":["DemoMod:JK47","DemoMod:BoxingGlove"],"picked":"DemoMod:GunstockTap","floor":4},{"not_picked":["DemoMod:GunstockTap","DemoMod:StickyCrossBow"],"picked":"DemoMod:FastSwitch","floor":7},{"not_picked":["DemoMod:BoxingGlove","DemoMod:Slinger"],"picked":"DemoMod:ShadowBullets","floor":8},{"not_picked":["DemoMod:FeignSurrender","DemoMod:HuntsMan"],"picked":"DemoMod:Camera","floor":10},{"not_picked":["DemoMod:TableSutra","DemoMod:StickyCrossBow"],"picked":"DemoMod:CombinedRifle","floor":11},{"not_picked":["DemoMod:TeaPot","DemoMod:BoxingGlove"],"picked":"DemoMod:BattleInHaste","floor":12}],"player_experience":328461,"relics_obtained":[{"floor":9,"key":"Replay:Bottled Flurry"}],"event_choices":[{"damage_healed":0,"gold_gain":0,"player_choice":"Damaged","damage_taken":7,"max_hp_gain":0,"max_hp_loss":0,"event_name":"Wheel of Change","floor":3,"gold_loss":0}],"is_beta":false,"boss_relics":[],"items_purged_floors":[2],"is_endless":false,"potions_floor_spawned":[4,7,10,11],"killed_by":"Slime Boss","ascension_level":0}}