{"host":"4rvakrj1idbgia3f","time":1610981886,"event":{"mods":["BaseMod","Colored Map","Colored Powertips","DeckTracker","Highlight Path","Minty Spire (QoL Compilation)","Random Character Button","StSLib","The Marked"],"gold_per_floor":[114,129,129,129,129,129,149,187,235,235,269,290,330,358,358,358,358],"floor_reached":16,"language":"JPN","playtime":866,"items_purged":[],"score":145,"play_id":"8741dffa-807d-4ade-9b54-abeb4092737a","local_time":"20210118235806","is_ascension_mode":false,"campfire_choices":[{"data":"theMarked:SoldierOfQuellstein","floor":6.0,"key":"SMITH"},{"data":"theMarked:Snap","floor":10.0,"key":"SMITH"},{"data":"theMarked:AttractMetal","floor":15,"key":"SMITH"}],"circlet_count":0,"master_deck":["theMarked:Strike","theMarked:Strike","theMarked:Strike","theMarked:Strike","theMarked:Strike","theMarked:Defend","theMarked:Defend","theMarked:Defend","theMarked:SoldierOfQuellstein+1","theMarked:ChainLightning","theMarked:HeightenedSenses","theMarked:Convert","theMarked:Snap+1","theMarked:Electrify","theMarked:AttractMetal+1","theMarked:BindingBlade","theMarked:Aftermath"],"relics":["theMarked:ArtifactOfAir","NeowsBlessing","Golden Idol","Oddly Smooth Stone","Nunchaku","Regal Pillow","The Courier","CeramicFish"],"acts_visited":["Exordium"],"potions_floor_usage":[13,13],"damage_taken":[{"damage":0.0,"enemies":"Jaw Worm","floor":1.0,"turns":1.0},{"damage":0.0,"enemies":"Small Slimes","floor":2.0,"turns":1.0},{"damage":0.0,"enemies":"2 Louse","floor":7.0,"turns":1.0},{"damage":28.0,"enemies":"Gremlin Nob","floor":8.0,"turns":5.0},{"damage":6.0,"enemies":"Lagavulin","floor":11.0,"turns":7.0},{"damage":0.0,"enemies":"Large Slime","floor":12.0,"turns":3.0},{"damage":0,"enemies":"3 Sentries","floor":13,"turns":4},{"damage":0,"enemies":"Exordium Wildlife","floor":14,"turns":2},{"damage":20,"enemies":"The Guardian","floor":16,"turns":9}],"seed_played":"-3810311559404805089","potions_obtained":[{"floor":7.0,"key":"Dexterity Potion"},{"floor":8.0,"key":"Swift Potion"},{"floor":11.0,"key":"theMarked:ChargePotion"}],"is_trial":false,"path_per_floor":["M","M","?","?","?","R","M","E","T","R","E","M","E","M","R","B"],"character_chosen":"THE_DEFAULT","items_purchased":[],"campfire_rested":0,"item_purchase_floors":[],"current_hp_per_floor":[70,70,65,58,51,51,51,23,23,23,17,17,17,17,17,0,0],"gold":358,"neow_bonus":"THREE_ENEMY_KILL","is_daily":false,"chose_seed":false,"campfire_upgraded":3,"win_rate":0.0,"timestamp":1610981886,"path_taken":["M","M","?","?","?","R","M","E","T","R","E","M","E","M","R","BOSS"],"items_purchased_type":[],"build_version":"2020-12-22","purchased_purges":0,"victory":false,"max_hp_per_floor":[70,70,65,65,65,65,65,65,65,65,65,65,65,65,65,65,65],"card_choices":[{"not_picked":["theMarked:Improvise","theMarked:Static"],"picked":"theMarked:ChainLightning","floor":1.0},{"not_picked":["theMarked:WastefulAttack","theMarked:TwofoldDefense"],"picked":"theMarked:HeightenedSenses","floor":2.0},{"not_picked":["theMarked:Parkour","theMarked:TwofoldDefense"],"picked":"theMarked:Convert","floor":7.0},{"not_picked":["theMarked:BanishingStrike","theMarked:ResourceFulStrike"],"picked":"theMarked:Snap","floor":8.0},{"not_picked":["theMarked:ResourceFulStrike","theMarked:WardOff"],"picked":"theMarked:Electrify","floor":11.0},{"not_picked":["theMarked:RepellingDischarge","theMarked:WastefulDefense"],"picked":"theMarked:AttractMetal","floor":12.0},{"not_picked":["theMarked:ComboAttacks","theMarked:ChainLightning"],"picked":"theMarked:BindingBlade","floor":13},{"not_picked":["theMarked:LightningStrikesTwice","theMarked:SwordAndMagic"],"picked":"theMarked:Aftermath","floor":14}],"player_experience":2051425,"relics_obtained":[{"floor":8.0,"key":"Nunchaku"},{"floor":9.0,"key":"Regal Pillow"},{"floor":11.0,"key":"The Courier"},{"floor":13,"key":"CeramicFish"}],"event_choices":[{"damage_healed":0.0,"max_hp_gain":0.0,"max_hp_loss":5.0,"gold_gain":0.0,"event_name":"Golden Idol","player_choice":"Lose Max HP","floor":3.0,"gold_loss":0.0,"damage_taken":0.0,"relics_obtained":["Golden Idol"]},{"cards_removed":["theMarked:Defend"],"damage_healed":0.0,"max_hp_gain":0.0,"max_hp_loss":0.0,"gold_gain":0.0,"event_name":"Golden Wing","player_choice":"Card Removal","floor":4.0,"gold_loss":0.0,"damage_taken":7.0},{"damage_healed":0.0,"max_hp_gain":0.0,"max_hp_loss":0.0,"gold_gain":0.0,"event_name":"Scrap Ooze","player_choice":"Success","floor":5.0,"gold_loss":0.0,"damage_taken":7.0,"relics_obtained":["Oddly Smooth Stone"]}],"is_beta":false,"boss_relics":[],"items_purged_floors":[],"is_endless":false,"potions_floor_spawned":[7,8,11],"killed_by":"The Guardian","ascension_level":0}}