{"host":"f5y45f7z7ziu0smp","time":1610978978,"event":{"mods":["AchievementEnabler","BaseMod","Marisa£¨Ùöéë¡¡Øª×âÞÞ£©","Minty Spire (QoL Compilation)","Permanent Neow","Starting Relic: Pandora\u0027s Box","SuperFastMode","¡¼?Úª?ø«¡½REMEMod"],"gold_per_floor":[116,116,291,118,68,68,84,101,181,181,193,193,215,215,215,313,313,329,347,41,71,71,71,90,140,190,200,219,232,259,276,276,378,378,390,51,69,80,134,134,145,20,20,35,35,35,47,376,376,376],"floor_reached":51,"language":"KOR","playtime":1716,"items_purged":["Doubt","Tempest","FTL"],"score":1300,"play_id":"2672309a-5c07-47b9-ab90-19c5b4c42536","local_time":"20210118230938","is_ascension_mode":true,"campfire_choices":[{"data":"Scrawl","floor":6,"key":"SMITH"},{"data":"REME_TwoStrings","floor":10,"key":"SMITH"},{"data":"REME_SelfUpgrade","floor":12,"key":"SMITH"},{"data":"Turbo","floor":15,"key":"SMITH"},{"data":"Coolheaded","floor":23,"key":"SMITH"},{"data":"Scrape","floor":32,"key":"SMITH"},{"data":"Beam Cell","floor":40,"key":"SMITH"},{"data":"Hologram","floor":45,"key":"SMITH"},{"data":"Gash","floor":49,"key":"SMITH"}],"circlet_count":0,"master_deck":["Coolheaded+1","REME_Whirling","Gash","Turbo+1","REME_SelfUpgrade+1","Scrawl+1","Machine Learning+1","BootSequence+1","Hologram+1","REME_TwoStrings+1","Gash","Gash+1","REME_ForAll","Gash+1","Beam Cell+1","Fusion+1","Scrape+1","All For One","Gash+1","Skim+1","White Noise+1"],"relics":["REME_ComplimentaryCards","Astrolabe","Bottled Tornado","Odd Mushroom","Bronze Scales","Nuclear Battery","Ornamental Fan","Red Mask","Potion Belt","Blood Vial","Coffee Dripper","Bottled Lightning","CatCart","Darkstone Periapt","Old Coin"],"acts_visited":["Exordium","TheCity","TheBeyond"],"potions_floor_usage":[27,50],"damage_taken":[{"damage":0,"enemies":"Cultist","floor":1,"turns":3},{"damage":0,"enemies":"Small Slimes","floor":7,"turns":2},{"damage":0,"enemies":"2 Louse","floor":8,"turns":2},{"damage":0,"enemies":"Lots of Slimes","floor":11,"turns":2},{"damage":0,"enemies":"The Mushroom Lair","floor":13,"turns":2},{"damage":0,"enemies":"Hexaghost","floor":16,"turns":2},{"damage":0,"enemies":"Spheric Guardian","floor":18,"turns":2},{"damage":0,"enemies":"Shell Parasite","floor":19,"turns":1},{"damage":0,"enemies":"Masked Bandits","floor":21,"turns":1},{"damage":0,"enemies":"Snecko","floor":24,"turns":1},{"damage":0,"enemies":"Snake Plant","floor":27,"turns":2},{"damage":0,"enemies":"3 Cultists","floor":28,"turns":1},{"damage":0,"enemies":"Snecko","floor":29,"turns":2},{"damage":20,"enemies":"Slavers","floor":30,"turns":3},{"damage":0,"enemies":"Centurion and Healer","floor":31,"turns":1},{"damage":0,"enemies":"Champ","floor":33,"turns":3},{"damage":0,"enemies":"3 Shapes","floor":35,"turns":1},{"damage":0,"enemies":"Orb Walker","floor":37,"turns":1},{"damage":0,"enemies":"Sphere and 2 Shapes","floor":38,"turns":1},{"damage":0,"enemies":"Orin","floor":39,"turns":3},{"damage":0,"enemies":"Jaw Worm Horde","floor":41,"turns":1},{"damage":0,"enemies":"Spire Growth","floor":44,"turns":1},{"damage":0,"enemies":"Maw","floor":47,"turns":1},{"damage":0,"enemies":"Reptomancer","floor":48,"turns":1},{"damage":0,"enemies":"Donu and Deca","floor":50,"turns":2}],"seed_played":"6348225436011979311","potions_obtained":[{"floor":1,"key":"FocusPotion"},{"floor":8,"key":"ColorlessPotion"},{"floor":13,"key":"Ancient Potion"},{"floor":16,"key":"AttackPotion"},{"floor":27,"key":"Explosive Potion"},{"floor":28,"key":"BlessingOfTheForge"},{"floor":35,"key":"Block Potion"},{"floor":37,"key":"GamblersBrew"}],"is_trial":false,"path_per_floor":["M","$","?","$","?","R","M","M","T","R","M","R","?","?","R","B",null,"M","M","$","?","$","R","M","?","T","M","M","M","E","M","R","B",null,"M","$","M","M","?","R","M","$","T","M","R","?","M","E","R","B",null],"character_chosen":"DEFECT","items_purchased":["REME_TwoStrings","Beam Cell","Ornamental Fan","Bottled Lightning"],"campfire_rested":0,"item_purchase_floors":[4,20,20,36],"current_hp_per_floor":[68,68,68,68,68,68,68,68,68,68,68,68,68,68,68,68,73,73,73,73,73,73,73,73,73,73,73,73,73,53,55,55,57,71,73,73,75,75,75,75,75,75,75,75,75,75,75,75,75,75],"gold":376,"neow_bonus":"BOSS_RELIC","is_daily":false,"chose_seed":false,"campfire_upgraded":9,"win_rate":0.0,"timestamp":1610978978,"path_taken":["M","$","?","$","?","R","M","M","T","R","M","R","?","?","R","BOSS","M","M","?","?","$","R","M","?","T","M","M","?","E","?","R","BOSS","M","$","M","M","?","R","M","$","T","M","R","?","M","E","R","BOSS"],"items_purchased_type":["Card","Card","Relic","Relic"],"build_version":"2020-12-22","purchased_purges":3,"victory":true,"max_hp_per_floor":[75,75,75,75,75,75,75,75,75,75,75,75,75,75,75,75,75,75,75,75,75,75,75,75,75,75,75,75,75,75,75,75,75,75,75,75,75,75,75,75,75,75,75,75,75,75,75,75,75,75],"card_choices":[{"not_picked":["Darkness","Steam","Coolheaded"],"picked":"Hologram","floor":1},{"not_picked":["Ball Lightning","Glacier","Auto Shields"],"picked":"Gash","floor":7},{"not_picked":["Doom and Gloom","Rip and Tear","Conserve Battery"],"picked":"FTL","floor":8},{"not_picked":["Recycle","Turbo","Streamline","Leap","Reinforced Body"],"picked":"SKIP","floor":11},{"not_picked":["Stack","Compile Driver","Darkness","Sweeping Beam"],"picked":"Gash","floor":13},{"not_picked":["Echo Form","Seek","Thunder Strike","Buffer"],"picked":"REME_ForAll","floor":16},{"not_picked":["Coolheaded","REME_Compress","Rip and Tear","Sweeping Beam+1","Force Field+1"],"picked":"SKIP","floor":18},{"not_picked":["Defragment+1","Coolheaded","Recycle","Fusion"],"picked":"Gash+1","floor":19},{"not_picked":["Stack","Tempest","Sunder","Recycle","Beam Cell+1"],"picked":"SKIP","floor":24},{"not_picked":["Steam","Stack","Compile Driver","Ball Lightning+1","Leap"],"picked":"SKIP","floor":27},{"not_picked":["Self Repair+1","Sweeping Beam","Barrage+1","Hologram","Coolheaded"],"picked":"SKIP","floor":28},{"not_picked":["Steam","Loop+1","Glacier","Sweeping Beam+1"],"picked":"Fusion+1","floor":29},{"not_picked":["FTL","REME_DataAnalysis","Stack+1","Sweeping Beam","Turbo"],"picked":"SKIP","floor":30},{"not_picked":["Rebound+1","Consume","Sweeping Beam+1","Darkness"],"picked":"Scrape","floor":31},{"not_picked":["Electrodynamics","Seek","Rainbow","Reboot"],"picked":"All For One","floor":33},{"not_picked":["Leap+1","Darkness","Cold Snap","Beam Cell","Auto Shields"],"picked":"SKIP","floor":35},{"not_picked":["Coolheaded+1","Go for the Eyes","Rebound","Reprogram","Beam Cell"],"picked":"SKIP","floor":37},{"not_picked":["Leap+1","Steam","Blizzard+1","Cold Snap"],"picked":"Gash+1","floor":38},{"not_picked":["Chill","Redo","Turbo","Blizzard","Double Energy"],"picked":"SKIP","floor":41},{"not_picked":["Heatsinks","Force Field+1","Coolheaded","Auto Shields"],"picked":"Skim+1","floor":44},{"not_picked":["Stack","Amplify","Defragment","Double Energy+1"],"picked":"White Noise+1","floor":47},{"not_picked":["Cold Snap","Compile Driver+1","Conserve Battery","Hello World+1","Stack"],"picked":"SKIP","floor":48}],"player_experience":135547,"relics_obtained":[{"floor":9,"key":"Bottled Tornado"},{"floor":13,"key":"Odd Mushroom"},{"floor":21,"key":"Red Mask"},{"floor":26,"key":"Potion Belt"},{"floor":30,"key":"Blood Vial"},{"floor":39,"key":"CatCart"},{"floor":43,"key":"Darkstone Periapt"},{"floor":48,"key":"Old Coin"}],"event_choices":[{"damage_healed":0,"gold_gain":175,"player_choice":"AGREE","damage_taken":0,"max_hp_gain":0,"max_hp_loss":0,"event_name":"Liars Game","floor":3,"gold_loss":0,"cards_obtained":["Doubt"]},{"cards_removed":["Leap"],"damage_healed":0,"gold_gain":0,"player_choice":"Card Removal","damage_taken":0,"max_hp_gain":0,"max_hp_loss":0,"event_name":"The Cleric","floor":5,"gold_loss":50},{"damage_healed":0,"gold_gain":0,"player_choice":"Fought Mushrooms","damage_taken":0,"max_hp_gain":0,"max_hp_loss":0,"event_name":"Mushrooms","floor":13,"gold_loss":0},{"damage_healed":0,"gold_gain":0,"player_choice":"Gave Potion","damage_taken":0,"relics_obtained":["Bronze Scales"],"max_hp_gain":0,"max_hp_loss":0,"event_name":"WeMeetAgain","floor":14,"gold_loss":0},{"damage_healed":0,"gold_gain":0,"player_choice":"Fought Bandits","damage_taken":0,"max_hp_gain":0,"max_hp_loss":0,"event_name":"Masked Bandits","floor":21,"gold_loss":0},{"damage_healed":0,"gold_gain":100,"player_choice":"Bet on Murderer","damage_taken":0,"max_hp_gain":0,"max_hp_loss":0,"event_name":"The Joust","floor":25,"gold_loss":50},{"damage_healed":0,"gold_gain":0,"player_choice":"Fight","damage_taken":0,"max_hp_gain":0,"max_hp_loss":0,"event_name":"OrinTheCat","floor":39,"gold_loss":0},{"cards_removed":["Doom and Gloom"],"damage_healed":0,"gold_gain":0,"player_choice":"Card Removal","damage_taken":0,"max_hp_gain":0,"max_hp_loss":0,"event_name":"Wheel of Change","floor":46,"gold_loss":0}],"is_beta":false,"boss_relics":[{"not_picked":["Inserter","SlaversCollar"],"picked":"Nuclear Battery"},{"not_picked":["Fusion Hammer","Velvet Choker"],"picked":"Coffee Dripper"}],"items_purged_floors":[4,36,42],"is_endless":false,"potions_floor_spawned":[1,8,13,16,21,27,28,33,35,37,47,48],"ascension_level":7}}