{"host":"bc298c4gavna5tx2","time":1610978942,"event":{"mods":["ATMod(°¢èªMod)","Act Like it!","BaseMod","Challenge The Spire","Minty Spire (QoL Compilation)","MostiFishMod","Quarter Circle Forward PUNCH!","Quick Restart","Replay The Spire","Spicy Shops","StSLib","¡¾¹¦ÄÜMod¡¿»ìãçÖ®»·ÐÞ¸´²¹¶¡"],"gold_per_floor":[117,145,320,332,332,366,385,413,413,413,424,44,58,86,86,181,181,196,196,215,227,227,257,257,271,271,271,305,47,63,63,63,164,164,180,0,0,50,104,132,132,167,191,225,54,68,84,119,119,119,119,119,98,132,132],"floor_reached":56,"language":"ZHS","playtime":1255,"items_purged":["Doubt","Strike_R+1","Conserve Battery+1","Voices"],"score":2339,"play_id":"ba324524-ea2a-4bf4-9415-ee2aa88fca77","local_time":"20210118220902","is_ascension_mode":true,"campfire_choices":[{"data":"Heavy Blade","floor":10,"key":"SMITH"},{"data":"AT_KingSlayer","floor":15,"key":"SMITH"},{"floor":24,"key":"RECALL"},{"data":"AT_ChampionKick","floor":27,"key":"SMITH"},{"data":"MostiFishMod:Chiaki","floor":32,"key":"SMITH"},{"data":"Mayhem","floor":41,"key":"SMITH"},{"data":"Limit Break","floor":49,"key":"SMITH"},{"data":"MostiFishMod:ChineseTea","floor":52,"key":"SMITH"}],"circlet_count":0,"master_deck":["Strike_R+1","Strike_R+1","Strike_R+1","Strike_R+1","Defend_R+1","Defend_R+1","Defend_R+1","Defend_R+1","Bash+1","AT_KingSlayer+1","Heavy Blade+1","MostiFishMod:ChineseTea+1","AT_ChampionKick+1","MostiFishMod:Chiaki+1","Infinite Blades","Mayhem+1","Limit Break+1"],"relics":["Burning Blood","AT_ATBox","DaveBox","BirthdayGift-Tetrahedron","NeowsBlessing","SynthV:TestCard","AT_Kusabimaru","Replay:Baseball","AT_ForceNature","qcfpunch:Not_Strongest_Fighting_Style_Guidebook","Membership Card","qcfpunch:School_Backpack","AT_BellowingDragoncrestRing","Champion Belt","Transparent","Replay:Rubber Ducky","Unceasing Top","AT_BladeRuinedKing","AT_ArchangelStaff","ReplayTheSpireMod:Spearhead","Ring of Fury","PatriotShield","Red Mask","Thread and Needle","qcfpunch:Lotus_Statue","Singing Bowl","AT_GoldPhoenixTree","Replay:WaspNest","BargainBundle","ReplayTheSpireMod:TigerMarble","Dream Catcher","ReplayTheSpireMod:CursedCoin","ReplayTheSpireMod:Lightbulb","AT_TimeSand"],"acts_visited":["Exordium","TheCity","TheBeyond","TheEnding"],"potions_floor_usage":[8,8],"damage_taken":[{"damage":0,"enemies":"Cultist","floor":1,"turns":1},{"damage":0,"enemies":"Small Slimes","floor":4,"turns":1},{"damage":0,"enemies":"3 Sentries","floor":6,"turns":1},{"damage":2,"enemies":"2 Louse","floor":7,"turns":2},{"damage":4,"enemies":"Lagavulin","floor":8,"turns":3},{"damage":6,"enemies":"Exordium Thugs","floor":11,"turns":2},{"damage":0,"enemies":"2 Fungi Beasts","floor":13,"turns":1},{"damage":1,"enemies":"3 Sentries","floor":14,"turns":2},{"damage":2,"enemies":"Slime Boss","floor":16,"turns":3},{"damage":4,"enemies":"3 Byrds","floor":18,"turns":1},{"damage":4,"enemies":"Chosen","floor":20,"turns":1},{"damage":4,"enemies":"Snake Plant","floor":21,"turns":1},{"damage":4,"enemies":"Replay:Snechameleon","floor":23,"turns":1},{"damage":4,"enemies":"Snecko","floor":25,"turns":1},{"damage":4,"enemies":"Slavers","floor":28,"turns":1},{"damage":4,"enemies":"Centurion and Healer","floor":30,"turns":1},{"damage":4,"enemies":"Automaton","floor":33,"turns":1},{"damage":4,"enemies":"3 Shapes","floor":35,"turns":1},{"damage":4,"enemies":"Mind Bloom Boss Battle","floor":38,"turns":1},{"damage":4,"enemies":"2 Orb Walkers","floor":39,"turns":1},{"damage":4,"enemies":"Reptomancer","floor":40,"turns":1},{"damage":4,"enemies":"Nemesis","floor":42,"turns":1},{"damage":6,"enemies":"Reptomancer","floor":44,"turns":1},{"damage":6,"enemies":"3 Darklings","floor":46,"turns":1},{"damage":6,"enemies":"Transient","floor":47,"turns":1},{"damage":6,"enemies":"Nemesis","floor":48,"turns":1},{"damage":6,"enemies":"Time Eater","floor":50,"turns":1},{"damage":6,"enemies":"Shield and Spear","floor":54,"turns":1},{"damage":24,"enemies":"The Heart","floor":55,"turns":3}],"seed_played":"-1483405081694834103","potions_obtained":[{"floor":1,"key":"Adrenaline Potion"},{"floor":4,"key":"BlessingOfTheForge"},{"floor":16,"key":"Regen Potion"},{"floor":21,"key":"BloodPotion"},{"floor":23,"key":"Energy Potion"},{"floor":54,"key":"ColorlessPotion"}],"is_trial":false,"path_per_floor":["M","?","?","M","?","E","M","E","T","R","M","$","M","E","R","B",null,"M","?","M","M","?","E","R","M","T","R","E","$","M","?","R","B",null,"M","?","?","?","?","E","R","E","T","E","$","M","M","E","R","B",null,"R","$","E","B",null],"character_chosen":"IRONCLAD","items_purchased":["Membership Card","qcfpunch:School_Backpack","AT_BellowingDragoncrestRing","AT_ArchangelStaff","ReplayTheSpireMod:Spearhead","BargainBundle","ReplayTheSpireMod:TigerMarble","ReplayTheSpireMod:CursedCoin","ReplayTheSpireMod:Lightbulb"],"campfire_rested":0,"item_purchase_floors":[12,12,12,29,29,45,45,53,53],"current_hp_per_floor":[80,60,60,66,66,72,76,78,78,78,80,80,80,80,80,80,80,80,80,80,80,80,80,80,80,80,80,80,80,80,80,80,80,80,80,80,80,80,80,82,82,84,84,86,86,88,90,90,90,90,90,90,90,92,92],"gold":132,"neow_bonus":"THREE_ENEMY_KILL","is_daily":false,"chose_seed":false,"campfire_upgraded":7,"win_rate":0.0,"timestamp":1610978942,"path_taken":["M","?","?","M","?","E","M","E","T","R","M","$","?","E","R","BOSS","M","?","?","?","?","E","R","M","T","R","E","?","M","?","R","BOSS","M","?","?","?","?","E","R","E","T","E","?","M","M","E","R","BOSS","R","$","E","BOSS"],"items_purchased_type":["Relic","Relic","Relic","Relic","Relic","Relic","Relic","Relic","Relic"],"build_version":"2020-12-22","purchased_purges":4,"victory":true,"max_hp_per_floor":[80,80,80,80,80,80,80,80,80,80,80,80,80,80,80,80,80,80,80,80,80,80,80,80,80,80,80,80,80,80,80,80,80,80,80,80,80,80,80,82,82,84,84,86,86,88,90,90,90,90,90,90,90,92,92],"card_choices":[{"not_picked":["Burning Pact","Warcry","AT_IchimonjiDouble"],"picked":"SKIP","floor":1},{"not_picked":["Havoc","Headbutt","Anger","Second Wind","AT_IchimonjiDouble"],"picked":"SKIP","floor":4},{"not_picked":["AT_IchimonjiDouble","Body Slam","Sentinel","Thunderclap","True Grit"],"picked":"SKIP","floor":6},{"not_picked":["Corruption","ReplayTheSpireMod:Strike From Hell","True Grit","Pommel Strike"],"picked":"Heavy Blade","floor":7},{"not_picked":["Pommel Strike","Entrench","Feel No Pain","Sword Boomerang"],"picked":"MostiFishMod:ChineseTea","floor":8},{"not_picked":["Warcry","Run Through","Replay:Undeath\u0027s Touch","ReplayTheSpireMod:Corrosion Curse","Impervious"],"picked":"SKIP","floor":11},{"not_picked":["Go for the Eyes","Coolheaded"],"picked":"Conserve Battery+1","floor":13},{"not_picked":["Headbutt","ReplayTheSpireMod:LeadingStrike","ReplayTheSpireMod:Strike From Hell","Dropkick","Warcry"],"picked":"SKIP","floor":13},{"not_picked":["Headbutt","ReplayTheSpireMod:LeadingStrike","ReplayTheSpireMod:Strike From Hell","Dropkick","Warcry"],"picked":"SKIP","floor":13},{"not_picked":["Flying Knee","Phantasmal Killer","Caltrops"],"picked":"SKIP","floor":14},{"not_picked":["Anger","Thunderclap","Warcry","ReplayReversal","Clash"],"picked":"SKIP","floor":14},{"not_picked":["Scrawl","Devotion"],"picked":"AT_ChampionKick","floor":16},{"not_picked":["MostiFishMod:UltimateDefense","Exhume","Fiend Fire","MostiFishMod:FlyOverUtopia"],"picked":"MostiFishMod:Chiaki","floor":16},{"not_picked":["Evaluate","BowlingBash+1","EmptyBody"],"picked":"SKIP","floor":18},{"not_picked":["ReplayTheSpireMod:Muscle Training","Wild Strike","Berserk","Cleave","Power Through+1"],"picked":"SKIP","floor":18},{"not_picked":["Draining Mist","Crippling Poison"],"picked":"Infinite Blades","floor":20},{"not_picked":["Pommel Strike","Shrug It Off","Sever Soul","Uppercut+1","Headbutt+1"],"picked":"SKIP","floor":20},{"not_picked":["Evolve","ReplayTheSpireMod:Limb From Limb","Shockwave","Metallicize","Body Slam+1"],"picked":"SKIP","floor":21},{"not_picked":["Warcry","True Grit","Hemokinesis","Blood for Blood","Clash"],"picked":"SKIP","floor":23},{"not_picked":["AT_IchimonjiDouble+1","Pommel Strike","Heavy Blade","Power Through+1","ReplayTheSpireMod:Stacked"],"picked":"SKIP","floor":25},{"not_picked":["Rupture","MostiFishMod:FlyOverUtopia","MostiFishMod:#F4004","Abandon","ReplayTheSpireMod:Strike From Hell+1"],"picked":"SKIP","floor":28},{"not_picked":["Metallicize","Clothesline","Infernal Blade+1","AT_BodySlamDance","Searing Blow"],"picked":"SKIP","floor":30},{"not_picked":["Havoc+1","AT_IchimonjiDouble","Replay:Undeath\u0027s Touch","Sword Boomerang","AT_ShrugMaster+1"],"picked":"SKIP","floor":35},{"not_picked":["AT_BreakingExtremeWeapon","AT_Homeward","Mind Blast","Secret Weapon"],"picked":"Mayhem","floor":37},{"not_picked":["Cleave+1","Wild Strike","Anger","Twin Strike+1","Flex+1"],"picked":"Singing Bowl","floor":40},{"not_picked":["Fire Breathing","Shrug It Off+1","Infernal Blade+1","Massacre","MostiFishMod:OrdinaryWorld"],"picked":"Singing Bowl","floor":42},{"not_picked":["Entrench","ReplayTheSpireMod:Stacked","Metallicize","Flex","Headbutt"],"picked":"Singing Bowl","floor":44},{"not_picked":["Bludgeon","Massacre","Rupture","Body Slam","Warcry+1"],"picked":"Singing Bowl","floor":46},{"not_picked":["ReplayTheSpireMod:Limb From Limb","Pommel Strike+1","Cleave","Run Through+1","AT_ManFootWork+1"],"picked":"Singing Bowl","floor":47},{"not_picked":["Uppercut","Warcry","Clothesline","Havoc"],"picked":"Limit Break","floor":48},{"not_picked":["Warcry+1","Clothesline","Power Through+1","Perfected Strike","Exhume"],"picked":"Singing Bowl","floor":54}],"player_experience":94380,"relics_obtained":[{"floor":1,"key":"SynthV:TestCard"},{"floor":2,"key":"AT_Kusabimaru"},{"floor":6,"key":"Replay:Baseball"},{"floor":8,"key":"AT_ForceNature"},{"floor":9,"key":"qcfpunch:Not_Strongest_Fighting_Style_Guidebook"},{"floor":14,"key":"Champion Belt"},{"floor":23,"key":"Replay:Rubber Ducky"},{"floor":26,"key":"Unceasing Top"},{"floor":28,"key":"AT_BladeRuinedKing"},{"floor":31,"key":"Ring of Fury"},{"floor":38,"key":"Thread and Needle"},{"floor":39,"key":"qcfpunch:Lotus_Statue"},{"floor":40,"key":"Singing Bowl"},{"floor":42,"key":"AT_GoldPhoenixTree"},{"floor":44,"key":"Replay:WaspNest"},{"floor":48,"key":"Dream Catcher"},{"floor":54,"key":"AT_TimeSand"}],"event_choices":[{"damage_healed":0,"gold_gain":175,"player_choice":"AGREE","damage_taken":0,"max_hp_gain":0,"max_hp_loss":0,"event_name":"Liars Game","floor":3,"gold_loss":0,"cards_obtained":["Doubt"]},{"damage_healed":0,"gold_gain":0,"player_choice":"Upgraded","damage_taken":0,"max_hp_gain":0,"max_hp_loss":0,"event_name":"Upgrade Shrine","floor":5,"gold_loss":0,"cards_upgraded":["Bash"]},{"damage_healed":0,"gold_gain":0,"player_choice":"0 cards matched","damage_taken":0,"max_hp_gain":0,"max_hp_loss":0,"event_name":"Match and Keep!","floor":19,"gold_loss":0,"cards_obtained":[]},{"damage_healed":0,"gold_gain":0,"player_choice":"Simplicity","damage_taken":0,"max_hp_gain":0,"max_hp_loss":0,"event_name":"Back to Basics","floor":22,"gold_loss":0,"cards_upgraded":["Strike_R","Strike_R","Strike_R","Strike_R","Strike_R","Defend_R","Defend_R","Defend_R","Defend_R"]},{"damage_healed":0,"gold_gain":0,"player_choice":"Paid","damage_taken":0,"relics_obtained":["Red Mask"],"max_hp_gain":0,"max_hp_loss":0,"event_name":"Tomb of Lord Red Mask","floor":36,"gold_loss":180},{"damage_healed":0,"gold_gain":0,"player_choice":"Memory 1","damage_taken":0,"max_hp_gain":0,"max_hp_loss":0,"event_name":"SensoryStone","floor":37,"gold_loss":0},{"damage_healed":0,"gold_gain":0,"player_choice":"Fight","damage_taken":0,"max_hp_gain":0,"max_hp_loss":0,"event_name":"MindBloom","floor":38,"gold_loss":0},{"damage_healed":0,"gold_gain":0,"player_choice":"Fight","damage_taken":0,"max_hp_gain":0,"max_hp_loss":0,"event_name":"Mysterious Sphere","floor":39,"gold_loss":0}],"is_beta":false,"boss_relics":[{"not_picked":["Astrolabe","Cursed Key"],"picked":"Transparent"},{"not_picked":["NightmareShop","FrostBlade"],"picked":"PatriotShield"}],"items_purged_floors":[12,29,29,53],"is_endless":false,"potions_floor_spawned":[1,4,16,21,23,30,38,39,42,47,48,54],"ascension_level":5}}