{"host":"e1wc9sdc4kdvhg3d","time":1610929524,"event":{"mods":["AchievementEnabler","BaseMod","BetterRewards","Highlight Path","Minty Spire (QoL Compilation)","Relic Stats","StSLib"],"gold_per_floor":[116,127,202,202,202,236,236,275,275,275,19,19,32,57,57,187,187,211,126,126,126,79,79,79],"floor_reached":23,"language":"ENG","playtime":851,"items_purged":[],"score":336,"play_id":"152d1400-51e0-4c88-a490-daf301c1a268","local_time":"20210117182524","is_ascension_mode":true,"campfire_choices":[{"data":"ForeignInfluence","floor":7,"key":"SMITH"},{"floor":10,"key":"REST"},{"data":"Eruption","floor":12,"key":"SMITH"},{"data":"Alpha","floor":15,"key":"SMITH"}],"circlet_count":0,"master_deck":["Strike_P+1","Strike_P+1","Strike_P+1","Strike_P+1","Defend_P+1","Defend_P+1","Defend_P+1","Defend_P+1","Eruption+1","Vigilance","Consecrate","FollowUp","ForeignInfluence+1","Halt","Alpha+1","EmptyFist","DevaForm","ThirdEye"],"relics":["PureWater","Lantern","Pocketwatch","HandDrill","Juzu Bracelet","HornCleat","Golden Idol","Toy Ornithopter","Art of War","Shuriken","Singing Bowl","Black Star","Bag of Marbles"],"acts_visited":["Exordium","TheCity"],"potions_floor_usage":[16],"damage_taken":[{"damage":0,"enemies":"Jaw Worm","floor":1,"turns":3},{"damage":0,"enemies":"Small Slimes","floor":2,"turns":2},{"damage":26,"enemies":"3 Sentries","floor":6,"turns":6},{"damage":0,"enemies":"Lagavulin","floor":8,"turns":2},{"damage":0,"enemies":"2 Louse","floor":13,"turns":1},{"damage":0,"enemies":"Large Slime","floor":14,"turns":3},{"damage":9,"enemies":"Hexaghost","floor":16,"turns":6},{"damage":0,"enemies":"Spheric Guardian","floor":18,"turns":3},{"damage":62,"enemies":"Book of Stabbing","floor":23,"turns":7}],"seed_played":"580824522799921980","potions_obtained":[{"floor":8,"key":"GamblersBrew"},{"floor":13,"key":"SteroidPotion"}],"is_trial":false,"path_per_floor":["M","M","?","?","?","E","R","E","T","R","$","R","M","M","R","B",null,"M","?","?","?","$","E"],"character_chosen":"WATCHER","items_purchased":["Lantern","HandDrill","Juzu Bracelet","Singing Bowl","ThirdEye"],"campfire_rested":1,"item_purchase_floors":[0,0,0,11,22],"current_hp_per_floor":[72,72,61,54,54,28,28,28,28,48,48,48,48,48,48,44,67,69,69,69,57,57,0,0],"gold":79,"neow_bonus":"","is_daily":false,"chose_seed":false,"campfire_upgraded":3,"win_rate":0.0,"timestamp":1610929524,"path_taken":["M","M","?","?","?","E","R","E","T","R","$","R","M","M","R","BOSS","M","?","?","?","?","E"],"items_purchased_type":["Relic","Relic","Relic","Relic","Card"],"build_version":"2020-12-22","purchased_purges":0,"victory":false,"max_hp_per_floor":[72,72,72,72,67,67,67,67,67,67,67,67,67,67,67,67,67,69,69,69,74,74,74,74],"relic_stats":{"Singing Bowl":16,"counters":[106,529],"Golden Idol":54,"Shuriken":[75],"HandDrill":[10],"Juzu Bracelet":0,"Art of War":[0],"Black Star":5,"obtain_stats":[{"Calipers":21,"Gremlin Horn":26,"Whetstone":14,"Ginger":45,"Old Coin":13,"Blood Vial":10,"Lizard Tail":17,"HornCleat":4,"Strawberry":41,"Philosopher\u0027s Stone":17,"MealTicket":26,"Prayer Wheel":39,"HandDrill":0,"Kunai":14,"Toxic Egg 2":6,"Pear":45,"Blue Candle":23,"Dead Branch":42,"Eternal Feather":9,"Pen Nib":9,"Letter Opener":38,"Question Card":43,"Shuriken":0,"Bronze Scales":37,"Bird Faced Urn":43,"Molten Egg 2":42,"Nloth\u0027s Gift":27,"Black Star":17,"Unceasing Top":0,"Pocketwatch":0,"Darkstone Periapt":25,"Regal Pillow":25,"Lantern":0,"Singing Bowl":11,"Incense Burner":10,"Bag of Preparation":13,"Juzu Bracelet":9,"Cursed Key":17,"Smiling Mask":9,"Burning Blood":0,"ClockworkSouvenir":0,"Dream Catcher":27,"Nunchaku":0,"Matryoshka":8,"Mummified Hand":6,"Gambling Chip":39,"Pantograph":2,"Tiny Chest":2,"Red Mask":20,"Red Skull":8,"InkBottle":29,"Potion Belt":6,"Golden Idol":3,"Thread and Needle":12,"PreservedInsect":0,"Omamori":10,"Frozen Egg 2":0,"MawBank":7,"Calling Bell":17,"Anchor":26,"Busted Crown":34,"Ornamental Fan":42,"HolyWater":17,"Coffee Dripper":34,"Bag of Marbles":14,"Art of War":27,"Bottled Lightning":43,"PureWater":0,"Toy Ornithopter":6},{"Calipers":11,"Gremlin Horn":13,"Whetstone":8,"Ginger":72,"Old Coin":7,"Blood Vial":32,"Lizard Tail":83,"HornCleat":99,"Strawberry":94,"Philosopher\u0027s Stone":35,"MealTicket":86,"Prayer Wheel":93,"HandDrill":97,"Kunai":82,"Toxic Egg 2":30,"Pear":95,"Blue Candle":12,"Dead Branch":95,"Eternal Feather":21,"Pen Nib":5,"Letter Opener":68,"Question Card":71,"Shuriken":52,"Bronze Scales":45,"Bird Faced Urn":48,"Molten Egg 2":48,"Nloth\u0027s Gift":86,"Black Star":104,"Unceasing Top":52,"Pocketwatch":97,"Darkstone Periapt":40,"Regal Pillow":13,"Lantern":97,"Singing Bowl":101,"Incense Burner":22,"Bag of Preparation":33,"Juzu Bracelet":57,"Cursed Key":9,"Smiling Mask":21,"Burning Blood":0,"ClockworkSouvenir":16,"Dream Catcher":14,"Nunchaku":52,"Matryoshka":21,"Mummified Hand":20,"Gambling Chip":69,"Pantograph":76,"Tiny Chest":17,"Red Mask":11,"Red Skull":32,"InkBottle":87,"Potion Belt":56,"Golden Idol":53,"Thread and Needle":32,"PreservedInsect":0,"Omamori":6,"Frozen Egg 2":75,"MawBank":5,"Calling Bell":83,"Anchor":62,"Busted Crown":90,"Ornamental Fan":71,"HolyWater":58,"Coffee Dripper":43,"Bag of Marbles":57,"Art of War":63,"Bottled Lightning":48,"PureWater":0,"Toy Ornithopter":100},{"Calipers":52,"Gremlin Horn":63,"Whetstone":30,"Ginger":382,"Old Coin":26,"Blood Vial":159,"Lizard Tail":424,"HornCleat":501,"Strawberry":481,"Philosopher\u0027s Stone":178,"MealTicket":438,"Prayer Wheel":473,"HandDrill":496,"Kunai":417,"Toxic Egg 2":150,"Pear":486,"Blue Candle":58,"Dead Branch":486,"Eternal Feather":104,"Pen Nib":19,"Letter Opener":356,"Question Card":379,"Shuriken":274,"Bronze Scales":236,"Bird Faced Urn":249,"Molten Egg 2":249,"Nloth\u0027s Gift":438,"Black Star":519,"Unceasing Top":274,"Pocketwatch":496,"Darkstone Periapt":204,"Regal Pillow":63,"Lantern":496,"Singing Bowl":509,"Incense Burner":111,"Bag of Preparation":167,"Juzu Bracelet":290,"Cursed Key":40,"Smiling Mask":104,"Burning Blood":0,"ClockworkSouvenir":80,"Dream Catcher":71,"Nunchaku":274,"Matryoshka":104,"Mummified Hand":99,"Gambling Chip":367,"Pantograph":396,"Tiny Chest":85,"Red Mask":52,"Red Skull":159,"InkBottle":444,"Potion Belt":287,"Golden Idol":277,"Thread and Needle":159,"PreservedInsect":0,"Omamori":24,"Frozen Egg 2":394,"MawBank":19,"Calling Bell":424,"Anchor":325,"Busted Crown":461,"Ornamental Fan":379,"HolyWater":302,"Coffee Dripper":226,"Bag of Marbles":290,"Art of War":334,"Bottled Lightning":249,"PureWater":0,"Toy Ornithopter":507}],"Toy Ornithopter":5,"Pocketwatch":[30]},"card_choices":[{"not_picked":["CrushJoints","Fasting2"],"picked":"Consecrate","floor":1},{"not_picked":["Prostrate","BowlingBash"],"picked":"FollowUp","floor":2},{"not_picked":["ThirdEye","ReachHeaven"],"picked":"ForeignInfluence","floor":6},{"not_picked":["Crescendo","Protect"],"picked":"Halt","floor":8},{"not_picked":["CutThroughFate","EmptyBody"],"picked":"Alpha","floor":13},{"not_picked":["FlyingSleeves","FlurryOfBlows"],"picked":"EmptyFist","floor":14},{"not_picked":["Judgement","Scrawl"],"picked":"DevaForm","floor":16},{"not_picked":["Evaluate","Crescendo","SashWhip"],"picked":"Singing Bowl","floor":18}],"player_experience":471610,"relics_obtained":[{"floor":6,"key":"Toy Ornithopter"},{"floor":8,"key":"Art of War"},{"floor":9,"key":"Shuriken"}],"event_choices":[{"damage_healed":0,"gold_gain":75,"player_choice":"Gather Gold","damage_taken":11,"max_hp_gain":0,"max_hp_loss":0,"event_name":"World of Goop","floor":3,"gold_loss":0},{"damage_healed":0,"gold_gain":0,"player_choice":"Success","damage_taken":7,"relics_obtained":["HornCleat"],"max_hp_gain":0,"max_hp_loss":0,"event_name":"Scrap Ooze","floor":4,"gold_loss":0},{"damage_healed":0,"gold_gain":0,"player_choice":"Lose Max HP","damage_taken":0,"relics_obtained":["Golden Idol"],"max_hp_gain":0,"max_hp_loss":5,"event_name":"Golden Idol","floor":5,"gold_loss":0},{"damage_healed":0,"gold_gain":0,"player_choice":"Obtained Relic","damage_taken":0,"relics_obtained":["Bag of Marbles"],"max_hp_gain":0,"max_hp_loss":0,"event_name":"Addict","floor":19,"gold_loss":85},{"damage_healed":0,"gold_gain":0,"player_choice":"Simplicity","damage_taken":0,"max_hp_gain":0,"max_hp_loss":0,"event_name":"Back to Basics","floor":20,"gold_loss":0,"cards_upgraded":["Strike_P","Strike_P","Strike_P","Strike_P","Defend_P","Defend_P","Defend_P","Defend_P"]},{"damage_healed":0,"gold_gain":0,"player_choice":"Shed Blood","damage_taken":17,"max_hp_gain":5,"max_hp_loss":0,"event_name":"Forgotten Altar","floor":21,"gold_loss":0}],"is_beta":false,"boss_relics":[{"not_picked":["Fusion Hammer","Runic Pyramid"],"picked":"Black Star"}],"items_purged_floors":[],"is_endless":false,"potions_floor_spawned":[8,13],"killed_by":"Book of Stabbing","ascension_level":1}}