{"host":"zkqorkqsr6o67e8b","time":1610973724,"event":{"mods":["BaseMod","Better Vampires","Minty Spire (QoL Compilation)","Quick Restart","Reimu£®≤©¿ˆ¡È√Œ£©","StSLib","The Alterego","°æ“≈ŒÔø®≈∆°øREMEMod"],"gold_per_floor":[115,190,25,25,25,25,53,53,53,88,113,125,137,183,195,207,207],"floor_reached":16,"language":"ZHS","playtime":530,"items_purged":["Strike_Lin:ReiMu"],"score":295,"play_id":"e4e20173-3206-4dae-9283-d13d0dcbd543","local_time":"20210118204204","is_ascension_mode":true,"campfire_choices":[{"data":"REME_MawOfCthun","floor":6.0,"key":"SMITH"},{"data":"DoubleButterfly:ReiMu","floor":12.0,"key":"SMITH"},{"data":"AirManeuver:ReiMu","floor":15,"key":"SMITH"}],"circlet_count":0,"master_deck":["AscendersBane","Strike_Lin:ReiMu","Defend_Lin:ReiMu","Defend_Lin:ReiMu","Defend_Lin:ReiMu","Defend_Lin:ReiMu","NB:ReiMu","Stagnation:ReiMu","REME_MawOfCthun+1","RainPray2:ReiMu","DoubleButterfly:ReiMu+1","AirManeuver:ReiMu+1","SpiritualOutbreak2:ReiMu","Dreaming2:ReiMu"],"relics":["FlyPower:ReiMu","REME_ComplimentaryCards","NeowsBlessing","RuthlessExorcism:ReiMu","InkBottle","Golden Idol","Tea:ReiMu","MawBank","Boot"],"acts_visited":["Exordium"],"potions_floor_usage":[],"damage_taken":[{"damage":0.0,"enemies":"Jaw Worm","floor":1.0,"turns":1.0},{"damage":0.0,"enemies":"3 Sentries","floor":7.0,"turns":1.0},{"damage":0.0,"enemies":"Gremlin Nob","floor":10.0,"turns":1.0},{"damage":0.0,"enemies":"Small Slimes","floor":11.0,"turns":3.0},{"damage":16,"enemies":"Lagavulin","floor":14,"turns":18},{"damage":9,"enemies":"Hexaghost","floor":16,"turns":14}],"seed_played":"8423523279005609080","potions_obtained":[{"floor":1.0,"key":"Strength Potion"},{"floor":7.0,"key":"Ancient Potion"}],"is_trial":false,"path_per_floor":["M","?","$","?","T","R","E","?","T","E","M","R","?","E","R","B"],"character_chosen":"REIMU","items_purchased":["DoubleButterfly:ReiMu"],"campfire_rested":0,"item_purchase_floors":[3],"current_hp_per_floor":[54,43,43,36,36,36,36,36,36,36,36,36,36,20,20,11,11],"gold":207,"neow_bonus":"THREE_ENEMY_KILL","is_daily":false,"chose_seed":false,"campfire_upgraded":3,"win_rate":0.0,"timestamp":1610973724,"path_taken":["M","?","$","?","?","R","E","?","T","E","?","R","?","E","R","BOSS"],"items_purchased_type":["Card"],"build_version":"2020-12-22","purchased_purges":1,"victory":false,"max_hp_per_floor":[60,60,60,60,60,60,60,54,54,54,54,54,54,54,54,54,54],"card_choices":[{"not_picked":["ManaGlint:ReiMu","TakeOff:ReiMu"],"picked":"RainPray2:ReiMu","floor":1.0},{"not_picked":["RainPray2:ReiMu","SpringWay:ReiMu"],"picked":"AirManeuver:ReiMu","floor":7.0},{"not_picked":["SpringWay:ReiMu","Conquer:ReiMu"],"picked":"SpiritualOutbreak2:ReiMu","floor":10.0},{"not_picked":["CareerPray:ReiMu","OrbThrow:ReiMu","HakureiPhantom:ReiMu"],"picked":"SKIP","floor":11.0},{"not_picked":["SpiritualOutbreak2:ReiMu","Amulet:ReiMu"],"picked":"Dreaming2:ReiMu","floor":14}],"player_experience":536004,"relics_obtained":[{"floor":5.0,"key":"RuthlessExorcism:ReiMu"},{"floor":7.0,"key":"InkBottle"},{"floor":9.0,"key":"Tea:ReiMu"},{"floor":10.0,"key":"MawBank"},{"floor":14,"key":"Boot"}],"event_choices":[{"damage_healed":0.0,"max_hp_gain":0.0,"max_hp_loss":0.0,"gold_gain":75.0,"event_name":"World of Goop","player_choice":"Gather Gold","floor":2.0,"gold_loss":0.0,"damage_taken":11.0},{"cards_removed":["Strike_Lin:ReiMu"],"damage_healed":0.0,"max_hp_gain":0.0,"max_hp_loss":0.0,"gold_gain":0.0,"event_name":"Golden Wing","player_choice":"Card Removal","floor":4.0,"gold_loss":0.0,"damage_taken":7.0},{"damage_healed":0.0,"max_hp_gain":0.0,"max_hp_loss":6.0,"gold_gain":0.0,"event_name":"Golden Idol","player_choice":"Lose Max HP","floor":8.0,"gold_loss":0.0,"damage_taken":0.0,"relics_obtained":["Golden Idol"]},{"cards_removed":["Strike_Lin:ReiMu"],"damage_healed":0.0,"max_hp_gain":0.0,"max_hp_loss":0.0,"gold_gain":0.0,"event_name":"Purifier","player_choice":"Purged","floor":13.0,"gold_loss":0.0,"damage_taken":0.0}],"is_beta":false,"boss_relics":[],"items_purged_floors":[3],"is_endless":false,"potions_floor_spawned":[1,7,11],"killed_by":"Hexaghost","ascension_level":16}}