{"host":"uv231blk40vjdojr","time":1610990028,"event":{"mods":["AchievementEnabler","BaseMod","Bestiary","Minty Spire (QoL Compilation)","Relic Stats"],"gold_per_floor":[116,130,144,144,16,41,41,41,41],"floor_reached":8,"language":"ENG","playtime":275,"items_purged":["Strike_B"],"score":112,"play_id":"6557e5eb-5a55-4b55-a452-fe30281e8e75","local_time":"20210118181348","is_ascension_mode":true,"campfire_choices":[{"floor":7,"key":"REST"}],"circlet_count":0,"master_deck":["AscendersBane","Strike_B","Strike_B","Strike_B","Defend_B","Defend_B","Defend_B","Defend_B","Zap","Dualcast","All For One","Doom and Gloom","FTL","Turbo","Tempest"],"relics":["Cracked Core","GremlinMask","Tiny Chest"],"acts_visited":["Exordium"],"potions_floor_usage":[8],"damage_taken":[{"damage":4,"enemies":"Jaw Worm","floor":1,"turns":3},{"damage":1,"enemies":"Cultist","floor":2,"turns":4},{"damage":3,"enemies":"2 Louse","floor":3,"turns":2},{"damage":35,"enemies":"Lagavulin","floor":6,"turns":6},{"damage":44,"enemies":"Gremlin Nob","floor":8,"turns":3}],"seed_played":"-2312025408962332549","potions_obtained":[{"floor":1,"key":"BlessingOfTheForge"},{"floor":6,"key":"GamblersBrew"}],"is_trial":false,"path_per_floor":["M","M","M","?","$","E","R","E"],"character_chosen":"DEFECT","items_purchased":["Turbo"],"campfire_rested":1,"item_purchase_floors":[5],"current_hp_per_floor":[60,59,56,56,56,21,42,0,0],"gold":41,"neow_bonus":"ONE_RANDOM_RARE_CARD","is_daily":false,"chose_seed":false,"campfire_upgraded":0,"win_rate":0.0,"timestamp":1610990028,"path_taken":["M","M","M","?","?","E","R","E"],"items_purchased_type":["Card"],"build_version":"2020-12-22","purchased_purges":1,"victory":false,"max_hp_per_floor":[71,71,71,71,71,71,71,71,71],"relic_stats":{"counters":[5,18],"Tiny Chest":0,"obtain_stats":[{"GremlinMask":4,"Tiny Chest":6,"Cracked Core":0},{"GremlinMask":3,"Tiny Chest":4,"Cracked Core":0},{"GremlinMask":9,"Tiny Chest":15,"Cracked Core":0}]},"card_choices":[{"not_picked":["Reinforced Body","Hologram"],"picked":"Doom and Gloom","floor":1},{"not_picked":["Loop","Gash"],"picked":"FTL","floor":2},{"not_picked":["Hologram","Consume","Ball Lightning"],"picked":"SKIP","floor":3},{"not_picked":["Storm","Turbo"],"picked":"Tempest","floor":6}],"player_experience":698496,"relics_obtained":[{"floor":6,"key":"Tiny Chest"}],"event_choices":[{"damage_healed":0,"gold_gain":0,"player_choice":"Trade","damage_taken":0,"relics_obtained":["GremlinMask"],"max_hp_gain":0,"max_hp_loss":0,"event_name":"FaceTrader","floor":4,"gold_loss":0}],"is_beta":false,"boss_relics":[],"items_purged_floors":[5],"is_endless":false,"potions_floor_spawned":[1,6],"killed_by":"Gremlin Nob","ascension_level":20}}