{"host":"Bilverbakes","time":1610995674,"event":{"mods":["2.2 Compatiblity","AchievementEnabler","BaseMod","Bestiary","Colored Map","Minty Spire (QoL Compilation)","Relic Stats","StSLib","ojb\u0027s Info Mod"],"gold_per_floor":[116,131,131,150,164,164,14,46,46,75,87,87,97,97,97,173,173,193,220,220,235,38,78,96,96,123,162,175,175,210,237,237,308,308,325,52,75,94,94,133,133,145,172,187,235,235,263,297,297,297,297,297,297,59,91,91],"floor_reached":57,"language":"ENG","playtime":5542,"items_purged":["Pain","Worship"],"score":3364,"play_id":"d1e51ac7-004d-4d62-9786-e1495cb36474","local_time":"20210118124754","is_ascension_mode":true,"campfire_choices":[{"data":"Eruption","floor":6.0,"key":"SMITH"},{"data":"Tantrum","floor":12.0,"key":"SMITH"},{"data":"EmptyFist","floor":15.0,"key":"SMITH"},{"data":"Vault","floor":25.0,"key":"SMITH"},{"data":"TalkToTheHand","floor":29.0,"key":"SMITH"},{"data":"Vault","floor":32.0,"key":"SMITH"},{"data":"MentalFortress","floor":41.0,"key":"SMITH"},{"floor":49,"key":"RECALL"},{"data":"TalkToTheHand","floor":53,"key":"SMITH"}],"circlet_count":0,"master_deck":["AscendersBane","Strike_P","Strike_P","Strike_P","Defend_P","Defend_P","Defend_P","Eruption+1","Vigilance","WheelKick","EmptyFist+1","Tantrum+1","FearNoEvil","FlurryOfBlows","Vault+1","CurseOfTheBell","ClearTheMind+1","Adaptation","MentalFortress+1","WaveOfTheHand","TalkToTheHand+1","FlurryOfBlows+1","Vault+1","TalkToTheHand+1","Scrawl","TalkToTheHand+1"],"relics":["Black Star","WarpedTongs","Pear","Singing Bowl","HornCleat","Gambling Chip","Shuriken","Calling Bell","CeramicFish","White Beast Statue","StoneCalendar","Strawberry","Matryoshka","OrangePellets","Toy Ornithopter","Potion Belt","StrikeDummy","Bronze Scales","TeardropLocket","Meat on the Bone","Juzu Bracelet","Bottled Flame","VioletLotus","Pen Nib","Orichalcum","Letter Opener","Lantern","Torii","Ginger","Bag of Preparation","Toolbox","Vajra","Damaru"],"acts_visited":["TheCity","TheBeyond","TheEnding"],"potions_floor_usage":[51,56,56,56],"damage_taken":[{"damage":2.0,"enemies":"Jaw Worm","floor":1.0,"turns":6.0},{"damage":1.0,"enemies":"Cultist","floor":2.0,"turns":4.0},{"damage":7.0,"enemies":"Small Slimes","floor":4.0,"turns":4.0},{"damage":5.0,"enemies":"Red Slaver","floor":5.0,"turns":5.0},{"damage":19.0,"enemies":"Lagavulin","floor":8.0,"turns":4.0},{"damage":2.0,"enemies":"3 Sentries","floor":10.0,"turns":4.0},{"damage":0.0,"enemies":"2 Fungi Beasts","floor":11.0,"turns":2.0},{"damage":5.0,"enemies":"Gremlin Gang","floor":13.0,"turns":3.0},{"damage":0.0,"enemies":"Slime Boss","floor":16.0,"turns":6.0},{"damage":6.0,"enemies":"2 Thieves","floor":18.0,"turns":2.0},{"damage":0.0,"enemies":"Chosen","floor":21.0,"turns":3.0},{"damage":1.0,"enemies":"Book of Stabbing","floor":23.0,"turns":4.0},{"damage":19.0,"enemies":"Slavers","floor":27.0,"turns":4.0},{"damage":1.0,"enemies":"Snake Plant","floor":28.0,"turns":2.0},{"damage":0.0,"enemies":"Book of Stabbing","floor":30.0,"turns":5.0},{"damage":0.0,"enemies":"Centurion and Healer","floor":31.0,"turns":5.0},{"damage":0.0,"enemies":"Automaton","floor":33.0,"turns":5.0},{"damage":0.0,"enemies":"Orb Walker","floor":35.0,"turns":2.0},{"damage":0.0,"enemies":"3 Shapes","floor":37.0,"turns":7.0},{"damage":0.0,"enemies":"Spire Growth","floor":38.0,"turns":3.0},{"damage":5.0,"enemies":"Nemesis","floor":40.0,"turns":7.0},{"damage":1.0,"enemies":"Writhing Mass","floor":42.0,"turns":4.0},{"damage":0.0,"enemies":"4 Shapes","floor":44.0,"turns":7.0},{"damage":0.0,"enemies":"2 Orb Walkers","floor":45.0,"turns":4.0},{"damage":0.0,"enemies":"Sphere and 2 Shapes","floor":47.0,"turns":3.0},{"damage":0.0,"enemies":"Giant Head","floor":48.0,"turns":5.0},{"damage":0,"enemies":"Donu and Deca","floor":50,"turns":6},{"damage":20,"enemies":"Awakened One","floor":51,"turns":5},{"damage":0,"enemies":"Shield and Spear","floor":55,"turns":2},{"damage":12,"enemies":"The Heart","floor":56,"turns":7}],"seed_played":"3265070620119916343","potions_obtained":[{"floor":2.0,"key":"ColorlessPotion"},{"floor":10.0,"key":"AttackPotion"},{"floor":13.0,"key":"StancePotion"},{"floor":21.0,"key":"Fire Potion"},{"floor":23.0,"key":"FairyPotion"},{"floor":27.0,"key":"BlessingOfTheForge"},{"floor":28.0,"key":"Regen Potion"},{"floor":30.0,"key":"FearPotion"},{"floor":31.0,"key":"StancePotion"},{"floor":33.0,"key":"SmokeBomb"},{"floor":35.0,"key":"AttackPotion"},{"floor":37.0,"key":"ColorlessPotion"},{"floor":38.0,"key":"Regen Potion"},{"floor":40.0,"key":"CultistPotion"},{"floor":45.0,"key":"PowerPotion"}],"is_trial":false,"path_per_floor":["M","M","?","M","M","R","$","E","T","E","M","R","M","?","R","B",null,"M","T","?","M","$","E","?","R","T","E","M","R","E","M","R","B",null,"M","$","M","M","?","E","R","M","T","M","?","?","M","E","R","B","B",null,"R","$","E","B",null],"character_chosen":"WATCHER","items_purchased":["FearNoEvil","Adaptation","OrangePellets","Pen Nib","DistilledChaos","Toolbox"],"campfire_rested":0,"item_purchase_floors":[7,22,22,36,54,54],"current_hp_per_floor":[59,58,58,51,46,46,46,37,37,37,37,37,34,34,34,34,70,64,71,71,73,73,72,72,72,72,58,59,59,59,78,78,80,91,93,93,97,99,99,94,94,95,95,97,99,99,99,101,101,101,86,102,102,102,104,106],"gold":91,"neow_bonus":"BOSS_RELIC","is_daily":false,"chose_seed":false,"campfire_upgraded":8,"win_rate":0.0,"timestamp":1610995674,"path_taken":["M","M","?","?","M","R","$","E","T","E","?","R","M","?","R","BOSS","M","?","?","?","$","E","?","R","T","E","M","R","E","M","R","BOSS","M","$","M","M","?","E","R","M","T","M","?","?","M","E","R","BOSS","BOSS","R","$","E","BOSS"],"items_purchased_type":["Card","Card","Relic","Relic","Potion","Relic"],"build_version":"2020-12-18","purchased_purges":2,"victory":true,"max_hp_per_floor":[68,68,68,68,68,68,68,78,78,80,80,80,82,82,82,82,82,82,89,89,91,91,91,91,91,91,91,93,93,93,93,93,95,95,97,97,97,99,99,99,99,101,101,103,105,105,105,107,107,107,107,107,107,107,109,109],"relic_stats":{"Singing Bowl":24,"Torii":4,"counters":[30,130],"CeramicFish":99,"StoneCalendar":[41],"Pen Nib":[23],"Juzu Bracelet":1,"Bag of Preparation":[8],"Letter Opener":[20],"Ginger":[2],"Orichalcum":[18],"WarpedTongs":[118],"OrangePellets":[3],"Shuriken":[91],"Gambling Chip":[69],"Bronze Scales":[171],"VioletLotus":[39],"Black Star":8,"obtain_stats":[{"Lantern":43,"Singing Bowl":8,"Torii":45,"CeramicFish":17,"Vajra":55,"StoneCalendar":17,"Juzu Bracelet":30,"Bag of Preparation":48,"TeardropLocket":27,"Ginger":48,"HornCleat":9,"Matryoshka":20,"Gambling Chip":10,"Strawberry":19,"Toolbox":54,"VioletLotus":34,"Potion Belt":23,"Pear":8,"Damaru":55,"Pen Nib":36,"Letter Opener":40,"Orichalcum":40,"White Beast Statue":17,"WarpedTongs":3,"Calling Bell":17,"OrangePellets":22,"Bottled Flame":30,"Shuriken":10,"Bronze Scales":26,"Black Star":0,"PureWater":0,"StrikeDummy":26,"Toy Ornithopter":23,"Meat on the Bone":27},{"Lantern":22,"Singing Bowl":5,"Torii":24,"CeramicFish":9,"Vajra":29,"StoneCalendar":9,"Juzu Bracelet":15,"Bag of Preparation":26,"TeardropLocket":13,"Ginger":26,"HornCleat":5,"Matryoshka":10,"Gambling Chip":6,"Strawberry":10,"Toolbox":28,"VioletLotus":17,"Potion Belt":12,"Pear":5,"Damaru":29,"Pen Nib":18,"Letter Opener":21,"Orichalcum":21,"White Beast Statue":9,"WarpedTongs":2,"Calling Bell":9,"OrangePellets":11,"Bottled Flame":15,"Shuriken":6,"Bronze Scales":12,"Black Star":0,"PureWater":0,"StrikeDummy":12,"Toy Ornithopter":12,"Meat on the Bone":13},{"Lantern":91,"Singing Bowl":23,"Torii":102,"CeramicFish":38,"Vajra":123,"StoneCalendar":38,"Juzu Bracelet":58,"Bag of Preparation":110,"TeardropLocket":51,"Ginger":110,"HornCleat":23,"Matryoshka":40,"Gambling Chip":27,"Strawberry":40,"Toolbox":121,"VioletLotus":68,"Potion Belt":47,"Pear":23,"Damaru":123,"Pen Nib":70,"Letter Opener":87,"Orichalcum":87,"White Beast Statue":38,"WarpedTongs":10,"Calling Bell":38,"OrangePellets":43,"Bottled Flame":58,"Shuriken":27,"Bronze Scales":47,"Black Star":0,"PureWater":0,"StrikeDummy":47,"Toy Ornithopter":47,"Meat on the Bone":51}],"Toy Ornithopter":33,"Meat on the Bone":0},"card_choices":[{"not_picked":["Crescendo","BowlingBash"],"picked":"WheelKick","floor":1.0},{"not_picked":["FlurryOfBlows","Nirvana"],"picked":"EmptyFist","floor":2.0},{"not_picked":["EmptyFist","Consecrate","Pray"],"picked":"SKIP","floor":4.0},{"not_picked":["Wallop","FollowUp"],"picked":"Tantrum","floor":5.0},{"not_picked":["Prostrate","CutThroughFate"],"picked":"Sanctity","floor":8.0},{"not_picked":["Protect","JustLucky","CutThroughFate"],"picked":"Singing Bowl","floor":10.0},{"not_picked":["EmptyBody","Nirvana"],"picked":"FlurryOfBlows","floor":11.0},{"not_picked":["WreathOfFlame","Tantrum","Protect"],"picked":"Singing Bowl","floor":13.0},{"not_picked":["Devotion","Brilliance"],"picked":"Vault","floor":16.0},{"not_picked":["Protect","SashWhip"],"picked":"ClearTheMind+1","floor":18.0},{"not_picked":["WindmillStrike","ClearTheMind","FollowUp"],"picked":"Singing Bowl","floor":21.0},{"not_picked":["WreathOfFlame","JustLucky"],"picked":"MentalFortress","floor":23.0},{"not_picked":["Consecrate","Halt"],"picked":"TalkToTheHand","floor":27.0},{"not_picked":["Pray","PathToVictory","Swivel"],"picked":"Singing Bowl","floor":28.0},{"not_picked":["Prostrate+1","WindmillStrike"],"picked":"FlurryOfBlows+1","floor":30.0},{"not_picked":["FlurryOfBlows","Fasting2"],"picked":"Vault","floor":31.0},{"not_picked":["MasterReality","Brilliance","Devotion"],"picked":"Singing Bowl","floor":33.0},{"not_picked":["FlyingSleeves","ClearTheMind","Perseverance"],"picked":"Singing Bowl","floor":35.0},{"not_picked":["Crescendo","Halt"],"picked":"TalkToTheHand","floor":37.0},{"not_picked":["EmptyBody","EmptyFist","Collect"],"picked":"Singing Bowl","floor":38.0},{"not_picked":["Crescendo+1","Halt+1"],"picked":"Scrawl","floor":40.0},{"not_picked":["EmptyBody+1","CrushJoints","ClearTheMind"],"picked":"Singing Bowl","floor":42.0},{"not_picked":["SignatureMove","ClearTheMind+1","SashWhip"],"picked":"Singing Bowl","floor":44.0},{"not_picked":["Consecrate","Adaptation","Protect"],"picked":"Singing Bowl","floor":45.0},{"not_picked":["PathToVictory","FlurryOfBlows"],"picked":"TalkToTheHand","floor":47.0},{"not_picked":["CutThroughFate","Adaptation","SignatureMove+1"],"picked":"Singing Bowl","floor":48.0},{"not_picked":["WindmillStrike","DevaForm","Perseverance"],"picked":"Singing Bowl","floor":55}],"player_experience":743449,"relics_obtained":[{"floor":8.0,"key":"Pear"},{"floor":8.0,"key":"Singing Bowl"},{"floor":9.0,"key":"HornCleat"},{"floor":10.0,"key":"Gambling Chip"},{"floor":10.0,"key":"Shuriken"},{"floor":17.0,"key":"CeramicFish"},{"floor":17.0,"key":"White Beast Statue"},{"floor":17.0,"key":"StoneCalendar"},{"floor":19.0,"key":"Strawberry"},{"floor":20.0,"key":"Matryoshka"},{"floor":23.0,"key":"Toy Ornithopter"},{"floor":23.0,"key":"Potion Belt"},{"floor":26.0,"key":"StrikeDummy"},{"floor":26.0,"key":"Bronze Scales"},{"floor":27.0,"key":"TeardropLocket"},{"floor":27.0,"key":"Meat on the Bone"},{"floor":30.0,"key":"Juzu Bracelet"},{"floor":30.0,"key":"Bottled Flame"},{"floor":40.0,"key":"Orichalcum"},{"floor":40.0,"key":"Letter Opener"},{"floor":43.0,"key":"Lantern"},{"floor":45.0,"key":"Torii"},{"floor":48.0,"key":"Ginger"},{"floor":48.0,"key":"Bag of Preparation"},{"floor":55,"key":"Vajra"},{"floor":55,"key":"Damaru"}],"event_choices":[{"damage_healed":0.0,"max_hp_gain":0.0,"max_hp_loss":0.0,"gold_gain":0.0,"event_name":"Accursed Blacksmith","player_choice":"Rummage","floor":3.0,"gold_loss":0.0,"damage_taken":0.0,"relics_obtained":["WarpedTongs"],"cards_obtained":["Pain"]},{"damage_healed":0.0,"max_hp_gain":0.0,"max_hp_loss":0.0,"gold_gain":0.0,"event_name":"Match and Keep!","player_choice":"0 cards matched","floor":14.0,"gold_loss":0.0,"damage_taken":0.0,"cards_obtained":[]},{"damage_healed":0.0,"max_hp_gain":0.0,"max_hp_loss":0.0,"gold_gain":0.0,"event_name":"Wheel of Change","player_choice":"Relic","floor":20.0,"gold_loss":0.0,"damage_taken":0.0},{"damage_healed":0.0,"max_hp_gain":0.0,"max_hp_loss":0.0,"gold_gain":0.0,"cards_transformed":["Strike_P","Defend_P"],"event_name":"Drug Dealer","player_choice":"Became Test Subject","floor":24.0,"gold_loss":0.0,"damage_taken":0.0,"cards_obtained":["WaveOfTheHand","Worship"]},{"damage_healed":0.0,"max_hp_gain":0.0,"max_hp_loss":0.0,"gold_gain":0.0,"event_name":"Upgrade Shrine","player_choice":"Upgraded","floor":39.0,"gold_loss":0.0,"damage_taken":0.0,"cards_upgraded":["TalkToTheHand"]},{"damage_healed":0.0,"max_hp_gain":0.0,"max_hp_loss":0.0,"gold_gain":0.0,"event_name":"Mysterious Sphere","player_choice":"Fight","floor":45.0,"gold_loss":0.0,"damage_taken":0.0},{"cards_removed":["Sanctity"],"damage_healed":0.0,"max_hp_gain":0.0,"max_hp_loss":0.0,"gold_gain":0.0,"event_name":"Falling","player_choice":"Removed Skill","floor":46.0,"gold_loss":0.0,"damage_taken":0.0}],"is_beta":true,"boss_relics":[{"not_picked":["Sozu","Ectoplasm"],"picked":"Calling Bell"},{"not_picked":["SlaversCollar","Empty Cage"],"picked":"VioletLotus"}],"items_purged_floors":[7,36],"is_endless":false,"potions_floor_spawned":[2,10,13,16,18,21,23,27,28,30,31,33,35,37,38,40,42,44,45,47,48,55],"ascension_level":20}}