{"host":"1a3cjta80tad0aqj","time":1610998449,"event":{"mods":["2.2 Compatiblity","AchievementEnabler","BaseMod","Colored Map","DeckTracker","KOR Keyword Fix","Keyboard Shortcuts","Minty Spire (QoL Compilation)","Permanent Neow","Quick Restart","Random Character Button","StSLib","SuperFastMode","everything is the same but u backflip on backflip"],"gold_per_floor":[114,39,54,69,69,99,99,99,99,99,99,99,99,114,114,214,214,229,229,129,60,60,60,60,60,85,85,110,110,125,11,11,111,111,126,1,1,1,1,1,16,16,16,16,16,16,16,0,0,0,0],"floor_reached":50,"language":"KOR","playtime":1989,"items_purged":["Sentinel","Sentinel","Perfected Strike+1"],"score":426,"play_id":"b63f3d6f-c707-4bfe-822a-8944be59cd63","local_time":"20210119043409","daily_mods":["Draft","Flight","Lethality"],"is_ascension_mode":false,"campfire_choices":[{"data":"Armaments","floor":7.0,"key":"SMITH"},{"data":"Armaments","floor":8.0,"key":"SMITH"},{"data":"Hemokinesis","floor":10.0,"key":"SMITH"},{"data":"True Grit","floor":12.0,"key":"SMITH"},{"data":"True Grit","floor":13.0,"key":"SMITH"},{"data":"Sword Boomerang","floor":15.0,"key":"SMITH"},{"data":"Uppercut","floor":23.0,"key":"SMITH"},{"data":"Dropkick","floor":25.0,"key":"SMITH"},{"data":"Second Wind","floor":27.0,"key":"SMITH"},{"data":"Headbutt","floor":32.0,"key":"SMITH"},{"data":"Impervious","floor":40.0,"key":"SMITH"},{"floor":42.0,"key":"REST"},{"data":"Shrug It Off","floor":44.0,"key":"SMITH"},{"data":"Bash","floor":46.0,"key":"SMITH"},{"data":"Exhume","floor":49.0,"key":"SMITH"}],"circlet_count":0,"master_deck":["Second Wind+1","Hemokinesis+1","Sword Boomerang+1","Dual Wield","Dropkick+1","Feel No Pain","True Grit+1","Armaments+1","Shrug It Off+1","Warcry","Impervious+1","Uppercut+1","Headbutt+1","Purity","Feed+1","Clothesline+1","Headbutt+1","Bash+1","Exhume+1","Burning Pact"],"relics":["Burning Blood","Juzu Bracelet","Tiny Chest","Mark of Pain","Boot","Omamori","Astrolabe","Darkstone Periapt","HornCleat","Red Mask"],"acts_visited":["Exordium","TheCity","TheBeyond"],"potions_floor_usage":[50,50,50],"damage_taken":[{"damage":2.0,"enemies":"Cultist","floor":1.0,"turns":2.0},{"damage":12.0,"enemies":"2 Louse","floor":3.0,"turns":3.0},{"damage":2.0,"enemies":"Small Slimes","floor":4.0,"turns":1.0},{"damage":18.0,"enemies":"Lagavulin","floor":6.0,"turns":7.0},{"damage":11.0,"enemies":"Blue Slaver","floor":14.0,"turns":3.0},{"damage":26.0,"enemies":"Slime Boss","floor":16.0,"turns":7.0},{"damage":29.0,"enemies":"2 Thieves","floor":18.0,"turns":5.0},{"damage":2.0,"enemies":"Shell Parasite","floor":30.0,"turns":3.0},{"damage":55.0,"enemies":"Champ","floor":33.0,"turns":12.0},{"damage":14.0,"enemies":"3 Shapes","floor":35.0,"turns":4.0},{"damage":40.0,"enemies":"3 Darklings","floor":41.0,"turns":7.0},{"damage":83,"enemies":"Awakened One","floor":50,"turns":5}],"seed_played":"-1283480827410872575","potions_obtained":[{"floor":1.0,"key":"Energy Potion"},{"floor":3.0,"key":"LiquidBronze"},{"floor":4.0,"key":"HeartOfIron"},{"floor":33.0,"key":"EntropicBrew"}],"is_trial":false,"path_per_floor":["M","$","M","M","?","E","R","R","T","R","$","R","R","M","R","B",null,"M","?","$","$","?","R","?","R","T","R","T","?","M","$","R","B",null,"M","$","?","?","T","R","M","R","T","R","?","R","?","?","R","B"],"character_chosen":"IRONCLAD","items_purchased":["Uppercut","Headbutt","Purity"],"campfire_rested":1,"item_purchase_floors":[21,31,31],"current_hp_per_floor":[80,80,74,78,78,66,66,66,66,66,66,66,66,61,61,41,80,57,57,57,57,57,57,57,57,57,57,57,80,80,80,80,31,80,75,75,75,75,75,75,45,71,71,71,71,71,71,71,71,0,0],"gold":0,"neow_bonus":"","is_daily":true,"chose_seed":false,"campfire_upgraded":14,"win_rate":0.0,"timestamp":1610998449,"path_taken":["M","$","?","M","?","E","R","R","T","R","$","R","R","M","R","BOSS","M","?","$","$","?","R","?","R","T","R","?","?","M","$","R","BOSS","M","$","?","?","?","R","M","R","T","R","?","R","?","?","R","BOSS"],"items_purchased_type":["Card","Card","Card"],"build_version":"2020-12-22","purchased_purges":3,"victory":false,"max_hp_per_floor":[80,80,80,80,80,80,80,80,80,80,80,80,80,80,80,80,80,80,80,80,80,80,80,80,80,80,80,80,80,80,80,80,80,80,83,83,83,83,83,83,87,87,87,87,87,87,87,87,87,91,91],"card_choices":[{"not_picked":["True Grit","Rampage"],"picked":"Second Wind","floor":0.0},{"not_picked":["Cleave","Feel No Pain"],"picked":"Metallicize","floor":0.0},{"not_picked":["Flex","Anger"],"picked":"Hemokinesis","floor":0.0},{"not_picked":["Twin Strike","Clash"],"picked":"Armaments","floor":0.0},{"not_picked":["Hemokinesis","Armaments"],"picked":"Sword Boomerang","floor":0.0},{"not_picked":["Cleave","Inflame"],"picked":"Sentinel","floor":0.0},{"not_picked":["Iron Wave","Wild Strike"],"picked":"Entrench","floor":0.0},{"not_picked":["Heavy Blade","Cleave"],"picked":"True Grit","floor":0.0},{"not_picked":["Cleave","Thunderclap"],"picked":"Dual Wield","floor":0.0},{"not_picked":["Flex","Armaments"],"picked":"Dropkick","floor":0.0},{"not_picked":["True Grit","Anger"],"picked":"Feel No Pain","floor":0.0},{"not_picked":["Anger","Clothesline"],"picked":"Sentinel","floor":0.0},{"not_picked":["Armaments","Anger"],"picked":"True Grit","floor":0.0},{"not_picked":["Wild Strike","Flex"],"picked":"Armaments","floor":0.0},{"not_picked":["Warcry","Bloodletting"],"picked":"Shrug It Off","floor":0.0},{"not_picked":["Body Slam","True Grit","Cleave"],"picked":"SKIP","floor":1.0},{"not_picked":["Reckless Charge","Clash","Cleave"],"picked":"SKIP","floor":3.0},{"not_picked":["Limit Break","Havoc","Heavy Blade"],"picked":"SKIP","floor":4.0},{"not_picked":["Barricade","Heavy Blade","True Grit"],"picked":"SKIP","floor":6.0},{"not_picked":["Perfected Strike","Hemokinesis"],"picked":"Warcry","floor":14.0},{"not_picked":["Immolate","Berserk"],"picked":"Impervious","floor":16.0},{"not_picked":["Iron Wave","Fire Breathing","Clash"],"picked":"SKIP","floor":18.0},{"not_picked":["Blood for Blood","Clothesline"],"picked":"Shrug It Off","floor":30.0},{"not_picked":["Impervious","Juggernaut"],"picked":"Feed","floor":33.0},{"not_picked":["Clash","Pommel Strike+1","Sword Boomerang+1"],"picked":"SKIP","floor":35.0},{"not_picked":["Twin Strike","Clash+1","Headbutt+1"],"picked":"SKIP","floor":41.0}],"player_experience":752821,"relics_obtained":[{"floor":6.0,"key":"Juzu Bracelet"},{"floor":9.0,"key":"Tiny Chest"},{"floor":26.0,"key":"Boot"},{"floor":28.0,"key":"Omamori"},{"floor":39.0,"key":"Darkstone Periapt"},{"floor":43.0,"key":"HornCleat"}],"event_choices":[{"damage_healed":0.0,"max_hp_gain":0.0,"max_hp_loss":0.0,"gold_gain":0.0,"event_name":"Golden Idol","player_choice":"Ignored","floor":5.0,"gold_loss":0.0,"damage_taken":0.0},{"damage_healed":0.0,"max_hp_gain":0.0,"max_hp_loss":0.0,"gold_gain":0.0,"event_name":"Vampires","player_choice":"Ignored","floor":19.0,"gold_loss":0.0,"damage_taken":0.0},{"damage_healed":0.0,"max_hp_gain":0.0,"max_hp_loss":0.0,"gold_gain":0.0,"event_name":"Ghosts","player_choice":"Ignored","floor":24.0,"gold_loss":0.0,"damage_taken":0.0},{"cards_removed":["Entrench"],"damage_healed":23.0,"max_hp_gain":0.0,"max_hp_loss":0.0,"gold_gain":0.0,"event_name":"Bonfire Elementals","player_choice":"Offered Uncommon","floor":29.0,"gold_loss":0.0,"damage_taken":0.0},{"damage_healed":0.0,"max_hp_gain":0.0,"max_hp_loss":0.0,"gold_gain":0.0,"event_name":"Mysterious Sphere","player_choice":"Ignored","floor":37.0,"gold_loss":0.0,"damage_taken":0.0},{"damage_healed":0.0,"max_hp_gain":0.0,"max_hp_loss":0.0,"gold_gain":0.0,"event_name":"Accursed Blacksmith","player_choice":"Forge","floor":38.0,"gold_loss":0.0,"damage_taken":0.0,"cards_upgraded":["Feed"]},{"damage_healed":0.0,"max_hp_gain":0.0,"max_hp_loss":0.0,"gold_gain":0.0,"event_name":"Match and Keep!","player_choice":"3 cards matched","floor":45.0,"gold_loss":0.0,"damage_taken":0.0,"cards_obtained":["Bash","Exhume","Burning Pact"]},{"cards_removed":["Metallicize"],"damage_healed":0.0,"max_hp_gain":0.0,"max_hp_loss":0.0,"gold_gain":0.0,"event_name":"Falling","player_choice":"Removed Power","floor":47.0,"gold_loss":0.0,"damage_taken":0.0},{"damage_healed":0.0,"max_hp_gain":0.0,"max_hp_loss":0.0,"gold_gain":0.0,"event_name":"Tomb of Lord Red Mask","player_choice":"Paid","floor":48.0,"gold_loss":16.0,"damage_taken":0.0,"relics_obtained":["Red Mask"]}],"is_beta":false,"boss_relics":[{"not_picked":["Runic Dome","Sozu"],"picked":"Mark of Pain"},{"not_picked":["Velvet Choker","Coffee Dripper"],"picked":"Astrolabe"}],"items_purged_floors":[2,20,36],"is_endless":false,"potions_floor_spawned":[1,3,4,33],"killed_by":"Awakened One","ascension_level":0}}