{"host":"flj1s6tpybh44nnu","time":1610969642,"event":{"mods":["AchievementEnabler","BaseMod","Colored Powertips","HololiveMod","Minty Spire (QoL Compilation)","StSLib"],"gold_per_floor":[118,118,132,132,80,80,97,97,165,179,210,223,243,204,204,307,307,320,332,352,99,99,99,99,119,119],"floor_reached":25,"language":"ENG","playtime":4921,"items_purged":[],"score":203,"play_id":"3f4da5bd-b490-448d-bd13-fab001853825","local_time":"20210118213402","is_ascension_mode":false,"campfire_choices":[{"data":"Strike_R","floor":6,"key":"SMITH"},{"data":"Defend_R","floor":8,"key":"SMITH"},{"floor":15,"key":"REST"},{"floor":23,"key":"REST"}],"circlet_count":0,"master_deck":["Strike_R","Strike_R+1","Strike_R","Strike_R","Defend_R+1","Defend_R","Defend_R","Defend_R","Bash","Armaments","Anger","Uppercut","Perfected Strike","Rage","Perfected Strike","Feed","Sword Boomerang","Flame Barrier+1","Impervious+1","Inflame","Headbutt+1","Armaments+1","Rampage","HandOfGreed","Decay"],"relics":["Burning Blood","Toxic Egg 2","Gremlin Horn","Velvet Choker"],"acts_visited":["Exordium","TheCity"],"potions_floor_usage":[16],"damage_taken":[{"damage":10,"enemies":"Small Slimes","floor":1,"turns":5},{"damage":3,"enemies":"2 Louse","floor":3,"turns":3},{"damage":1,"enemies":"Cultist","floor":7,"turns":3},{"damage":20,"enemies":"Exordium Wildlife","floor":10,"turns":4},{"damage":24,"enemies":"Gremlin Nob","floor":11,"turns":5},{"damage":7,"enemies":"Large Slime","floor":12,"turns":6},{"damage":7,"enemies":"Looter","floor":13,"turns":3},{"damage":58,"enemies":"The Guardian","floor":16,"turns":12},{"damage":0,"enemies":"Spheric Guardian","floor":18,"turns":4},{"damage":46,"enemies":"2 Thieves","floor":19,"turns":5},{"damage":29,"enemies":"Chosen and Byrds","floor":20,"turns":7},{"damage":28,"enemies":"Shelled Parasite and Fungi","floor":25,"turns":2}],"seed_played":"-7846388580243228302","potions_obtained":[{"floor":1,"key":"BlessingOfTheForge"},{"floor":11,"key":"DuplicationPotion"},{"floor":12,"key":"LiquidMemories"},{"floor":19,"key":"SteroidPotion"},{"floor":20,"key":"LiquidBronze"}],"is_trial":false,"path_per_floor":["M","?","M","?","$","R","M","R","T","M","E","M","M","?","R","B",null,"M","M","M","$","?","R","?","M"],"character_chosen":"IRONCLAD","items_purchased":["Perfected Strike","Rampage","HandOfGreed"],"campfire_rested":2,"item_purchase_floors":[5,21,21],"current_hp_per_floor":[76,76,79,79,79,79,80,80,80,66,48,47,46,46,70,18,80,80,40,17,17,2,27,27,0,0],"gold":119,"neow_bonus":"","is_daily":false,"chose_seed":false,"campfire_upgraded":2,"win_rate":0.0,"timestamp":1610969642,"path_taken":["M","?","M","?","$","R","M","R","T","M","E","M","M","?","R","BOSS","M","M","M","$","?","R","?","M"],"items_purchased_type":["Card","Card","Card"],"build_version":"2020-12-22","purchased_purges":0,"victory":false,"max_hp_per_floor":[80,80,80,80,80,80,80,80,80,80,80,80,80,80,80,80,80,80,80,80,80,85,85,85,85,85],"card_choices":[{"not_picked":["Burning Pact","Bloodletting"],"picked":"Armaments","floor":1},{"not_picked":["Entrench","Clash"],"picked":"Uppercut","floor":3},{"not_picked":["Second Wind","Thunderclap"],"picked":"Rage","floor":7},{"not_picked":["Armaments+1","Anger"],"picked":"Perfected Strike","floor":10},{"not_picked":["Whirlwind","Flex+1"],"picked":"Feed","floor":11},{"not_picked":["Intimidate+1","Flex+1"],"picked":"Sword Boomerang","floor":12},{"not_picked":["Anger","Perfected Strike"],"picked":"Flame Barrier+1","floor":13},{"not_picked":["Corruption","Feed"],"picked":"Impervious+1","floor":16},{"not_picked":["Reckless Charge","Rage+1"],"picked":"Inflame","floor":18},{"not_picked":["Combust+1","Anger"],"picked":"Headbutt+1","floor":19},{"not_picked":["Intimidate+1","Perfected Strike"],"picked":"Armaments+1","floor":20}],"player_experience":0,"relics_obtained":[{"floor":9,"key":"Toxic Egg 2"},{"floor":11,"key":"Gremlin Horn"}],"event_choices":[{"damage_healed":0,"gold_gain":0,"cards_transformed":["Strike_R"],"player_choice":"Change","damage_taken":0,"max_hp_gain":0,"max_hp_loss":0,"event_name":"Living Wall","floor":2,"gold_loss":0,"cards_obtained":["Anger"]},{"damage_healed":0,"gold_gain":0,"player_choice":"Ignored","damage_taken":0,"max_hp_gain":0,"max_hp_loss":0,"event_name":"Liars Game","floor":4,"gold_loss":0},{"damage_healed":0,"gold_gain":0,"player_choice":"Left Gold","damage_taken":0,"max_hp_gain":0,"max_hp_loss":0,"event_name":"World of Goop","floor":14,"gold_loss":39},{"damage_healed":0,"gold_gain":0,"player_choice":"Shed Blood","damage_taken":20,"max_hp_gain":5,"max_hp_loss":0,"event_name":"Forgotten Altar","floor":22,"gold_loss":0},{"damage_healed":0,"gold_gain":0,"player_choice":"Cursed","damage_taken":0,"max_hp_gain":0,"max_hp_loss":0,"event_name":"Wheel of Change","floor":24,"gold_loss":0,"cards_obtained":["Decay"]}],"is_beta":false,"boss_relics":[{"not_picked":["Philosopher\u0027s Stone","SacredBark"],"picked":"Velvet Choker"}],"items_purged_floors":[],"is_endless":false,"potions_floor_spawned":[1,11,12,19,20],"killed_by":"Shelled Parasite and Fungi","ascension_level":0}}