{"host":"tkinv8gv6hgcc58b","time":1610950152,"event":{"mods":["AchievementEnabler","BaseMod","Colored Map","Downfall","Duelist Mod","GifTheSpireLib","Googly Eyes","Hermit","Minty Spire (QoL Compilation)","READ ME - Guardian Mod","Rare Cards Sparkle","Relic Filter","Shop Mod","StSLib","The Cursed","The Disciple"],"gold_per_floor":[99,116,116,133,212,237,260,260,160,10,10,28,54,39,52,148,148,148,166,4,16,78,111,111,146,146,160,160,189,89,189,208,307,307,307,320,32,43,43,78,78,78,78,78],"floor_reached":42,"language":"ENG","playtime":2996,"items_purged":[],"score":750,"play_id":"66015c22-60b1-4fc9-94a2-5561cbea4086","local_time":"20210118010912","is_ascension_mode":true,"campfire_choices":[{"data":"hexamod:Sear","floor":1.0,"key":"SMITH"},{"data":"hexamod:UnlimitedPower","floor":9.0,"key":"SMITH"},{"data":"hexamod:BurningTouch","floor":11.0,"key":"SMITH"},{"data":"hexamod:HeatShield","floor":18.0,"key":"SMITH"},{"floor":28.0,"key":"REST"},{"floor":30.0,"key":"REST"},{"floor":35.0,"key":"RECALL"}],"circlet_count":0,"master_deck":["hexamod:Strike","hexamod:Strike","hexamod:Strike","hexamod:Defend","hexamod:Defend","hexamod:Defend","hexamod:Defend","hexamod:Sear+1","hexamod:Float","hexamod:BurningTouch+1","hexamod:HeatShield+1","hexamod:Firestarter","hexamod:UnlimitedPower+1","hexamod:SpectralSpark","hexamod:HeatCrush","hexamod:EtherealExpedition+1","hexamod:FlamesFromBeyond+1","hexamod:UnlimitedPower+1","hexamod:BurningTouch+1","hexamod:FirstSeal","hexamod:ExtraCrispy","hexamod:SoulSteal+1","hexamod:RadiantFlame+1","hexamod:AdvancingGuard+1","Apotheosis+1","hexamod:RetreatToShadows+1","hexamod:ShieldOfDarkness+1","hexamod:TimeOfNeed+1","hexamod:CatchUp+1","hexamod:FirstSeal","hexamod:ApocalypseNow+1","hexamod:PhantomCloak+1","hexamod:RainOfEmbers","hexamod:BurningTouch+1","theDuelist:SummoningCurse","TheCursedMod:Dregs","hexamod:TimeOfNeed+1","Injury","theDuelist:CurseDarkness"],"relics":["bronze:MakeshiftBattery","Pear","Anchor","downfall:HeartBlessingBlue","Toxic Egg 2","Philosopher\u0027s Stone","Bottled Tornado","Happy Flower","Pen Nib","WingedGreaves","downfall:HeartBlessingGreen","Cursed Key","Guardian:PocketSentry","Blue Candle","Singing Bowl","Orichalcum"],"acts_visited":["Exordium","TheCity","TheBeyond"],"potions_floor_usage":[],"damage_taken":[{"damage":4.0,"enemies":"2 Louse","floor":2.0,"turns":2.0},{"damage":0.0,"enemies":"Cultist","floor":4.0,"turns":3.0},{"damage":30.0,"enemies":"Lagavulin","floor":6.0,"turns":6.0},{"damage":0.0,"enemies":"Small Slimes","floor":12.0,"turns":3.0},{"damage":12.0,"enemies":"3 Sentries","floor":13.0,"turns":6.0},{"damage":6.0,"enemies":"downfall:FleeingMerchant","floor":14.0,"turns":4.0},{"damage":0.0,"enemies":"3 Louse","floor":15.0,"turns":3.0},{"damage":0.0,"enemies":"WA_ARCHETYPE_RETAIN","floor":16.0,"turns":4.0},{"damage":4.0,"enemies":"Shell Parasite","floor":19.0,"turns":3.0},{"damage":16.0,"enemies":"downfall:FleeingMerchant","floor":20.0,"turns":4.0},{"damage":0.0,"enemies":"Chosen","floor":21.0,"turns":3.0},{"damage":0.0,"enemies":"downfall:FleeingMerchant","floor":22.0,"turns":3.0},{"damage":18.0,"enemies":"Book of Stabbing","floor":23.0,"turns":4.0},{"damage":23.0,"enemies":"Gremlin Leader","floor":25.0,"turns":6.0},{"damage":12.0,"enemies":"Snake Plant","floor":27.0,"turns":3.0},{"damage":25.0,"enemies":"Slavers","floor":29.0,"turns":3.0},{"damage":29.0,"enemies":"Shelled Parasite and Fungi","floor":32.0,"turns":4.0},{"damage":53.0,"enemies":"DF_ARCHETYPE_CLAW","floor":33.0,"turns":8.0},{"damage":11.0,"enemies":"3 Darklings","floor":36.0,"turns":3.0},{"damage":22.0,"enemies":"3 Shapes","floor":38.0,"turns":4.0},{"damage":75,"enemies":"Nemesis","floor":40,"turns":5},{"damage":31,"enemies":"Jaw Worm Horde","floor":42,"turns":1}],"seed_played":"8072252104951232548","potions_obtained":[{"floor":4.0,"key":"CultistPotion"},{"floor":12.0,"key":"Dexterity Potion"},{"floor":13.0,"key":"sneckomod:MuddlingPotion"},{"floor":19.0,"key":"SpeedPotion"},{"floor":25.0,"key":"DuplicationPotion"},{"floor":40,"key":"LiquidMemories"}],"is_trial":false,"path_per_floor":["R","M","?","M","T","E","T","?","R","?","R","M","E","$","M","B",null,"R","M","$","M","$","E","T","E","?","M","R","E","R","?","M","B",null,"R","M","$","M","?","E","T","M"],"character_chosen":"THE_SPIRIT","items_purchased":["hexamod:ExtraCrispy","hexamod:SoulSteal+1","Apotheosis+1","hexamod:RetreatToShadows+1","Guardian:PocketSentry","hexamod:RainOfEmbers","hexamod:BurningTouch+1"],"campfire_rested":2,"item_purchase_floors":[20,20,22,22,37,37,37],"current_hp_per_floor":[70,66,66,66,76,46,46,72,82,100,100,100,88,82,82,82,100,100,96,80,87,87,76,76,60,60,48,78,60,90,90,68,22,100,100,96,96,88,93,27,27,0,0,0],"gold":78,"neow_bonus":"BOSS_RELIC","is_daily":false,"chose_seed":false,"campfire_upgraded":4,"win_rate":0.0,"timestamp":1610950152,"path_taken":["R","M","?","?","?","E","T","?","R","?","R","?","E","$","M","BOSS","R","M","$","M","$","E","T","E","?","M","R","E","R","?","M","BOSS","R","M","$","?","?","E","T","M"],"items_purchased_type":["Card","Card","Card","Card","Relic","Card","Card"],"build_version":"2020-12-22","purchased_purges":0,"victory":false,"max_hp_per_floor":[70,70,70,70,80,80,80,80,90,100,100,100,100,100,100,100,100,100,100,100,100,100,100,100,100,100,100,100,100,100,100,100,100,100,100,100,100,100,105,107,107,107,107,107],"card_choices":[{"not_picked":["hexamod:GhostShield","hexamod:Hexaguard"],"picked":"hexamod:BurningTouch","floor":2.0},{"not_picked":["hexamod:AdvancingGuard","hexamod:Again"],"picked":"hexamod:Firestarter","floor":4.0},{"not_picked":["hexamod:SpectralAdrenaline","hexamod:FastForward"],"picked":"hexamod:UnlimitedPower","floor":6.0},{"not_picked":["hexamod:Firestarter","hexamod:RecurringNightmare"],"picked":"hexamod:SpectralSpark","floor":12.0},{"not_picked":["hexamod:SpectralSpark+1","hexamod:RecurringNightmare+1"],"picked":"hexamod:HeatCrush","floor":13.0},{"not_picked":["hexamod:SpectralSpark+1","hexamod:ShieldOfDarkness+1"],"picked":"hexamod:EtherealExpedition+1","floor":14.0},{"not_picked":["hexamod:NightmareStrike","hexamod:ShieldOfDarkness+1"],"picked":"hexamod:FlamesFromBeyond+1","floor":15.0},{"not_picked":["hexamod:Toasty","hexamod:FlameSwitch+1"],"picked":"hexamod:UnlimitedPower+1","floor":16.0},{"not_picked":["hexamod:NightmareStrike","hexamod:NightmareGuise+1"],"picked":"hexamod:BurningTouch+1","floor":19.0},{"not_picked":["hexamod:SwordOfDarkness+1","hexamod:Rewind+1"],"picked":"hexamod:FirstSeal","floor":20.0},{"not_picked":["hexamod:BacktrackSmack","hexamod:FastForward+1"],"picked":"hexamod:RadiantFlame+1","floor":21.0},{"not_picked":["hexamod:PhantomCloak","hexamod:ChargedBarrage+1"],"picked":"hexamod:AdvancingGuard+1","floor":22.0},{"not_picked":["hexamod:RainOfEmbers","hexamod:SpectralSpark+1"],"picked":"hexamod:ShieldOfDarkness+1","floor":23.0},{"not_picked":["hexamod:ShieldOfDarkness+1","hexamod:PhantomCloak"],"picked":"hexamod:TimeOfNeed+1","floor":25.0},{"not_picked":["hexamod:RecurringNightmare+1","hexamod:SuperheatedStrike"],"picked":"hexamod:CatchUp+1","floor":27.0},{"not_picked":["hexamod:GhostOfSpireFuture","hexamod:PhantomCloak","hexamod:Firestarter"],"picked":"SKIP","floor":29.0},{"not_picked":["hexamod:Hexaguard+1","hexamod:SwordOfDarkness+1"],"picked":"hexamod:FirstSeal","floor":32.0},{"not_picked":["hexamod:UnleashSpirits","hexamod:SixthSeal"],"picked":"hexamod:ApocalypseNow+1","floor":33.0},{"not_picked":["hexamod:HeatMetal+1","hexamod:HauntingEcho+1"],"picked":"hexamod:PhantomCloak+1","floor":36.0},{"not_picked":["hexamod:BacktrackSmack+1","hexamod:Incineration","hexamod:Hexaguard+1"],"picked":"SKIP","floor":38.0},{"not_picked":["hexamod:NightmareGuise+1","hexamod:GhostOfSpirePast","hexamod:BurningTouch+1"],"picked":"Singing Bowl","floor":40}],"player_experience":1031635,"relics_obtained":[{"floor":5.0,"key":"Pear"},{"floor":6.0,"key":"Anchor"},{"floor":13.0,"key":"Toxic Egg 2"},{"floor":23.0,"key":"Bottled Tornado"},{"floor":24.0,"key":"Happy Flower"},{"floor":25.0,"key":"Pen Nib"},{"floor":29.0,"key":"WingedGreaves"},{"floor":40,"key":"Singing Bowl"},{"floor":41,"key":"Orichalcum"}],"event_choices":[{"damage_healed":26.0,"max_hp_gain":0.0,"max_hp_loss":0.0,"gold_gain":0.0,"event_name":"Big Fish","player_choice":"Banana","floor":8.0,"gold_loss":0.0,"damage_taken":0.0}],"is_beta":false,"boss_relics":[{"not_picked":["SacredBark","Coffee Dripper"],"picked":"Philosopher\u0027s Stone"},{"not_picked":["Runic Dome","Snecko Eye"],"picked":"Cursed Key"}],"items_purged_floors":[],"is_endless":false,"potions_floor_spawned":[4,12,13,19,25,27,36,40],"killed_by":"Jaw Worm Horde","ascension_level":3}}