{"host":"qy89j0vid1u7yuu4","time":1610991514,"event":{"mods":["Act Like it!","Aspiration","BaseMod","Better Match","Better Third Choice","Card Forge","Colored Powertips","Conspire","Elementarium","GifTheSpireLib","Halation","Hermit","Hubris","Infinite Spire","Menagerie","Minty Spire (QoL Compilation)","Replay The Spire","Spicy Shops","StSLib","Stuff the Spire","The Blue Laboratory","The Jungle"],"gold_per_floor":[138,183,219,267,26,110,110,200,200,200,287,489,564,564,564],"floor_reached":14,"language":"ENG","playtime":791,"items_purged":["Strike_G"],"score":256,"play_id":"5633901f-44f3-4a70-b298-3f86c6bc5041","local_time":"20210118103834","daily_mods":["Vintage","Heirloom","Flight","DeadlyEvents","Elite Swarm","Midas"],"is_ascension_mode":true,"campfire_choices":[{"floor":7,"key":"REST"},{"floor":10,"key":"REST"}],"circlet_count":0,"master_deck":["AscendersBane","Strike_G","Strike_G","Strike_G","Strike_G","Defend_G","Defend_G","Defend_G","Defend_G","Defend_G","Survivor","Neutralize+1","Noxious Fumes+1","Die Die Die","Burst+1","A Thousand Cuts","Storm of Steel+1"],"relics":["Ring of the Snake","Hammer of Thor","Seething Fire","Anvil of the Gods","Ring of Chaos","Ice Cream","Potion Belt","Oddly Smooth Stone","hubris:Potato","StuffTheSpire:CocoNut","halation:Jellyphish","Pen Nib","StuffTheSpire:SapphireSignet","aspiration:FrozenJewel","Regal Pillow","conspire:GlowingRock","Replay:Bottled Flurry","hubris:CrackedHourglass"],"acts_visited":["Exordium"],"potions_floor_usage":[4,6,6,6,8,14,14],"damage_taken":[{"damage":0,"enemies":"Cultist","floor":1,"turns":4},{"damage":3,"enemies":"Small Slimes","floor":2,"turns":5},{"damage":9,"enemies":"Jaw Worm","floor":3,"turns":4},{"damage":9,"enemies":"Large Slime","floor":4,"turns":9},{"damage":13,"enemies":"Gremlin Nob","floor":6,"turns":4},{"damage":25,"enemies":"3 Sentries","floor":8,"turns":6},{"damage":1,"enemies":"Lagavulin","floor":11,"turns":5},{"damage":18,"enemies":"3 Sentries","floor":12,"turns":5},{"damage":7,"enemies":"Lagavulin","floor":13,"turns":5},{"damage":39,"enemies":"Gremlin Nob","floor":14,"turns":3}],"seed_played":"-8949784690844571119","potions_obtained":[{"floor":1,"key":"SkillPotion"},{"floor":2,"key":"ColorlessPotion"},{"floor":6,"key":"blueLaboratory:BottledHope"},{"floor":11,"key":"SteroidPotion"},{"floor":12,"key":"Poison Potion"}],"is_trial":true,"path_per_floor":["M","M","M","M","$","E","R","E","T","R","E","E","E","E"],"character_chosen":"THE_SILENT","items_purchased":["halation:Jellyphish","Noxious Fumes"],"campfire_rested":2,"item_purchase_floors":[5,5],"current_hp_per_floor":[59,56,47,45,45,32,53,28,28,49,48,30,23,0,0],"gold":564,"neow_bonus":"","is_daily":false,"chose_seed":false,"campfire_upgraded":0,"win_rate":0.0,"timestamp":1610991514,"path_taken":["M","M","M","M","$","E","R","E","T","R","E","E","E","E"],"items_purchased_type":["Relic","Card"],"build_version":"2020-12-22","purchased_purges":1,"victory":false,"max_hp_per_floor":[66,66,66,73,73,73,73,73,73,73,73,73,73,73,73],"card_choices":[{"not_picked":["Storm of Steel","Poison Darts"],"picked":"Die Die Die","floor":6},{"not_picked":["A Thousand Cuts","Envenom"],"picked":"Burst","floor":8},{"not_picked":["Replay:Bag of Tricks","Unload"],"picked":"A Thousand Cuts","floor":11},{"not_picked":["Poison Darts","Tools of the Trade"],"picked":"Storm of Steel","floor":12},{"not_picked":["aspiration:Lunge","Storm of Steel","Die Die Die"],"picked":"SKIP","floor":13}],"player_experience":108004,"relics_obtained":[{"floor":1,"key":"Potion Belt"},{"floor":2,"key":"Oddly Smooth Stone"},{"floor":3,"key":"hubris:Potato"},{"floor":4,"key":"StuffTheSpire:CocoNut"},{"floor":6,"key":"Pen Nib"},{"floor":8,"key":"StuffTheSpire:SapphireSignet"},{"floor":9,"key":"aspiration:FrozenJewel"},{"floor":11,"key":"Regal Pillow"},{"floor":12,"key":"conspire:GlowingRock"},{"floor":13,"key":"Replay:Bottled Flurry"}],"event_choices":[],"is_beta":false,"boss_relics":[],"items_purged_floors":[5],"is_endless":false,"potions_floor_spawned":[1,2,6,11,12],"killed_by":"Gremlin Nob","ascension_level":20}}