{"host":"ccw6t0i2dpm5wyxf","time":1610954638,"event":{"mods":["AchievementEnabler","BaseMod","Colored Map","Minty Spire (QoL Compilation)","Permanent Neow","SuperFastMode"],"gold_per_floor":[110,121,136,136,27,57,74,74,154,154,180,255,255,271,271,370,370,388,271,186,205,68,100,25,50,100,131,131,131,145,165,165,264,264,277,296,316,328,378,378,409,409,433,465,32,32,44,72,72,72],"floor_reached":51,"language":"ENG","playtime":2577,"items_purged":["Defend_R"],"score":1224,"play_id":"1431c737-d646-42a4-8219-1633d2dc1e18","local_time":"20210118012358","is_ascension_mode":true,"campfire_choices":[{"floor":8.0,"key":"REST"},{"data":"Uppercut","floor":10.0,"key":"SMITH"},{"data":"Metallicize","floor":13.0,"key":"SMITH"},{"data":"Metallicize","floor":15.0,"key":"SMITH"},{"floor":29.0,"key":"REST"},{"floor":32.0,"key":"REST"},{"floor":40,"key":"REST"},{"floor":42,"key":"DIG"},{"floor":49,"key":"DIG"}],"circlet_count":0,"master_deck":["Bash","Metallicize+1","Uppercut+1","Metallicize+1","Shockwave","Iron Wave","Reaper","Rage","Clothesline","Uppercut+1","Dropkick","Feed","Armaments","Disarm+1","Bloodletting+1","Shrug It Off","Warcry+1","Shockwave+1","Spot Weakness","Seeing Red","Armaments","Necronomicurse","Power Through+1","Clothesline+1","Bludgeon+1","Carnage+1","Pommel Strike+1","Metallicize","Perfected Strike","Shockwave+1"],"relics":["Empty Cage","Torii","Juzu Bracelet","Mummified Hand","Ancient Tea Set","The Courier","Pandora\u0027s Box","Orrery","Ornamental Fan","Membership Card","Incense Burner","Red Skull","Pen Nib","Toy Ornithopter","Necronomicon","Sozu","Shovel","Potion Belt","MealTicket","Anchor","Dream Catcher","StoneCalendar","Whetstone","Vajra","Shuriken","Self Forming Clay","Happy Flower","Lizard Tail"],"acts_visited":["Exordium","TheCity","TheBeyond"],"potions_floor_usage":[],"damage_taken":[{"damage":14.0,"enemies":"Cultist","floor":1.0,"turns":5.0},{"damage":5.0,"enemies":"2 Louse","floor":2.0,"turns":4.0},{"damage":4.0,"enemies":"Jaw Worm","floor":3.0,"turns":4.0},{"damage":1.0,"enemies":"3 Sentries","floor":6.0,"turns":11.0},{"damage":4.0,"enemies":"Lots of Slimes","floor":7.0,"turns":8.0},{"damage":6.0,"enemies":"Gremlin Nob","floor":11.0,"turns":4.0},{"damage":0.0,"enemies":"2 Fungi Beasts","floor":14.0,"turns":3.0},{"damage":58.0,"enemies":"Slime Boss","floor":16.0,"turns":18.0},{"damage":9.0,"enemies":"Chosen","floor":18.0,"turns":7.0},{"damage":7.0,"enemies":"Spheric Guardian","floor":21.0,"turns":4.0},{"damage":9.0,"enemies":"Book of Stabbing","floor":23.0,"turns":8.0},{"damage":57.0,"enemies":"Slavers","floor":25.0,"turns":8.0},{"damage":31.0,"enemies":"Gremlin Leader","floor":27.0,"turns":7.0},{"damage":1.0,"enemies":"Snake Plant","floor":30.0,"turns":3.0},{"damage":4.0,"enemies":"Centurion and Healer","floor":31.0,"turns":4.0},{"damage":6.0,"enemies":"Champ","floor":33.0,"turns":9.0},{"damage":3.0,"enemies":"Orb Walker","floor":35.0,"turns":3.0},{"damage":17.0,"enemies":"3 Darklings","floor":36.0,"turns":8.0},{"damage":3,"enemies":"Maw","floor":37,"turns":5},{"damage":24,"enemies":"4 Shapes","floor":38,"turns":3},{"damage":3,"enemies":"Mind Bloom Boss Battle","floor":39,"turns":4},{"damage":24,"enemies":"Nemesis","floor":41,"turns":7},{"damage":19,"enemies":"Reptomancer","floor":44,"turns":4},{"damage":2,"enemies":"Sphere and 2 Shapes","floor":47,"turns":4},{"damage":3,"enemies":"Giant Head","floor":48,"turns":5},{"damage":34,"enemies":"Awakened One","floor":50,"turns":9}],"seed_played":"1798507440676713058","potions_obtained":[{"floor":1.0,"key":"SteroidPotion"},{"floor":2.0,"key":"HeartOfIron"},{"floor":6.0,"key":"SpeedPotion"},{"floor":18.0,"key":"DuplicationPotion"},{"floor":30.0,"key":"PowerPotion"},{"floor":31.0,"key":"BloodPotion"}],"is_trial":false,"path_per_floor":["M","M","M","?","$","E","M","R","T","R","E","T","R","M","R","B",null,"M","$","?","M","$","E","?","E","T","E","?","R","M","M","R","B",null,"M","M","M","M","?","R","E","R","T","E","$","?","M","E","R","B",null],"character_chosen":"IRONCLAD","items_purchased":["Metallicize","Orrery","Membership Card","Spot Weakness","StoneCalendar","Whetstone","Vajra","Shuriken","Self Forming Clay"],"campfire_rested":4,"item_purchase_floors":[5,19,22,22,45,45,45,45,45],"current_hp_per_floor":[58,53,49,46,46,45,41,65,65,65,59,59,59,59,59,1,60,57,57,57,54,54,60,60,28,28,20,4,30,37,52,79,81,89,89,80,77,67,64,91,79,79,79,75,90,90,88,85,85,51],"gold":72,"neow_bonus":"BOSS_RELIC","is_daily":false,"chose_seed":false,"campfire_upgraded":3,"win_rate":0.0,"timestamp":1610954638,"path_taken":["M","?","?","?","$","E","M","R","T","R","E","?","R","M","R","BOSS","M","?","?","M","$","E","?","E","T","E","?","R","M","M","R","BOSS","M","M","M","M","?","R","E","R","T","E","$","?","M","E","R","BOSS"],"items_purchased_type":["Card","Relic","Relic","Card","Relic","Relic","Relic","Relic","Relic"],"build_version":"2020-12-22","purchased_purges":1,"victory":true,"max_hp_per_floor":[80,80,80,80,80,80,80,80,80,80,80,80,80,80,80,80,80,80,80,80,84,84,84,84,88,88,88,88,88,88,91,91,91,91,91,91,91,91,91,91,91,91,91,91,91,91,91,91,91,91],"card_choices":[{"not_picked":["Second Wind","Heavy Blade"],"picked":"Metallicize","floor":1.0},{"not_picked":["Twin Strike","Rampage"],"picked":"Uppercut","floor":2.0},{"not_picked":["Dark Embrace","Perfected Strike"],"picked":"True Grit","floor":3.0},{"not_picked":["Fiend Fire","Armaments"],"picked":"Shockwave","floor":6.0},{"not_picked":["Hemokinesis","Headbutt","Anger"],"picked":"SKIP","floor":7.0},{"not_picked":["Havoc","Spot Weakness"],"picked":"Iron Wave","floor":11.0},{"not_picked":["Hemokinesis","Pummel","Evolve"],"picked":"SKIP","floor":14.0},{"not_picked":["Juggernaut","Bludgeon"],"picked":"Reaper","floor":16.0},{"not_picked":["Power Through","Thunderclap"],"picked":"Armaments","floor":18.0},{"not_picked":["Sever Soul","Iron Wave"],"picked":"Disarm+1","floor":19.0},{"not_picked":["Blood for Blood","Entrench"],"picked":"Bloodletting+1","floor":19.0},{"not_picked":["Sever Soul","Clash"],"picked":"Shrug It Off","floor":19.0},{"not_picked":["Cleave","Reckless Charge+1"],"picked":"Warcry+1","floor":19.0},{"not_picked":["Disarm","Clothesline+1"],"picked":"Shockwave+1","floor":21.0},{"not_picked":["Disarm+1","Combust+1"],"picked":"Seeing Red","floor":23.0},{"not_picked":["Perfected Strike","Sword Boomerang"],"picked":"Armaments","floor":25.0},{"not_picked":["Reckless Charge","Shrug It Off","Perfected Strike"],"picked":"SKIP","floor":27.0},{"not_picked":["Inflame","Twin Strike"],"picked":"Power Through+1","floor":30.0},{"not_picked":["Dark Embrace","Sword Boomerang+1"],"picked":"Clothesline+1","floor":31.0},{"not_picked":["Corruption","Limit Break"],"picked":"Bludgeon","floor":33.0},{"not_picked":["Pommel Strike","Wild Strike+1","Anger"],"picked":"SKIP","floor":35.0},{"not_picked":["Evolve","Sword Boomerang"],"picked":"Carnage+1","floor":36.0},{"not_picked":["Thunderclap+1","Iron Wave"],"picked":"Pommel Strike+1","floor":37},{"not_picked":["Feed","Clothesline+1","Thunderclap+1"],"picked":"SKIP","floor":38},{"not_picked":["Flame Barrier","Headbutt","Armaments"],"picked":"SKIP","floor":41},{"not_picked":["True Grit","Feed"],"picked":"Metallicize","floor":44},{"not_picked":["Wild Strike","Searing Blow","Anger+1"],"picked":"SKIP","floor":47},{"not_picked":["Disarm+1","Thunderclap"],"picked":"Shockwave+1","floor":48}],"player_experience":283710,"relics_obtained":[{"floor":6.0,"key":"Juzu Bracelet"},{"floor":9.0,"key":"Mummified Hand"},{"floor":11.0,"key":"Ancient Tea Set"},{"floor":12.0,"key":"The Courier"},{"floor":23.0,"key":"Incense Burner"},{"floor":25.0,"key":"Red Skull"},{"floor":26.0,"key":"Pen Nib"},{"floor":27.0,"key":"Toy Ornithopter"},{"floor":28.0,"key":"Necronomicon"},{"floor":39,"key":"Shovel"},{"floor":41,"key":"Potion Belt"},{"floor":42,"key":"MealTicket"},{"floor":43,"key":"Anchor"},{"floor":44,"key":"Dream Catcher"},{"floor":48,"key":"Happy Flower"},{"floor":49,"key":"Lizard Tail"}],"event_choices":[{"damage_healed":0.0,"max_hp_gain":0.0,"max_hp_loss":0.0,"gold_gain":0.0,"event_name":"Scrap Ooze","player_choice":"Success","floor":4.0,"gold_loss":0.0,"damage_taken":3.0,"relics_obtained":["Torii"]},{"damage_healed":0.0,"max_hp_gain":0.0,"max_hp_loss":0.0,"gold_gain":0.0,"event_name":"Addict","player_choice":"Obtained Relic","floor":20.0,"gold_loss":85.0,"damage_taken":0.0,"relics_obtained":["Ornamental Fan"]},{"cards_removed":["True Grit"],"damage_healed":0.0,"max_hp_gain":0.0,"max_hp_loss":0.0,"gold_gain":0.0,"event_name":"Beggar","player_choice":"Gave Gold","floor":24.0,"gold_loss":75.0,"damage_taken":0.0},{"damage_healed":0.0,"max_hp_gain":0.0,"max_hp_loss":0.0,"gold_gain":0.0,"event_name":"Cursed Tome","player_choice":"Obtained Book","floor":28.0,"gold_loss":0.0,"damage_taken":16.0},{"damage_healed":0,"gold_gain":0,"player_choice":"Fight","damage_taken":0,"max_hp_gain":0,"max_hp_loss":0,"event_name":"MindBloom","floor":39,"gold_loss":0},{"damage_healed":0,"gold_gain":0,"cards_transformed":["Cleave"],"player_choice":"Transformed","damage_taken":0,"max_hp_gain":0,"max_hp_loss":0,"event_name":"Transmorgrifier","floor":46,"gold_loss":0,"cards_obtained":["Perfected Strike"]}],"is_beta":false,"boss_relics":[{"not_picked":["Mark of Pain","Philosopher\u0027s Stone"],"picked":"Pandora\u0027s Box"},{"not_picked":["Runic Dome","Cursed Key"],"picked":"Sozu"}],"items_purged_floors":[5],"is_endless":false,"potions_floor_spawned":[1,2,6,18,30,31,36,38,41,44],"ascension_level":8}}