{"host":"7knmrn95sg4xnyj1","time":1610983465,"event":{"mods":["Act Like it!","BaseMod","Minty Spire (QoL Compilation)","Quick Restart","Relic Stats","RumiaBox-露米娅的神秘盒子","StSLib","[IsaacMod]以撒尖塔"],"gold_per_floor":[115,115,115,115,65,65,91,91,91,120,136,154,154,171,171,273,273,285,302,200,200,200,200,200,200],"floor_reached":24,"language":"ZHS","playtime":1043,"items_purged":[],"score":302,"play_id":"689e51d0-1c8d-463a-8204-c406fb86d64d","local_time":"20210118232425","is_ascension_mode":true,"campfire_choices":[{"data":"Zap","floor":6.0,"key":"SMITH"},{"data":"Capacitor","floor":8.0,"key":"SMITH"},{"data":"Loop","floor":13.0,"key":"SMITH"},{"data":"Tempest","floor":15.0,"key":"SMITH"},{"data":"Loop","floor":23.0,"key":"SMITH"}],"circlet_count":0,"master_deck":["Strike_B","Strike_B","Strike_B","Strike_B","Defend_B","Defend_B","Defend_B","Zap+1","Dualcast+1","Conserve Battery","Capacitor+1","Loop+1","Conserve Battery","Tempest+1","Amplify","Multi-Cast","CurseOfTheBell","Echo Form","FTL","BootSequence","Stack","Loop+1"],"relics":["Cracked Core","HushsDoor","NeowsBlessing","SSSystem","Lantern","Potion Belt","BookOfRevelations","Bird Faced Urn","Ornamental Fan","Vajra","Art of War","Ancient Tea Set","MagicDraw3","Calling Bell","PreservedInsect","InkBottle","Turnip","GuppysTail","Gremlin Horn"],"acts_visited":["Exordium","TheCity"],"potions_floor_usage":[],"damage_taken":[{"damage":0.0,"enemies":"Jaw Worm","floor":1.0,"turns":1.0},{"damage":0.0,"enemies":"3 Sentries","floor":7.0,"turns":1.0},{"damage":0.0,"enemies":"Lagavulin","floor":10.0,"turns":1.0},{"damage":0.0,"enemies":"2 Louse","floor":11.0,"turns":2.0},{"damage":9.0,"enemies":"Small Slimes","floor":12.0,"turns":3.0},{"damage":0.0,"enemies":"2 Fungi Beasts","floor":14.0,"turns":2.0},{"damage":17.0,"enemies":"The Guardian","floor":16.0,"turns":8.0},{"damage":0.0,"enemies":"Spheric Guardian","floor":18.0,"turns":4.0},{"damage":15.0,"enemies":"Shell Parasite","floor":19.0,"turns":5.0},{"damage":41,"enemies":"Slavers","floor":24,"turns":2}],"seed_played":"5662841342641291929","potions_obtained":[{"floor":10.0,"key":"FairyPotion"},{"floor":11.0,"key":"BlessingOfTheForge"},{"floor":16.0,"key":"Ancient Potion"}],"is_trial":false,"path_per_floor":["M","?","?","?","?","R","E","R","T","E","M","M","R","M","R","B",null,"M","M","$","?","?","R","E"],"character_chosen":"DEFECT","items_purchased":["Echo Form","GuppysTail","Stack","Loop"],"campfire_rested":0,"item_purchase_floors":[17,17,20,20],"current_hp_per_floor":[75,68,68,68,68,68,68,68,68,68,72,66,66,68,68,57,61,61,9,9,9,29,29,0,0],"gold":200,"neow_bonus":"THREE_ENEMY_KILL","is_daily":false,"chose_seed":false,"campfire_upgraded":5,"win_rate":0.0,"timestamp":1610983465,"path_taken":["M","?","?","?","?","R","E","R","T","E","M","M","R","M","R","BOSS","M","M","$","?","?","R","E"],"items_purchased_type":["Card","Relic","Card","Card"],"build_version":"2020-12-22","purchased_purges":0,"victory":false,"max_hp_per_floor":[75,75,75,75,75,75,75,75,75,75,75,75,75,75,75,75,61,61,61,61,61,61,61,61,61],"relic_stats":{"Gremlin Horn":[0,0],"counters":[10,29],"Ornamental Fan":[12],"Bird Faced Urn":[25],"PreservedInsect":40,"Turnip":[5],"Art of War":[10],"obtain_stats":[{"KeepersGift":0,"Potion Belt":7,"Damocles":0,"GuppysTail":17,"Lantern":2,"NeowsBlessing":0,"Gremlin Horn":18,"SSSystem":1,"BookOfRevelations":7,"Vajra":10,"PreservedInsect":17,"Ancient Tea Set":12,"MagicDraw3":14,"Calling Bell":17,"Ornamental Fan":10,"Bird Faced Urn":9,"Turnip":17,"Art of War":11,"Cracked Core":0,"HushsDoor":0,"InkBottle":17},{"KeepersGift":0,"Potion Belt":2,"Damocles":0,"GuppysTail":7,"Lantern":1,"NeowsBlessing":0,"Gremlin Horn":8,"SSSystem":1,"BookOfRevelations":2,"Vajra":3,"PreservedInsect":7,"Ancient Tea Set":5,"MagicDraw3":6,"Calling Bell":7,"Ornamental Fan":3,"Bird Faced Urn":2,"Turnip":7,"Art of War":4,"Cracked Core":0,"HushsDoor":0,"InkBottle":7},{"KeepersGift":0,"Potion Belt":2,"Damocles":0,"GuppysTail":18,"Lantern":1,"NeowsBlessing":0,"Gremlin Horn":22,"SSSystem":1,"BookOfRevelations":2,"Vajra":3,"PreservedInsect":18,"Ancient Tea Set":8,"MagicDraw3":10,"Calling Bell":18,"Ornamental Fan":3,"Bird Faced Urn":2,"Turnip":18,"Art of War":5,"Cracked Core":0,"HushsDoor":0,"InkBottle":18}],"InkBottle":[4]},"card_choices":[{"not_picked":["Barrage","Force Field"],"picked":"Conserve Battery","floor":1.0},{"not_picked":["Turbo","Beam Cell"],"picked":"Capacitor","floor":7.0},{"not_picked":["Double Energy","FTL"],"picked":"Loop","floor":10.0},{"not_picked":["Beam Cell","Skim"],"picked":"Conserve Battery","floor":11.0},{"not_picked":["Bomb","Stack"],"picked":"Tempest","floor":12.0},{"not_picked":["Sweeping Beam","Streamline"],"picked":"Amplify","floor":14.0},{"not_picked":["Fission","Hyperbeam"],"picked":"Multi-Cast","floor":16.0},{"not_picked":["Conserve Battery","Ball Lightning"],"picked":"FTL","floor":18.0},{"not_picked":["Go for the Eyes","Stack"],"picked":"BootSequence","floor":19.0}],"player_experience":1082443,"relics_obtained":[{"floor":1.0,"key":"SSSystem"},{"floor":7.0,"key":"Potion Belt"},{"floor":7.0,"key":"BookOfRevelations"},{"floor":9.0,"key":"Bird Faced Urn"},{"floor":10.0,"key":"Ornamental Fan"},{"floor":10.0,"key":"Vajra"},{"floor":11.0,"key":"Art of War"},{"floor":12.0,"key":"Ancient Tea Set"},{"floor":14.0,"key":"MagicDraw3"},{"floor":17.0,"key":"PreservedInsect"},{"floor":17.0,"key":"InkBottle"},{"floor":17.0,"key":"Turnip"},{"floor":18.0,"key":"Gremlin Horn"}],"event_choices":[{"damage_healed":0.0,"max_hp_gain":0.0,"max_hp_loss":0.0,"gold_gain":0.0,"event_name":"Scrap Ooze","player_choice":"Success","floor":2.0,"gold_loss":0.0,"damage_taken":7.0,"relics_obtained":["Lantern"]},{"damage_healed":0.0,"max_hp_gain":0.0,"max_hp_loss":0.0,"gold_gain":0.0,"event_name":"Living Wall","player_choice":"Grow","floor":3.0,"gold_loss":0.0,"damage_taken":0.0,"cards_upgraded":["Dualcast"]},{"damage_healed":0.0,"max_hp_gain":0.0,"max_hp_loss":0.0,"gold_gain":0.0,"event_name":"Shining Light","player_choice":"Ignored","floor":4.0,"gold_loss":0.0,"damage_taken":0.0},{"cards_removed":["Defend_B"],"damage_healed":0.0,"max_hp_gain":0.0,"max_hp_loss":0.0,"gold_gain":0.0,"event_name":"The Cleric","player_choice":"Card Removal","floor":5.0,"gold_loss":50.0,"damage_taken":0.0},{"damage_healed":0.0,"max_hp_gain":0.0,"max_hp_loss":0.0,"gold_gain":0.0,"event_name":"Vampires","player_choice":"Ignored","floor":21.0,"gold_loss":0.0,"damage_taken":0.0},{"damage_healed":20.0,"max_hp_gain":0.0,"max_hp_loss":0.0,"gold_gain":0.0,"event_name":"The Library","player_choice":"Heal","floor":22.0,"gold_loss":0.0,"damage_taken":0.0}],"is_beta":false,"boss_relics":[{"not_picked":["Runic Dome","Busted Crown"],"picked":"Calling Bell"},{"not_picked":[]}],"items_purged_floors":[],"is_endless":false,"potions_floor_spawned":[10,11,16],"killed_by":"Slavers","ascension_level":4}}