{"host":"mai03x2ekbjy4059","time":1610931611,"event":{"mods":["2.2 Compatiblity","BaseMod","DeckTracker","Keyboard Shortcuts","Minty Spire (QoL Compilation)","Permanent Neow","Quick Restart","SuperFastMode","everything is the same but u backflip on backflip"],"gold_per_floor":[110,127,137,13,13,42,42,70,70,70,85,99,133,143,143,238,238,256,256,33,43,59,89,89,120,120,120,132,132,161,161,161,264,264,284,284,105,0,12,41,57,57,57,77,108,158,193,205,205,205,205],"floor_reached":50,"language":"KOR","playtime":1617,"items_purged":["Catalyst","Noxious Fumes"],"score":692,"play_id":"49181f17-d673-4c05-b277-0728273479c0","local_time":"20210118100011","is_ascension_mode":true,"campfire_choices":[{"data":"A Thousand Cuts","floor":10.0,"key":"SMITH"},{"data":"Accuracy","floor":15.0,"key":"SMITH"},{"data":"Blade Dance","floor":24.0,"key":"SMITH"},{"data":"Cloak And Dagger","floor":27,"key":"SMITH"},{"data":"Cloak And Dagger","floor":32,"key":"SMITH"},{"data":"A Thousand Cuts","floor":49,"key":"SMITH"}],"circlet_count":0,"master_deck":["Survivor","Neutralize+1","A Thousand Cuts+1","Blade Dance+1","Accuracy+1","Cloak And Dagger+1","After Image","Cloak And Dagger+1","Caltrops","Masterful Stab","Heel Hook+1","Burst","Caltrops","A Thousand Cuts+1","Glass Knife","Finisher","Cloak And Dagger","Backflip","Blade Dance+1","Footwork","Footwork","Flash of Steel","Blind","Panacea","Cloak And Dagger+1","Blade Dance+1"],"relics":["Ring of the Snake","Blood Vial","Pear","PreservedInsect","Gambling Chip","Pandora\u0027s Box","Oddly Smooth Stone","Orichalcum","Whetstone","Anchor","Torii","WristBlade","Red Mask","Turnip","Toxic Egg 2","HornCleat","Peace Pipe","Bottled Lightning"],"acts_visited":["Exordium","TheCity","TheBeyond"],"potions_floor_usage":[25,25,25,25,39,50,50],"damage_taken":[{"damage":0.0,"enemies":"2 Louse","floor":1.0,"turns":4.0},{"damage":0.0,"enemies":"Jaw Worm","floor":2.0,"turns":5.0},{"damage":0.0,"enemies":"Small Slimes","floor":3.0,"turns":3.0},{"damage":22.0,"enemies":"3 Sentries","floor":6.0,"turns":9.0},{"damage":17.0,"enemies":"Lagavulin","floor":8.0,"turns":5.0},{"damage":4.0,"enemies":"Exordium Thugs","floor":11.0,"turns":4.0},{"damage":10.0,"enemies":"Exordium Wildlife","floor":12.0,"turns":6.0},{"damage":2.0,"enemies":"Gremlin Nob","floor":13.0,"turns":3.0},{"damage":0.0,"enemies":"2 Fungi Beasts","floor":14.0,"turns":3.0},{"damage":5.0,"enemies":"Slime Boss","floor":16.0,"turns":8.0},{"damage":2.0,"enemies":"Chosen","floor":18.0,"turns":4.0},{"damage":1.0,"enemies":"Shell Parasite","floor":21.0,"turns":6.0},{"damage":4.0,"enemies":"Centurion and Healer","floor":22.0,"turns":5.0},{"damage":11.0,"enemies":"Gremlin Leader","floor":23.0,"turns":5.0},{"damage":3,"enemies":"Slavers","floor":25,"turns":3},{"damage":12,"enemies":"Snake Plant","floor":28,"turns":4},{"damage":9,"enemies":"Book of Stabbing","floor":30,"turns":3},{"damage":30,"enemies":"Collector","floor":33,"turns":8},{"damage":0,"enemies":"3 Shapes","floor":35,"turns":2},{"damage":0,"enemies":"3 Darklings","floor":39,"turns":3},{"damage":6,"enemies":"Nemesis","floor":40,"turns":5},{"damage":0,"enemies":"Jaw Worm Horde","floor":41,"turns":4},{"damage":21,"enemies":"4 Shapes","floor":44,"turns":7},{"damage":0,"enemies":"Giant Head","floor":45,"turns":5},{"damage":0,"enemies":"Mind Bloom Boss Battle","floor":46,"turns":5},{"damage":1,"enemies":"Reptomancer","floor":47,"turns":4},{"damage":0,"enemies":"Sphere and 2 Shapes","floor":48,"turns":5},{"damage":50,"enemies":"Time Eater","floor":50,"turns":8}],"seed_played":"-8601234622802540761","potions_obtained":[{"floor":3.0,"key":"PowerPotion"},{"floor":12.0,"key":"SteroidPotion"},{"floor":14.0,"key":"EntropicBrew"},{"floor":21.0,"key":"CunningPotion"},{"floor":23.0,"key":"Dexterity Potion"},{"floor":28,"key":"ColorlessPotion"},{"floor":39,"key":"Fruit Juice"},{"floor":40,"key":"LiquidMemories"}],"is_trial":false,"path_per_floor":["M","M","M","$","?","E","?","E","T","R","M","M","E","M","R","B",null,"M","?","$","M","M","E","R","E","T","R","M","?","E","?","R","B",null,"M","?","$","?","M","E","M","?","T","M","E","?","E","M","R","B"],"character_chosen":"THE_SILENT","items_purchased":["Accuracy","Cloak And Dagger","Oddly Smooth Stone","Footwork"],"campfire_rested":0,"item_purchase_floors":[4,4,20,37],"current_hp_per_floor":[63,63,63,63,63,41,41,36,36,36,34,26,26,28,28,25,73,71,71,71,72,69,60,60,59,59,59,49,49,42,42,42,14,73,73,69,69,69,74,68,70,60,60,41,43,45,46,48,48,0,0],"gold":205,"neow_bonus":"THREE_RARE_CARDS","is_daily":false,"chose_seed":false,"campfire_upgraded":6,"win_rate":0.0,"timestamp":1610931611,"path_taken":["M","M","M","$","?","E","?","E","T","R","M","M","E","M","R","BOSS","M","?","?","M","M","E","R","E","T","R","?","?","E","?","R","BOSS","M","?","$","?","M","E","M","?","T","M","E","?","E","M","R","BOSS"],"items_purchased_type":["Card","Card","Relic","Card"],"build_version":"2020-12-22","purchased_purges":2,"victory":false,"max_hp_per_floor":[63,63,63,63,63,63,63,73,73,73,73,73,73,73,73,73,73,73,73,73,73,73,73,73,73,73,73,73,73,73,73,73,73,73,73,69,69,69,74,74,74,74,74,74,74,74,74,74,74,74,74],"card_choices":[{"not_picked":["Adrenaline","Corpse Explosion"],"picked":"A Thousand Cuts","floor":0.0},{"not_picked":["Sucker Punch","Well Laid Plans","Terror"],"picked":"SKIP","floor":1.0},{"not_picked":["Prepared","Acrobatics","Bane"],"picked":"SKIP","floor":2.0},{"not_picked":["Backflip","Corpse Explosion"],"picked":"Blade Dance","floor":3.0},{"not_picked":["Crippling Poison","Leg Sweep","Dodge and Roll"],"picked":"SKIP","floor":6.0},{"not_picked":["Dagger Throw","Underhanded Strike","PiercingWail"],"picked":"SKIP","floor":8.0},{"not_picked":["Flying Knee","Slice"],"picked":"After Image","floor":11.0},{"not_picked":["Deadly Poison","Endless Agony","Reflex"],"picked":"SKIP","floor":12.0},{"not_picked":["Phantasmal Killer","Dagger Throw"],"picked":"Cloak And Dagger","floor":13.0},{"not_picked":["Flechettes","Dagger Throw","Sucker Punch"],"picked":"SKIP","floor":14.0},{"not_picked":["Setup","Acrobatics"],"picked":"Cloak And Dagger","floor":18.0},{"not_picked":["Acrobatics+1","Sucker Punch","Slice"],"picked":"SKIP","floor":21.0},{"not_picked":["Acrobatics","Reflex","Underhanded Strike"],"picked":"SKIP","floor":22.0},{"not_picked":["Riddle With Holes","Outmaneuver"],"picked":"Backflip","floor":23.0},{"not_picked":["Endless Agony","Night Terror","Acrobatics"],"picked":"SKIP","floor":25},{"not_picked":["Quick Slash","Dagger Throw","Underhanded Strike"],"picked":"SKIP","floor":28},{"not_picked":["Sucker Punch+1","Dagger Throw"],"picked":"Blade Dance+1","floor":30},{"not_picked":["Prepared","Well Laid Plans+1","Bane+1"],"picked":"SKIP","floor":35},{"not_picked":["Prepared","Distraction","Well Laid Plans"],"picked":"SKIP","floor":39},{"not_picked":["Noxious Fumes","Skewer"],"picked":"Footwork","floor":40},{"not_picked":["Acrobatics","Dagger Throw","Deflect"],"picked":"SKIP","floor":41},{"not_picked":["Enlightenment","PanicButton"],"picked":"Flash of Steel","floor":42},{"not_picked":["Chrysalis","Panacea"],"picked":"Blind","floor":42},{"not_picked":["Thinking Ahead","Mind Blast"],"picked":"Panacea","floor":42},{"not_picked":["Dodge and Roll+1","Distraction+1"],"picked":"Cloak And Dagger+1","floor":44},{"not_picked":["Concentrate+1","Deadly Poison+1"],"picked":"Blade Dance+1","floor":45},{"not_picked":["Skewer","Quick Slash","Finisher+1"],"picked":"SKIP","floor":47},{"not_picked":["Noxious Fumes+1","Sucker Punch","Leg Sweep+1"],"picked":"SKIP","floor":48}],"player_experience":1074733,"relics_obtained":[{"floor":6.0,"key":"Blood Vial"},{"floor":8.0,"key":"Pear"},{"floor":9.0,"key":"PreservedInsect"},{"floor":13.0,"key":"Gambling Chip"},{"floor":23.0,"key":"Orichalcum"},{"floor":25,"key":"Whetstone"},{"floor":26,"key":"Anchor"},{"floor":30,"key":"Torii"},{"floor":40,"key":"Turnip"},{"floor":43,"key":"Toxic Egg 2"},{"floor":45,"key":"HornCleat"},{"floor":46,"key":"Peace Pipe"},{"floor":47,"key":"Bottled Lightning"}],"event_choices":[{"damage_healed":0.0,"max_hp_gain":0.0,"max_hp_loss":0.0,"gold_gain":0.0,"event_name":"Liars Game","player_choice":"Ignored","floor":5.0,"gold_loss":0.0,"damage_taken":0.0},{"damage_healed":0.0,"max_hp_gain":0.0,"max_hp_loss":0.0,"gold_gain":0.0,"event_name":"The Cleric","player_choice":"Leave","floor":7.0,"gold_loss":0.0,"damage_taken":0.0},{"damage_healed":0.0,"max_hp_gain":0.0,"max_hp_loss":0.0,"gold_gain":0.0,"event_name":"Vampires","player_choice":"Ignored","floor":19.0,"gold_loss":0.0,"damage_taken":0.0},{"damage_healed":0,"gold_gain":0,"player_choice":"Ignored","damage_taken":0,"max_hp_gain":0,"max_hp_loss":0,"event_name":"Ghosts","floor":29,"gold_loss":0},{"damage_healed":0,"gold_gain":0,"player_choice":"Bought 0 Potions","damage_taken":0,"max_hp_gain":0,"max_hp_loss":0,"event_name":"The Woman in Blue","floor":31,"gold_loss":0},{"damage_healed":0,"gold_gain":0,"player_choice":"Max HP","damage_taken":0,"max_hp_gain":0,"max_hp_loss":4,"event_name":"Winding Halls","floor":36,"gold_loss":0},{"damage_healed":0,"gold_gain":0,"player_choice":"Paid","damage_taken":0,"relics_obtained":["Red Mask"],"max_hp_gain":0,"max_hp_loss":0,"event_name":"Tomb of Lord Red Mask","floor":38,"gold_loss":105},{"damage_healed":0,"gold_gain":0,"player_choice":"Memory 3","damage_taken":10,"max_hp_gain":0,"max_hp_loss":0,"event_name":"SensoryStone","floor":42,"gold_loss":0},{"damage_healed":0,"gold_gain":0,"player_choice":"Fight","damage_taken":0,"max_hp_gain":0,"max_hp_loss":0,"event_name":"MindBloom","floor":46,"gold_loss":0}],"is_beta":false,"boss_relics":[{"not_picked":["Sozu","Runic Dome"],"picked":"Pandora\u0027s Box"},{"not_picked":["Empty Cage","SlaversCollar"],"picked":"WristBlade"}],"items_purged_floors":[20,37],"is_endless":false,"potions_floor_spawned":[3,12,14,16,21,23,28,39,40,45],"killed_by":"Time Eater","ascension_level":1}}