{"host":"tkinv8gv6hgcc58b","time":1610994724,"event":{"mods":["AchievementEnabler","BaseMod","BetterRewards","Colored Map","Downfall","Googly Eyes","Hermit","Minty Spire (QoL Compilation)","READ ME - Guardian Mod","Rare Cards Sparkle","Relic Filter","Shop Mod","StSLib","The Cursed","The Disciple"],"gold_per_floor":[0,15,35,50,70,70,70,70,70,70,70,83,83,83,93,190,190,190,205,223,323,338,338,338,370,385,226,237,99,99,84,99,195,195,195,205,221,273,42,42,95,95,95,112,112,12,12,47,64,64],"floor_reached":51,"language":"ENG","playtime":5231,"items_purged":[],"score":794,"play_id":"a872485d-b3a4-4f42-be7d-5975e61f6b4b","local_time":"20210118133204","is_ascension_mode":true,"campfire_choices":[{"floor":1,"key":"DIG"},{"floor":6,"key":"DIG"},{"floor":10,"key":"DIG"},{"floor":13,"key":"DIG"},{"data":"Normality","floor":18,"key":"PURGE"},{"floor":23,"key":"REST"},{"floor":35,"key":"DIG"},{"floor":40,"key":"REST"},{"floor":42,"key":"DIG"},{"floor":43,"key":"DIG"},{"floor":46,"key":"DIG"},{"floor":47,"key":"REST"}],"circlet_count":0,"master_deck":["champ:Strike","champ:Strike+1","champ:Strike","champ:Strike","champ:Defend","champ:Defend","champ:Defend","champ:Defend","champ:Execute+1","champ:Taunt+1","champ:RapidStrikes","champ:StanceDance","champ:BerserkersShout","champ:FanOfKnives","champ:SteelEdge","champ:ShieldSigil","champ:Improvising","CurseOfTheBell","champ:FanOfKnives+1","champ:ViciousMockery","champ:StanceDance","champ:Endure+1","champ:RageSigil","champ:StrikeOfGenius","champ:FaceSlap+1","champ:HeartStrike+1","champ:ShieldWall","champ:CalledShot+1","champ:SwordSigil+1","champ:CheapShot+1","champ:BringItOn+1","champ:GladiatorForm","champ:ArenaPreparation","Parasite"],"relics":["champ:ChampionCrown","Shovel","Sundial","Pear","Strawberry","The Courier","Incense Burner","Molten Egg 2","Calling Bell","Oddly Smooth Stone","Slimebound:PreparedRelic","Peace Pipe","White Beast Statue","Ice Cream","Pocketwatch","Guardian:BottledAnomaly","Cursed Key","Darkstone Periapt","WingedGreaves","Bag of Marbles","Blue Candle","Chemical X","Regal Pillow","Vajra","downfall:HeartBlessingBlue","Mercury Hourglass","StoneCalendar"],"acts_visited":["Exordium","TheCity","TheBeyond"],"potions_floor_usage":[21,21,21,22,22,33,38,39,50,50,50],"damage_taken":[{"damage":11,"enemies":"Cultist","floor":2,"turns":3},{"damage":4,"enemies":"Small Slimes","floor":3,"turns":3},{"damage":11,"enemies":"Jaw Worm","floor":4,"turns":4},{"damage":9,"enemies":"3 Louse","floor":5,"turns":5},{"damage":16,"enemies":"Lots of Slimes","floor":12,"turns":3},{"damage":6,"enemies":"Exordium Wildlife","floor":15,"turns":2},{"damage":116,"enemies":"DF_ARCHETYPE_STREAMLINE","floor":16,"turns":11},{"damage":28,"enemies":"3 Byrds","floor":19,"turns":4},{"damage":21,"enemies":"Spheric Guardian","floor":20,"turns":4},{"damage":83,"enemies":"downfall:LadyInBlue","floor":21,"turns":9},{"damage":45,"enemies":"Snake Plant","floor":22,"turns":3},{"damage":50,"enemies":"Book of Stabbing","floor":25,"turns":5},{"damage":50,"enemies":"Sentry and Sphere","floor":26,"turns":5},{"damage":50,"enemies":"downfall:FleeingMerchant","floor":27,"turns":4},{"damage":27,"enemies":"Centurion and Healer","floor":28,"turns":4},{"damage":10,"enemies":"downfall:FleeingMerchant","floor":29,"turns":4},{"damage":54,"enemies":"downfall:FleeingMerchant","floor":31,"turns":4},{"damage":5,"enemies":"Cultist and Chosen","floor":32,"turns":4},{"damage":97,"enemies":"WA_ARCHETYPE_CALM","floor":33,"turns":5},{"damage":70,"enemies":"3 Darklings","floor":36,"turns":3},{"damage":47,"enemies":"Orb Walker","floor":37,"turns":3},{"damage":74,"enemies":"2 Orb Walkers","floor":38,"turns":3},{"damage":56,"enemies":"downfall:FleeingMerchant","floor":39,"turns":4},{"damage":56,"enemies":"Jaw Worm Horde","floor":44,"turns":4},{"damage":37,"enemies":"Giant Head","floor":48,"turns":4},{"damage":3,"enemies":"3 Darklings","floor":49,"turns":3},{"damage":80,"enemies":"SI_POISON_ARCHETYPE","floor":50,"turns":6}],"seed_played":"2651357310976936320","potions_obtained":[{"floor":3,"key":"Ancient Potion"},{"floor":4,"key":"Regen Potion"},{"floor":15,"key":"champ:OpenerPotion"},{"floor":21,"key":"SkillPotion"},{"floor":21,"key":"SteroidPotion"},{"floor":21,"key":"SneckoOil"},{"floor":22,"key":"DuplicationPotion"},{"floor":25,"key":"BlessingOfTheForge"},{"floor":26,"key":"EntropicBrew"},{"floor":27,"key":"CultistPotion"},{"floor":33,"key":"DistilledChaos"},{"floor":38,"key":"champ:OpenerPotion"},{"floor":39,"key":"SmokeBomb"},{"floor":49,"key":"BlessingOfTheForge"}],"is_trial":false,"path_per_floor":["R","M","M","M","M","R","T","?","?","R","?","M","R","T","M","B",null,"R","M","M","?","M","R","T","E","M","$","M","$","?","$","M","B",null,"R","M","M","?","$","R","T","R","R","M","?","R","R","E","M","B",null],"character_chosen":"THE_CHAMP","items_purchased":["champ:FaceSlap+1","champ:HeartStrike+1","champ:ShieldWall","Guardian:BottledAnomaly","champ:GladiatorForm","Bag of Marbles","champ:ArenaPreparation","Blue Candle","Chemical X"],"campfire_rested":3,"item_purchase_floors":[27,27,27,29,39,39,39,39,39],"current_hp_per_floor":[90,89,85,84,80,90,97,97,97,97,97,81,81,81,80,19,107,107,104,98,80,65,97,97,87,72,72,75,75,107,93,93,76,107,107,107,89,70,59,91,97,97,97,86,86,96,123,121,122,107],"gold":64,"neow_bonus":"ONE_RARE_RELIC","is_daily":false,"chose_seed":false,"campfire_upgraded":0,"win_rate":0.0,"timestamp":1610994724,"path_taken":["R","M","M","M","?","R","T","?","?","R","?","?","R","?","M","BOSS","R","M","M","?","M","R","T","E","?","$","M","$","?","?","M","BOSS","R","M","M","?","$","R","T","R","R","M","?","R","R","E","M","BOSS"],"items_purchased_type":["Card","Card","Card","Relic","Card","Relic","Card","Relic","Relic"],"build_version":"2020-12-22","purchased_purges":0,"victory":true,"max_hp_per_floor":[90,90,90,90,90,100,107,107,107,107,107,107,107,107,107,107,107,107,107,107,107,107,107,107,107,107,107,107,107,107,107,107,107,107,107,107,107,107,107,107,113,113,113,113,113,123,123,123,123,123],"card_choices":[{"not_picked":["champ:BladeFlurry","champ:ShieldSigil"],"picked":"champ:RapidStrikes","floor":2},{"not_picked":["champ:TornadoPunch","champ:DeathBlow"],"picked":"champ:StanceDance","floor":3},{"not_picked":["champ:PerfectedStrike","champ:FanOfKnives"],"picked":"champ:BerserkersShout","floor":4},{"not_picked":["champ:BladeFlurry","champ:Backstep"],"picked":"champ:FanOfKnives","floor":5},{"not_picked":["champ:FaceSlap","champ:EndlessRage"],"picked":"champ:SteelEdge","floor":12},{"not_picked":["champ:Circumvent","champ:SetATrap"],"picked":"champ:ShieldSigil","floor":15},{"not_picked":["champ:DancingMaster","champ:HoldFirm"],"picked":"champ:Improvising","floor":16},{"not_picked":["champ:FlashCut+1","champ:BerserkerStyle"],"picked":"champ:FanOfKnives+1","floor":19},{"not_picked":["champ:Circumvent","champ:PreciseThrust+1"],"picked":"champ:ViciousMockery","floor":20},{"not_picked":["champ:Haymaker+1","champ:Backstep"],"picked":"champ:StanceDance","floor":21},{"not_picked":["champ:PerfectedStrike+1","champ:BerserkersShout+1"],"picked":"champ:Endure+1","floor":22},{"not_picked":["champ:ShieldSlam","champ:DefensiveShout"],"picked":"champ:RageSigil","floor":25},{"not_picked":["champ:ViciousMockery","champ:CrownThrow+1"],"picked":"champ:StrikeOfGenius","floor":26},{"not_picked":["champ:ShieldSigil","champ:BerserkersShout","champ:FlashCut+1"],"picked":"SKIP","floor":27},{"not_picked":["champ:BladeFlurry+1","champ:FlashCut+1","champ:AdrenalArmor"],"picked":"SKIP","floor":28},{"not_picked":["champ:ShieldSigil","champ:RapidStrikes+1","champ:FanOfKnives+1"],"picked":"SKIP","floor":29},{"not_picked":["champ:GutPunch+1","champ:Duel+1"],"picked":"champ:CalledShot+1","floor":31},{"not_picked":["champ:Haymaker+1","champ:BringItOn"],"picked":"champ:SwordSigil+1","floor":32},{"not_picked":["champ:Improvising","champ:EnchantSword"],"picked":"champ:CheapShot+1","floor":33},{"not_picked":["champ:PerfectedStrike+1","champ:BerserkersShout+1"],"picked":"champ:BringItOn+1","floor":36},{"not_picked":["champ:BringItOn","champ:ShieldSigil","champ:CrownThrow+1"],"picked":"SKIP","floor":37},{"not_picked":["champ:CrownThrow+1","champ:RapidStrikes+1","champ:PerfectedStrike+1"],"picked":"SKIP","floor":39},{"not_picked":["champ:ViciousMockery","champ:FocusedBerserking","champ:FanOfKnives+1"],"picked":"SKIP","floor":44},{"not_picked":["champ:BerserkersShout+1","champ:HeavySlash+1","champ:FalseCounter"],"picked":"SKIP","floor":48},{"not_picked":["champ:RecklessLeap+1","champ:FlashCut+1","champ:PreciseThrust+1"],"picked":"SKIP","floor":49}],"player_experience":1038849,"relics_obtained":[{"floor":1,"key":"Sundial"},{"floor":6,"key":"Pear"},{"floor":7,"key":"Strawberry"},{"floor":10,"key":"The Courier"},{"floor":13,"key":"Incense Burner"},{"floor":14,"key":"Molten Egg 2"},{"floor":17,"key":"Oddly Smooth Stone"},{"floor":17,"key":"Slimebound:PreparedRelic"},{"floor":17,"key":"Peace Pipe"},{"floor":21,"key":"White Beast Statue"},{"floor":24,"key":"Ice Cream"},{"floor":25,"key":"Pocketwatch"},{"floor":35,"key":"Darkstone Periapt"},{"floor":38,"key":"WingedGreaves"},{"floor":42,"key":"Regal Pillow"},{"floor":43,"key":"Vajra"},{"floor":46,"key":"Mercury Hourglass"},{"floor":48,"key":"StoneCalendar"}],"event_choices":[{"damage_healed":35,"gold_gain":0,"player_choice":"Heal","damage_taken":0,"max_hp_gain":0,"max_hp_loss":0,"event_name":"The Library","floor":30,"gold_loss":0},{"damage_healed":0,"gold_gain":0,"player_choice":"Fight","damage_taken":0,"max_hp_gain":0,"max_hp_loss":0,"event_name":"Mysterious Sphere","floor":38,"gold_loss":0}],"is_beta":false,"boss_relics":[{"not_picked":["Pandora\u0027s Box","Ectoplasm"],"picked":"Calling Bell"},{"not_picked":["Coffee Dripper","Runic Dome"],"picked":"Cursed Key"}],"items_purged_floors":[],"is_endless":false,"potions_floor_spawned":[3,4,15,22,25,26,27,28,29,31,32,33,36,37,38,39,44,48,49],"ascension_level":1}}