{"host":"o5or1zybx7au40zl","time":1610984300,"event":{"mods":["Act Like it!","Aspiration","BaseMod","Better Third Choice","Conspire","Dota2Spire","GungeonMod","Halation","Hubris","Infinite Spire","Minty Spire (QoL Compilation)","Replay The Spire","StSLib","The Jungle","Yuri Mod","vexMod"],"gold_per_floor":[20,33,48,48,48,77,87,98,98,130,130,147,147,214,214,312,312,328,338,357,33,51,78,98,98,151,184,184,201,201,16,16,115,115,128,141,101,117,132,157,157,174,198,210,210,210,58,69,69,69,69,69,4,33,33,33],"floor_reached":55,"language":"ENG","playtime":1953,"items_purged":["Normality"],"score":753,"play_id":"6239df70-e730-45fb-a26c-e5a6358a2911","local_time":"20210118163820","is_ascension_mode":false,"campfire_choices":[{"floor":11,"key":"REST"},{"floor":13,"key":"RECALL"},{"floor":15,"key":"DIG"},{"floor":25,"key":"REST"},{"floor":28,"key":"REST"},{"data":"yuri:DragonForm","floor":32,"key":"SMITH"},{"floor":41,"key":"REST"},{"floor":45,"key":"REST"},{"floor":49,"key":"DIG"},{"data":"yuri:NerfBat","floor":52,"key":"SMITH"}],"circlet_count":0,"master_deck":["yuri:yuriStrike","yuri:yuriStrike","yuri:yuriStrike","yuri:yuriStrike","yuri:yuriStrike","yuri:Oolong","yuri:yuriStab","yuri:NoEscape+1","yuri:NerfBat+1","yuri:NerfBat","yuri:Parry","yuri:DragonForm+1","yuri:MPose","yuri:Parry","yuri:Spin","yuri:Torment","yuri:ThrowingKnives+1","yuri:MPose+1","yuri:GreenTea","yuri:ReactiveMadness+1","yuri:TPose+1","yuri:RecklessStrike+1","theJungle:Gourd","theJungle:Gourd","theJungle:Gourd","theJungle:Gourd","theJungle:Gourd","yuri:DisableStrike+1","yuri:BookRed+1","yuri:GlitchedStrike+1","yuri:Parry+1","yuri:ThrowingKnives+1","yuri:InduceGlitch+1","yuri:ArmBrace+1","yuri:ThrowingKnives+1","yuri:CorruptHitbox+1","yuri:InduceGlitch","yuri:MultiDip+1"],"relics":["yuri:yuriKnife","conspire:DeflatedDodgeball","Dota2Spire:BlackKingBar","Iron Hammer","DemoMod:WeirdEgg","conspire:SpecialSausage","ReplayTheSpireMod:CursedCoin","Pear","Dota2Spire:ArcaneBoots","halation:BlackBeret","Bag of Preparation","aspiration:ChemicalBlood","theJungle:Creamberry","yuri:BookOfBooks","Dota2Spire:LinkenSphere","DemoMod:WhiteGuonStone","Membership Card","HandDrill","Pen Nib","DemoMod:GreenGuonStone","Lantern"],"acts_visited":["Exordium","Exordium","TheBeyond","TheEnding"],"potions_floor_usage":[33,33,39,40,54,55,55,55,55,55],"damage_taken":[{"damage":1,"enemies":"Jaw Worm","floor":1,"turns":3},{"damage":2,"enemies":"conspire:RoseBush","floor":2,"turns":2},{"damage":2,"enemies":"Cultist","floor":3,"turns":4},{"damage":32,"enemies":"Lagavulin","floor":6,"turns":6},{"damage":10,"enemies":"Gremlin Gang","floor":7,"turns":5},{"damage":9,"enemies":"Looter","floor":8,"turns":3},{"damage":17,"enemies":"Replay:BlueRogue","floor":10,"turns":7},{"damage":0,"enemies":"Blue Slaver","floor":12,"turns":4},{"damage":35,"enemies":"Fading Forest","floor":16,"turns":11},{"damage":8,"enemies":"Shell Parasite","floor":18,"turns":5},{"damage":6,"enemies":"theJungle:GiantWrat","floor":19,"turns":6},{"damage":14,"enemies":"theJungle:JungleHuntersEncounter","floor":20,"turns":5},{"damage":21,"enemies":"theJungle:Lyon","floor":22,"turns":5},{"damage":23,"enemies":"theJungle:MamaSnecko","floor":23,"turns":6},{"damage":0,"enemies":"theJungle:2_Snecko_Cultists","floor":24,"turns":3},{"damage":19,"enemies":"theJungle:Cassacara","floor":27,"turns":6},{"damage":17,"enemies":"theJungle:SlimyTreeVines","floor":29,"turns":4},{"damage":19,"enemies":"theJungle:FunGuy","floor":33,"turns":13},{"damage":2,"enemies":"Orb Walker","floor":35,"turns":2},{"damage":0,"enemies":"3 Shapes","floor":36,"turns":3},{"damage":39,"enemies":"Maw","floor":38,"turns":9},{"damage":14,"enemies":"4 Shapes","floor":39,"turns":4},{"damage":60,"enemies":"Giant Head","floor":40,"turns":9},{"damage":12,"enemies":"3 Darklings","floor":42,"turns":5},{"damage":4,"enemies":"Sphere and 2 Shapes","floor":44,"turns":4},{"damage":1,"enemies":"4 Shapes","floor":48,"turns":4},{"damage":51,"enemies":"Time Eater","floor":50,"turns":13},{"damage":35,"enemies":"Shield and Spear","floor":54,"turns":9},{"damage":170,"enemies":"The Heart","floor":55,"turns":6}],"seed_played":"-6687589543846181542","potions_obtained":[{"floor":2,"key":"Fire Potion"},{"floor":7,"key":"LiquidBronze"},{"floor":16,"key":"PowerPotion"},{"floor":20,"key":"Dexterity Potion"},{"floor":44,"key":"DistilledChaos"}],"is_trial":false,"path_per_floor":["M","M","M","?","?","E","M","M","T","E","R","M","R","?","R","B",null,"M","M","M","$","M","E","M","R","T","E","R","M","?","?","R","B",null,"M","M","?","M","M","E","R","M","T","M","R","AVR","$","M","R","B",null,"R","$","E","B"],"character_chosen":"YURI","items_purchased":["ReplayTheSpireMod:CursedCoin","Pear","Dota2Spire:ArcaneBoots","HandDrill","Pen Nib","yuri:CorruptHitbox+1","yuri:InduceGlitch"],"campfire_rested":5,"item_purchase_floors":[21,21,21,47,47,53,53],"current_hp_per_floor":[79,80,78,78,78,50,44,39,39,26,50,54,54,54,54,33,80,76,74,64,74,57,44,44,71,71,62,89,77,77,77,77,68,90,88,88,88,65,61,21,48,47,47,60,87,87,87,90,90,59,90,90,90,60,0,0],"gold":33,"neow_bonus":"THREE_RARE_CARDS","is_daily":false,"chose_seed":false,"campfire_upgraded":2,"win_rate":0.0,"timestamp":1610984300,"path_taken":["M","M","M","?","?","E","?","M","T","E","R","?","R","?","R","BOSS","M","M","M","$","M","E","M","R","T","E","R","M","?","?","R","BOSS","M","M","?","M","M","E","R","M","T","M","R","AVR","?","M","R","BOSS","R","$","E","BOSS"],"items_purchased_type":["Relic","Relic","Relic","Relic","Relic","Card","Card"],"build_version":"2020-12-22","purchased_purges":1,"victory":false,"max_hp_per_floor":[80,80,80,80,80,80,80,80,80,80,80,80,80,80,80,80,80,80,80,80,90,90,90,90,90,90,90,90,90,90,90,90,90,90,90,90,90,90,90,90,90,90,90,90,90,90,90,90,90,90,90,90,90,90,90,90],"card_choices":[{"not_picked":["yuri:RemoveSafetyChecks","yuri:DragonForm"],"picked":"yuri:NoEscape","floor":0},{"not_picked":["yuri:yuriQuickStrike","yuri:Stalk"],"picked":"yuri:NerfBat","floor":1},{"not_picked":["yuri:CalmingAura","yuri:InsanityDefense","yuri:GlitchedStrike"],"picked":"SKIP","floor":2},{"not_picked":["yuri:BookGreen","yuri:HeavierStrike"],"picked":"yuri:NerfBat","floor":3},{"not_picked":["yuri:RecklessStrike","yuri:CalmingAura"],"picked":"yuri:Parry","floor":6},{"not_picked":["yuri:ThornRemove","yuri:MPose"],"picked":"yuri:DragonForm","floor":7},{"not_picked":["yuri:yuriHeavyStrike","yuri:CalmingAura"],"picked":"yuri:MPose","floor":8},{"not_picked":["yuri:CalmingAura","yuri:BookGreen"],"picked":"yuri:Parry","floor":10},{"not_picked":["yuri:MPose","yuri:BrokenCode"],"picked":"yuri:Spin","floor":12},{"not_picked":["yuri:NoEscape","yuri:DragonForm"],"picked":"yuri:Torment","floor":16},{"not_picked":["yuri:yuriHeavyStrike","yuri:CalmingAura","yuri:ThrowBook"],"picked":"SKIP","floor":18},{"not_picked":["yuri:MPose","yuri:Skip"],"picked":"yuri:ThrowingKnives+1","floor":19},{"not_picked":["yuri:BookRed","yuri:RemoveSafetyChecks"],"picked":"yuri:MPose+1","floor":20},{"not_picked":["yuri:RecklessStrike","yuri:TeaSet"],"picked":"yuri:GreenTea","floor":22},{"not_picked":["yuri:MPose+1","yuri:RecklessStrike"],"picked":"yuri:ReactiveMadness+1","floor":23},{"not_picked":["yuri:ChibiInvasion","yuri:RepairCode"],"picked":"yuri:TPose+1","floor":24},{"not_picked":["yuri:ThrowBook","yuri:Stalk","yuri:StealPen"],"picked":"SKIP","floor":27},{"not_picked":["yuri:CalmingAura+1","yuri:DragonForm"],"picked":"yuri:RecklessStrike+1","floor":29},{"not_picked":["yuri:Torment+1","yuri:JumpScare+1"],"picked":"yuri:DisableStrike+1","floor":33},{"not_picked":["yuri:BookGreen+1","yuri:BookBlue+1","yuri:BookPurple+1"],"picked":"yuri:BookRed+1","floor":34},{"not_picked":["yuri:yuriHeavyStrike+1","yuri:HeavierStrike"],"picked":"yuri:GlitchedStrike+1","floor":35},{"not_picked":["yuri:yuriHeavyStrike","yuri:ReloadGame+1"],"picked":"yuri:Parry+1","floor":36},{"not_picked":["yuri:Spin","yuri:Suicide+1"],"picked":"yuri:ThrowingKnives+1","floor":38},{"not_picked":["yuri:GlitchedStrike","yuri:HeavierStrike","yuri:DeepBreathing+1"],"picked":"SKIP","floor":39},{"not_picked":["yuri:HoldBack+1","yuri:DebugCard"],"picked":"yuri:InduceGlitch+1","floor":40},{"not_picked":["yuri:InduceGlitch+1","yuri:Skip"],"picked":"yuri:ArmBrace+1","floor":42},{"not_picked":["yuri:InsanityDefense+1","yuri:TPose","yuri:CalmingAura"],"picked":"SKIP","floor":44},{"not_picked":["yuri:UnstableStrike+1","yuri:ThornRemove+1"],"picked":"yuri:ThrowingKnives+1","floor":48},{"not_picked":["yuri:yuriQuickStrike","yuri:CalmingAura"],"picked":"yuri:MultiDip+1","floor":54}],"player_experience":978622,"relics_obtained":[{"floor":6,"key":"Dota2Spire:BlackKingBar"},{"floor":10,"key":"Iron Hammer"},{"floor":15,"key":"DemoMod:WeirdEgg"},{"floor":23,"key":"halation:BlackBeret"},{"floor":26,"key":"Bag of Preparation"},{"floor":27,"key":"aspiration:ChemicalBlood"},{"floor":40,"key":"Dota2Spire:LinkenSphere"},{"floor":43,"key":"DemoMod:WhiteGuonStone"},{"floor":49,"key":"DemoMod:GreenGuonStone"},{"floor":54,"key":"Lantern"}],"event_choices":[{"damage_healed":0,"gold_gain":0,"player_choice":"Leave","damage_taken":0,"max_hp_gain":0,"max_hp_loss":0,"event_name":"conspire:Investor","floor":4,"gold_loss":0},{"damage_healed":0,"gold_gain":0,"player_choice":"Gave Potion","damage_taken":0,"relics_obtained":["conspire:DeflatedDodgeball"],"max_hp_gain":0,"max_hp_loss":0,"event_name":"WeMeetAgain","floor":5,"gold_loss":0},{"damage_healed":0,"gold_gain":67,"player_choice":"Gained Gold","damage_taken":0,"max_hp_gain":0,"max_hp_loss":0,"event_name":"Golden Wing","floor":14,"gold_loss":0},{"damage_healed":0,"gold_gain":0,"player_choice":"Upgrade","damage_taken":0,"max_hp_gain":0,"max_hp_loss":0,"event_name":"Designer","floor":37,"gold_loss":40,"cards_upgraded":["yuri:NoEscape"]}],"is_beta":false,"boss_relics":[{"not_picked":["Empty Cage","SacredBark"],"picked":"conspire:SpecialSausage"},{"not_picked":["Velvet Choker","Pandora\u0027s Box"],"picked":"yuri:BookOfBooks"}],"items_purged_floors":[21],"is_endless":false,"potions_floor_spawned":[2,7,16,20,23,24,27,38,42,44],"killed_by":"The Heart","ascension_level":0}}