{"host":"78zdngn0u28jm0pp","time":1610944177,"event":{"mods":["BaseMod","Jorbs\u0027s Wanderer Trilogy","Minty Spire (QoL Compilation)","Permanent Neow","Quick Restart","Relic Stats","StSLib","Unceasing Turn Reminder"],"gold_per_floor":[],"floor_reached":44,"language":"ENG","playtime":2344,"items_purged":[],"score":787,"play_id":"bf462bb4-68cb-442b-a9ff-da80b402095a","local_time":"20210117212937","is_ascension_mode":true,"campfire_choices":[],"circlet_count":0,"master_deck":["AscendersBane","Defend_B+1","Defend_B","Zap+1","Dualcast","Electrodynamics+1","Go for the Eyes","Self Repair","Gash","Steam","Coolheaded","Stack","Hologram+1","Glacier","Machine Learning+1","Turbo+1","Hologram","Hologram+1","Genetic Algorithm+1","Tempest","Beam Cell+1","Thunder Strike","Gash","Seek+1","Hologram","Capacitor","White Noise+1","Rebound","Hologram"],"relics":["Cracked Core","Bronze Scales","Lantern","Odd Mushroom","Orichalcum","Question Card","Empty Cage","Sling","HornCleat","Letter Opener","Centennial Puzzle","Philosopher\u0027s Stone","Bird Faced Urn","Runic Capacitor","Girya","Dead Branch"],"acts_visited":["Exordium","TheCity","TheBeyond"],"potions_floor_usage":[],"damage_taken":[],"seed_played":"-3905122574139381825","potions_obtained":[],"is_trial":false,"path_per_floor":[],"character_chosen":"DEFECT","items_purchased":[],"campfire_rested":2,"item_purchase_floors":[],"current_hp_per_floor":[],"gold":114,"neow_bonus":"TRANSFORM_CARD","is_daily":false,"chose_seed":false,"campfire_upgraded":5,"win_rate":0.0,"timestamp":1610944177,"path_taken":[],"items_purchased_type":["Card","Relic","Card","Relic","Card"],"build_version":"2020-12-22","purchased_purges":3,"victory":false,"max_hp_per_floor":[],"relic_stats":{"Centennial Puzzle":[24],"counters":[25,103],"Bronze Scales":[315],"Bird Faced Urn":[20],"Dead Branch":[0],"Letter Opener":[156],"Orichalcum":[72],"Question Card":15,"obtain_stats":[{"Girya":41,"Lantern":9,"Dead Branch":43,"Runic Capacitor":39,"Letter Opener":27,"Odd Mushroom":11,"Orichalcum":12,"Question Card":14,"Empty Cage":17,"Sling":20,"Centennial Puzzle":29,"HornCleat":24,"Bronze Scales":6,"Bird Faced Urn":37,"Philosopher\u0027s Stone":34,"Cracked Core":0},{"Girya":23,"Lantern":5,"Dead Branch":24,"Runic Capacitor":22,"Letter Opener":15,"Odd Mushroom":7,"Orichalcum":7,"Question Card":9,"Empty Cage":10,"Sling":12,"Centennial Puzzle":16,"HornCleat":14,"Bronze Scales":4,"Bird Faced Urn":22,"Philosopher\u0027s Stone":19,"Cracked Core":0},{"Girya":94,"Lantern":13,"Dead Branch":101,"Runic Capacitor":89,"Letter Opener":58,"Odd Mushroom":18,"Orichalcum":18,"Question Card":26,"Empty Cage":37,"Sling":45,"Centennial Puzzle":63,"HornCleat":55,"Bronze Scales":10,"Bird Faced Urn":89,"Philosopher\u0027s Stone":81,"Cracked Core":0}]},"card_choices":[],"player_experience":767964,"relics_obtained":[],"event_choices":[],"is_beta":false,"boss_relics":[],"items_purged_floors":[],"is_endless":false,"potions_floor_spawned":[],"killed_by":"Giant Head","ascension_level":10}}