{"host":"1a3cjta80tad0aqj","time":1610945146,"event":{"mods":["2.2 Compatiblity","AchievementEnabler","BaseMod","Colored Map","DeckTracker","KOR Keyword Fix","Keyboard Shortcuts","Minty Spire (QoL Compilation)","Permanent Neow","Quick Restart","Random Character Button","StSLib","SuperFastMode","everything is the same but u backflip on backflip"],"gold_per_floor":[111,127,137,87,162,194,194,194,194,219,219,234,16,44,44,44,44],"floor_reached":16,"language":"KOR","playtime":458,"items_purged":["Strike_P"],"score":243,"play_id":"c6d9d97b-6504-48ce-a3c1-3364401c4f50","local_time":"20210118134546","is_ascension_mode":true,"campfire_choices":[{"floor":7.0,"key":"REST"},{"floor":11.0,"key":"REST"},{"floor":15,"key":"REST"}],"circlet_count":0,"master_deck":["AscendersBane","Strike_P","Strike_P","Strike_P","Defend_P","Defend_P","Defend_P","Eruption+1","Vigilance+1","FlurryOfBlows","Tantrum","BowlingBash","MentalFortress"],"relics":["PureWater","Incense Burner","Thread and Needle","Shovel","PrismaticShard","Ancient Tea Set"],"acts_visited":["Exordium"],"potions_floor_usage":[],"damage_taken":[{"damage":4.0,"enemies":"2 Louse","floor":1.0,"turns":2.0},{"damage":4.0,"enemies":"Jaw Worm","floor":2.0,"turns":3.0},{"damage":0.0,"enemies":"Small Slimes","floor":3.0,"turns":3.0},{"damage":0.0,"enemies":"Gremlin Nob","floor":6.0,"turns":2.0},{"damage":36.0,"enemies":"Lagavulin","floor":10.0,"turns":4.0},{"damage":0.0,"enemies":"Blue Slaver","floor":12.0,"turns":4.0},{"damage":18,"enemies":"Gremlin Nob","floor":14,"turns":4},{"damage":40,"enemies":"Hexaghost","floor":16,"turns":9}],"seed_played":"1558104966723074237","potions_obtained":[{"floor":2.0,"key":"Fire Potion"},{"floor":12.0,"key":"Ancient Potion"},{"floor":14,"key":"CultistPotion"}],"is_trial":false,"path_per_floor":["M","M","M","?","?","E","R","?","T","E","R","M","$","E","R","B"],"character_chosen":"WATCHER","items_purchased":["PrismaticShard"],"campfire_rested":3,"item_purchase_floors":[13],"current_hp_per_floor":[57,53,53,53,42,42,62,62,62,26,46,46,46,28,48,8,8],"gold":44,"neow_bonus":"UPGRADE_CARD","is_daily":false,"chose_seed":false,"campfire_upgraded":0,"win_rate":0.0,"timestamp":1610945146,"path_taken":["M","M","M","?","?","E","R","?","T","E","R","M","$","E","R","BOSS"],"items_purchased_type":["Relic"],"build_version":"2020-12-22","purchased_purges":1,"victory":false,"max_hp_per_floor":[68,68,68,68,68,68,68,68,68,68,68,68,68,68,68,68,68],"card_choices":[{"not_picked":["Protect","FlyingSleeves"],"picked":"FlurryOfBlows","floor":1.0},{"not_picked":["Crescendo","Prostrate"],"picked":"Tantrum","floor":2.0},{"not_picked":["PathToVictory","Study","FlyingSleeves"],"picked":"SKIP","floor":3.0},{"not_picked":["Collect","Conclude"],"picked":"BowlingBash","floor":6.0},{"not_picked":["LikeWater","Consecrate","Pray"],"picked":"SKIP","floor":10.0},{"not_picked":["FlyingSleeves","Prostrate"],"picked":"MentalFortress","floor":12.0},{"not_picked":["Anger","BowlingBash","Sword Boomerang"],"picked":"SKIP","floor":14}],"player_experience":729453,"relics_obtained":[{"floor":6.0,"key":"Incense Burner"},{"floor":9.0,"key":"Thread and Needle"},{"floor":10.0,"key":"Shovel"},{"floor":14,"key":"Ancient Tea Set"}],"event_choices":[{"cards_removed":["Defend_P"],"damage_healed":0.0,"max_hp_gain":0.0,"max_hp_loss":0.0,"gold_gain":0.0,"event_name":"The Cleric","player_choice":"Card Removal","floor":4.0,"gold_loss":50.0,"damage_taken":0.0},{"damage_healed":0.0,"max_hp_gain":0.0,"max_hp_loss":0.0,"gold_gain":75.0,"event_name":"World of Goop","player_choice":"Gather Gold","floor":5.0,"gold_loss":0.0,"damage_taken":11.0},{"damage_healed":0.0,"max_hp_gain":0.0,"max_hp_loss":0.0,"gold_gain":0.0,"event_name":"Living Wall","player_choice":"Grow","floor":8.0,"gold_loss":0.0,"damage_taken":0.0,"cards_upgraded":["Vigilance"]}],"is_beta":false,"boss_relics":[],"items_purged_floors":[13],"is_endless":false,"potions_floor_spawned":[2,12,14],"killed_by":"Hexaghost","ascension_level":14}}