{"host":"sav7uxregyirlf69","time":1610980204,"event":{"mods":["AchievementEnabler","BaseMod","Colored Map","DeckTracker","Keyboard Shortcuts","Minty Spire (QoL Compilation)","READ ME - Guardian Mod","StSLib","SuperFastMode"],"gold_per_floor":[112,112,129,145,11,45,64,64,64,64,80,80,80,80],"floor_reached":13,"language":"KOR","playtime":161,"items_purged":["Writhe"],"score":170,"play_id":"04f00502-71eb-4582-a279-1c680d3e1b83","local_time":"20210118233004","is_ascension_mode":true,"campfire_choices":[{"floor":8,"key":"REST"},{"data":"Metamorphosis","floor":10,"key":"SMITH"}],"circlet_count":0,"master_deck":["AscendersBane","Strike_B","Strike_B","Strike_B","Strike_B","Defend_B","Defend_B","Defend_B","Defend_B","Zap","Dualcast","Metamorphosis+1","Go for the Eyes","Cold Snap","Turbo","Chaos","Double Energy"],"relics":["Cracked Core","InkBottle","Gremlin Horn","White Beast Statue"],"acts_visited":["Exordium"],"potions_floor_usage":[6,7,13],"damage_taken":[{"damage":1,"enemies":"Cultist","floor":1,"turns":3},{"damage":7,"enemies":"Jaw Worm","floor":3,"turns":3},{"damage":19,"enemies":"Small Slimes","floor":4,"turns":3},{"damage":19,"enemies":"Gremlin Nob","floor":6,"turns":4},{"damage":5,"enemies":"2 Fungi Beasts","floor":7,"turns":3},{"damage":19,"enemies":"3 Louse","floor":11,"turns":3},{"damage":8,"enemies":"3 Sentries","floor":13,"turns":1}],"seed_played":"3017998889421011259","potions_obtained":[{"floor":2,"key":"BlessingOfTheForge"},{"floor":2,"key":"Explosive Potion"},{"floor":11,"key":"PowerPotion"}],"is_trial":false,"path_per_floor":["M","?","M","M","$","E","M","R","T","R","M","?","E"],"character_chosen":"DEFECT","items_purchased":["Turbo"],"campfire_rested":1,"item_purchase_floors":[5],"current_hp_per_floor":[63,63,56,37,37,18,13,34,34,34,15,4,0,0],"gold":80,"neow_bonus":"RANDOM_COLORLESS_2","is_daily":false,"chose_seed":false,"campfire_upgraded":1,"win_rate":0.0,"timestamp":1610980204,"path_taken":["M","?","M","M","$","E","M","R","T","R","?","?","E"],"items_purchased_type":["Card"],"build_version":"2020-12-22","purchased_purges":1,"victory":false,"max_hp_per_floor":[71,71,71,71,71,71,71,71,71,71,71,71,71,71],"card_choices":[{"not_picked":["Violence","Thinking Ahead"],"picked":"Metamorphosis","floor":0},{"not_picked":["Steam","Static Discharge"],"picked":"Go for the Eyes","floor":1},{"not_picked":["Gash","Coolheaded"],"picked":"Cold Snap","floor":3},{"not_picked":["Streamline","Tempest","Sunder"],"picked":"SKIP","floor":4},{"not_picked":["Leap","Hyperbeam"],"picked":"Chaos","floor":6},{"not_picked":["Static Discharge","Coolheaded"],"picked":"Double Energy","floor":7},{"not_picked":["Compile Driver","White Noise","Loop"],"picked":"SKIP","floor":11}],"player_experience":1312434,"relics_obtained":[{"floor":6,"key":"InkBottle"},{"floor":9,"key":"Gremlin Horn"}],"event_choices":[{"damage_healed":0,"gold_gain":0,"player_choice":"Got Potions","damage_taken":0,"max_hp_gain":0,"max_hp_loss":0,"event_name":"Lab","floor":2,"gold_loss":0},{"damage_healed":0,"gold_gain":0,"player_choice":"Success","damage_taken":11,"relics_obtained":["White Beast Statue"],"max_hp_gain":0,"max_hp_loss":0,"event_name":"Scrap Ooze","floor":12,"gold_loss":0}],"is_beta":false,"boss_relics":[],"items_purged_floors":[5],"is_endless":false,"potions_floor_spawned":[4,11],"killed_by":"3 Sentries","ascension_level":20}}