{"host":"tq99ucv8ezzqzioe","time":1610940022,"event":{"mods":["BaseMod","Colored Map","Downfall","Highlight Path","Minty Spire (QoL Compilation)","StSLib"],"gold_per_floor":[0,0,28,28,51,76,76,91,124,24,35,20,20,43,55,152,152,52,76,94,94,118,161,161,191,291,301,316,308,341,359,372,472,472,372,390,417,442,267,267,267,267,287,313,188,36,36,36,54,54,54,54],"floor_reached":50,"language":"ENG","playtime":6867,"items_purged":["hexamod:Defend","hexamod:Strike","hexamod:Strike"],"score":578,"play_id":"ec82b239-2d2a-46d5-b6fc-19ec624158e5","local_time":"20210117222022","is_ascension_mode":false,"campfire_choices":[{"floor":1,"key":"RECALL"},{"floor":10,"key":"REST"},{"data":"hexamod:ForkedFlame","floor":18,"key":"SMITH"},{"data":"1","floor":35,"key":"LIFT"},{"data":"2","floor":47,"key":"LIFT"}],"circlet_count":0,"master_deck":["hexamod:Strike","hexamod:Strike+1","hexamod:Defend","hexamod:Defend","hexamod:Defend+1","hexamod:Sear+1","hexamod:Float+1","hexamod:SecondSeal","hexamod:ThirdSeal","hexamod:SwordOfDarkness","hexamod:SwordOfDarkness","hexamod:VolcanoVisage+1","hexamod:GhostflameBarrier+1","hexamod:InspiringFlames+1","hexamod:TimeOfNeed+1","hexamod:Haunt+1","hexamod:FlamesFromBeyond+1","hexamod:FastForward+1","hexamod:SwordOfDarkness+1","hexamod:PowerFromBeyond+1","hexamod:HexaLevel","hexamod:ForkedFlame+1","hexamod:Hexaguard+1","hexamod:GhostShield+1","hexamod:ForkedFlame","hexamod:Hexaguard+1","hexamod:VolcanoVisage+1","hexamod:FastForward+1","hexamod:BurningTouch+1","hexamod:HauntingEcho+1","hexamod:FourthSeal","hexamod:SecondSeal","hexamod:FirstSeal","hexamod:UnleashSpirits+1","hexamod:SpectersWail+1","hexamod:SpectersWail+1","hexamod:FastForward+1","hexamod:SixthSeal","hexamod:VolcanoVisage","hexamod:FastForward+1","hexamod:GhostLash+1","hexamod:PhantomFireball+1","hexamod:HeatCrush+1","hexamod:HeatCrush+1","hexamod:GhostLash+1"],"relics":["hexamod:SpiritBrand","StoneCalendar","PreservedInsect","Toxic Egg 2","Dead Branch","downfall:HeartBlessingGreen","Coffee Dripper","downfall:HeartBlessingRed","ClockworkSouvenir","Ice Cream","Girya","Molten Egg 2","Red Mask","SlaversCollar","downfall:HeartBlessingBlue","White Beast Statue","Darkstone Periapt","War Paint"],"acts_visited":["Exordium","TheCity","TheBeyond"],"potions_floor_usage":[12,19,23,28,30,33,33,43,50,50,50],"damage_taken":[{"damage":0,"enemies":"downfall:FleeingMerchant","floor":2,"turns":4},{"damage":1,"enemies":"Jaw Worm","floor":3,"turns":4},{"damage":4,"enemies":"Cultist","floor":5,"turns":4},{"damage":17,"enemies":"3 Sentries","floor":6,"turns":7},{"damage":0,"enemies":"2 Louse","floor":8,"turns":1},{"damage":14,"enemies":"Gremlin Nob","floor":9,"turns":3},{"damage":0,"enemies":"Large Slime","floor":11,"turns":4},{"damage":0,"enemies":"downfall:FleeingMerchant","floor":12,"turns":4},{"damage":2,"enemies":"2 Fungi Beasts","floor":14,"turns":4},{"damage":5,"enemies":"Exordium Thugs","floor":15,"turns":3},{"damage":17,"enemies":"IC_STATUS_ARCHETYPE","floor":16,"turns":6},{"damage":5,"enemies":"3 Byrds","floor":19,"turns":4},{"damage":0,"enemies":"Chosen","floor":20,"turns":4},{"damage":4,"enemies":"Sentry and Sphere","floor":22,"turns":5},{"damage":0,"enemies":"downfall:FleeingMerchant","floor":23,"turns":4},{"damage":0,"enemies":"Gremlin Leader","floor":25,"turns":3},{"damage":0,"enemies":"WA_ARCHETYPE_RETAIN","floor":26,"turns":3},{"damage":21,"enemies":"Snake Plant","floor":27,"turns":3},{"damage":0,"enemies":"Centurion and Healer","floor":28,"turns":4},{"damage":14,"enemies":"Masked Bandits","floor":30,"turns":4},{"damage":1,"enemies":"Shelled Parasite and Fungi","floor":31,"turns":5},{"damage":6,"enemies":"Snecko","floor":32,"turns":3},{"damage":5,"enemies":"DF_ARCHETYPE_CLAW","floor":33,"turns":7},{"damage":0,"enemies":"Orb Walker","floor":36,"turns":2},{"damage":13,"enemies":"3 Shapes","floor":37,"turns":4},{"damage":17,"enemies":"3 Darklings","floor":38,"turns":4},{"damage":9,"enemies":"Sphere and 2 Shapes","floor":43,"turns":5},{"damage":4,"enemies":"Writhing Mass","floor":44,"turns":6},{"damage":32,"enemies":"Transient","floor":49,"turns":5},{"damage":44,"enemies":"WA_ARCHETYPE_DIVINITY","floor":50,"turns":5}],"seed_played":"-1188373546333753641","potions_obtained":[{"floor":5,"key":"SkillPotion"},{"floor":9,"key":"hexamod:DoubleChargePotion"},{"floor":14,"key":"SkillPotion"},{"floor":15,"key":"Regen Potion"},{"floor":19,"key":"FearPotion"},{"floor":21,"key":"CultistPotion"},{"floor":25,"key":"Swift Potion"},{"floor":26,"key":"SkillPotion"},{"floor":30,"key":"bronze:BurnAndBuffPotion"},{"floor":31,"key":"champ:CounterPotion"},{"floor":32,"key":"Swift Potion"},{"floor":32,"key":"Dexterity Potion"},{"floor":33,"key":"Fire Potion"},{"floor":33,"key":"Slimebound:ThreeZeroPotion"},{"floor":37,"key":"Slimebound:ThreeZeroPotion"},{"floor":43,"key":"SneckoOil"},{"floor":49,"key":"AttackPotion"}],"is_trial":false,"path_per_floor":["R","$","M","?","M","E","T","M","E","R","M","$","?","M","M","B",null,"R","M","M","?","M","$","T","E","?","M","M","?","?","M","M","B",null,"R","M","M","M","$","?","T","?","M","M","$","$","R","?","M","B"],"character_chosen":"THE_SPIRIT","items_purchased":["hexamod:Hexaguard+1","ClockworkSouvenir","hexamod:PhantomFireball+1","War Paint"],"campfire_rested":1,"item_purchase_floors":[23,23,39,46],"current_hp_per_floor":[70,70,69,69,65,48,48,48,34,55,55,55,55,53,48,31,70,70,65,65,65,61,61,61,61,61,40,52,45,38,44,38,33,70,80,80,74,57,57,57,57,57,55,58,58,58,58,58,33,0,0,0],"gold":54,"neow_bonus":"ONE_RARE_RELIC","is_daily":false,"chose_seed":false,"campfire_upgraded":1,"win_rate":0.0,"timestamp":1610940022,"path_taken":["R","$","M","?","M","E","T","M","E","R","?","?","?","M","M","BOSS","R","M","M","?","M","$","T","E","?","M","M","?","?","M","M","BOSS","R","M","M","M","$","?","T","?","?","M","?","$","R","?","M","BOSS"],"items_purchased_type":["Card","Relic","Card","Relic"],"build_version":"2020-12-22","purchased_purges":3,"victory":false,"max_hp_per_floor":[70,70,70,70,70,70,70,70,70,70,70,70,70,70,70,70,70,70,70,70,70,70,70,70,70,70,70,70,70,70,70,70,70,70,80,80,80,80,80,80,80,80,80,80,80,80,80,80,80,80,80,80],"card_choices":[{"not_picked":["hexamod:NightmareStrike","hexamod:SwordOfDarkness"],"picked":"hexamod:SecondSeal","floor":2},{"not_picked":["hexamod:GhostOfSpirePast","hexamod:GhostLash"],"picked":"hexamod:ThirdSeal","floor":3},{"not_picked":["hexamod:BacktrackSmack","hexamod:Firestarter"],"picked":"hexamod:SwordOfDarkness","floor":5},{"not_picked":["hexamod:AdvancingGuard","hexamod:GhostShield"],"picked":"hexamod:SwordOfDarkness","floor":5},{"not_picked":["hexamod:PhantomCloak","hexamod:NightmareStrike"],"picked":"hexamod:VolcanoVisage","floor":6},{"not_picked":["hexamod:NightmareStrike","hexamod:StepThrough"],"picked":"hexamod:GhostflameBarrier","floor":6},{"not_picked":["hexamod:GhostShield+1","hexamod:BacktrackSmack"],"picked":"hexamod:InspiringFlames+1","floor":8},{"not_picked":["hexamod:NightmareGuise+1","hexamod:SwordOfDarkness"],"picked":"hexamod:TimeOfNeed+1","floor":9},{"not_picked":["hexamod:AdvancingGuard+1","hexamod:GhostLash"],"picked":"hexamod:Haunt+1","floor":9},{"not_picked":["hexamod:ThermalTransfer","hexamod:FastForward+1"],"picked":"hexamod:FlamesFromBeyond+1","floor":11},{"not_picked":["hexamod:NightmareStrike","hexamod:Incineration"],"picked":"hexamod:FastForward+1","floor":11},{"not_picked":["hexamod:RadiantFlame","hexamod:GhostOfSpireFuture","hexamod:Again+1"],"picked":"SKIP","floor":12},{"not_picked":["hexamod:ThermalTransfer","hexamod:GhostflameBarrier+1"],"picked":"hexamod:SwordOfDarkness","floor":14},{"not_picked":["hexamod:ThirdSeal","hexamod:GhostShield+1"],"picked":"hexamod:PowerFromBeyond+1","floor":14},{"not_picked":["hexamod:ShieldOfDarkness+1","hexamod:SpectralAdrenaline+1","hexamod:ExtraCrispy"],"picked":"SKIP","floor":15},{"not_picked":["hexamod:TimeWarp","hexamod:TurnItUp+1"],"picked":"hexamod:HexaLevel","floor":16},{"not_picked":["hexamod:VolcanoVisage","hexamod:SearingWound+1"],"picked":"hexamod:ForkedFlame","floor":16},{"not_picked":["hexamod:HeatMetal","hexamod:SecondSeal"],"picked":"hexamod:Hexaguard+1","floor":19},{"not_picked":["hexamod:Rewind+1","hexamod:InspiringFlames+1"],"picked":"hexamod:GhostShield+1","floor":19},{"not_picked":["hexamod:FastForward+1","hexamod:GhostShield+1"],"picked":"hexamod:ForkedFlame","floor":20},{"not_picked":["hexamod:HeatShield+1","hexamod:HauntingEcho","hexamod:Firestarter+1"],"picked":"SKIP","floor":22},{"not_picked":["hexamod:HeatMetal","hexamod:FlamesFromBeyond+1","hexamod:BacktrackSmack"],"picked":"SKIP","floor":23},{"not_picked":["hexamod:GhostShield+1","hexamod:HauntingEcho"],"picked":"hexamod:VolcanoVisage","floor":25},{"not_picked":["hexamod:NightmareStrike+1","hexamod:RecurringNightmare+1"],"picked":"hexamod:FastForward+1","floor":26},{"not_picked":["hexamod:CatchUp+1","hexamod:SecondSeal"],"picked":"hexamod:BurningTouch+1","floor":26},{"not_picked":["hexamod:SpectersWail+1","hexamod:FastForward+1"],"picked":"hexamod:HauntingEcho+1","floor":27},{"not_picked":["hexamod:DynamicBlow+1","hexamod:BurningTouch+1","hexamod:NightmareStrike+1"],"picked":"SKIP","floor":28},{"not_picked":["hexamod:ChargedBarrage+1","hexamod:NightmareStrike+1"],"picked":"hexamod:UnleashSpirits+1","floor":30},{"not_picked":["hexamod:CatchUp+1","hexamod:InspiringFlames+1"],"picked":"hexamod:SpectersWail+1","floor":31},{"not_picked":["hexamod:GhostLash+1","hexamod:BacktrackSmack+1"],"picked":"hexamod:SpectersWail+1","floor":31},{"not_picked":["hexamod:GhostLash+1","hexamod:SpectersWail+1"],"picked":"hexamod:FastForward+1","floor":32},{"not_picked":["hexamod:FlameSwitch+1","hexamod:GiftsFromTheDead"],"picked":"hexamod:SixthSeal","floor":33},{"not_picked":["hexamod:GiftsFromTheDead","hexamod:GhostOfSpirePresent"],"picked":"hexamod:VolcanoVisage","floor":33},{"not_picked":["hexamod:Rewind+1","hexamod:RetreatToShadows+1","hexamod:NightmareGuise+1"],"picked":"SKIP","floor":36},{"not_picked":["hexamod:GhostflameBarrier+1","hexamod:RecurringNightmare+1"],"picked":"hexamod:FastForward+1","floor":37},{"not_picked":["hexamod:ThermalTransfer+1","hexamod:HeatMetal+1"],"picked":"hexamod:GhostLash+1","floor":38},{"not_picked":["hexamod:Firestarter+1","hexamod:DynamicBlow+1"],"picked":"hexamod:HeatCrush+1","floor":43},{"not_picked":["hexamod:ShieldOfDarkness+1","hexamod:HeatMetal+1"],"picked":"hexamod:HeatCrush+1","floor":43},{"not_picked":["hexamod:RainOfEmbers+1","hexamod:FlameSwitch+1","hexamod:BurningTouch+1"],"picked":"SKIP","floor":44},{"not_picked":["hexamod:FastForward+1","hexamod:RadiantFlame"],"picked":"hexamod:GhostLash+1","floor":49}],"player_experience":682556,"relics_obtained":[{"floor":6,"key":"PreservedInsect"},{"floor":7,"key":"Toxic Egg 2"},{"floor":9,"key":"Dead Branch"},{"floor":25,"key":"Ice Cream"},{"floor":26,"key":"Girya"},{"floor":26,"key":"Molten Egg 2"},{"floor":30,"key":"Red Mask"},{"floor":40,"key":"White Beast Statue"},{"floor":41,"key":"Darkstone Periapt"}],"event_choices":[{"damage_healed":0,"gold_gain":0,"player_choice":"Forge","damage_taken":0,"max_hp_gain":0,"max_hp_loss":0,"event_name":"Accursed Blacksmith","floor":4,"gold_loss":0,"cards_upgraded":["hexamod:Float"]},{"damage_healed":0,"gold_gain":0,"player_choice":"Fought Bandits","damage_taken":0,"max_hp_gain":0,"max_hp_loss":0,"event_name":"Masked Bandits","floor":30,"gold_loss":0},{"damage_healed":0,"gold_gain":0,"player_choice":"Ignored","damage_taken":0,"max_hp_gain":0,"max_hp_loss":0,"event_name":"NoteForYourself","floor":42,"gold_loss":0}],"is_beta":false,"boss_relics":[{"not_picked":["Velvet Choker","Cursed Key"],"picked":"Coffee Dripper"},{"not_picked":["Black Star","Pandora\u0027s Box"],"picked":"SlaversCollar"}],"items_purged_floors":[23,39,45],"is_endless":false,"potions_floor_spawned":[5,9,14,15,16,19,25,26,30,32,33,37,43,44,49],"killed_by":"WA_ARCHETYPE_DIVINITY","ascension_level":0}}