{"host":"l4he167voxkef95j","time":1610995534,"event":{"mods":["BaseMod","Infinite Spire","Minty Spire (QoL Compilation)","Rare Cards Sparkle","StSLib"],"gold_per_floor":[119,119,119,94,94,94,118,149,174,174,188,206,62,82,82,213,213,227,245,264,179,278,312,312,356,431,431,431,447,501,426,426,426,426],"floor_reached":33,"language":"RUS","playtime":994,"items_purged":[],"score":333,"play_id":"0f4ed5dc-a748-41b7-9100-cc449964c336","local_time":"20210118224534","is_ascension_mode":false,"campfire_choices":[{"data":"Flying Knee","floor":6.0,"key":"SMITH"},{"data":"Dagger Throw","floor":10.0,"key":"SMITH"},{"floor":15.0,"key":"REST"},{"floor":24.0,"key":"REST"},{"floor":28.0,"key":"REST"},{"floor":32.0,"key":"REST"}],"circlet_count":0,"master_deck":["Strike_G","Strike_G","Strike_G","Strike_G","Strike_G","Defend_G","Defend_G","Defend_G","Defend_G","Defend_G","Survivor","Neutralize","Dagger Throw+1","Flying Knee+1","Endless Agony","Dagger Throw","Distraction","Backstab","After Image","Poisoned Stab","Dagger Spray+1","Endless Agony+1","Bullet Time","Flying Knee"],"relics":["Ring of the Snake","CaptainsWheel","Golden Idol","HornCleat","Omamori","Potion Belt","Regal Pillow","Orichalcum","SacredBark","infinitespire:Beetle Shell","Ancient Tea Set","infinitespire:Satchel","infinitespire:Bottled Soul","MutagenicStrength","Smiling Mask"],"acts_visited":["Exordium","TheCity"],"potions_floor_usage":[],"damage_taken":[{"damage":0.0,"enemies":"Small Slimes","floor":1.0,"turns":3.0},{"damage":3.0,"enemies":"Jaw Worm","floor":7.0,"turns":2.0},{"damage":0.0,"enemies":"Gremlin Nob","floor":8.0,"turns":4.0},{"damage":2.0,"enemies":"2 Louse","floor":11.0,"turns":2.0},{"damage":2.0,"enemies":"Looter","floor":12.0,"turns":3.0},{"damage":0.0,"enemies":"3 Louse","floor":14.0,"turns":2.0},{"damage":42.0,"enemies":"The Guardian","floor":16.0,"turns":10.0},{"damage":0.0,"enemies":"3 Byrds","floor":18.0,"turns":6.0},{"damage":9.0,"enemies":"Chosen","floor":19.0,"turns":4.0},{"damage":22.0,"enemies":"Shelled Parasite and Fungi","floor":20.0,"turns":9.0},{"damage":0.0,"enemies":"Nightmare","floor":23.0,"turns":4.0},{"damage":62.0,"enemies":"Gremlin Leader","floor":25.0,"turns":7.0},{"damage":0.0,"enemies":"3 Cultists","floor":29.0,"turns":3.0},{"damage":85,"enemies":"Automaton","floor":33,"turns":12}],"seed_played":"-6842935949418746487","potions_obtained":[{"floor":8.0,"key":"Strength Potion"},{"floor":11.0,"key":"CultistPotion"},{"floor":16.0,"key":"Block Potion"},{"floor":18.0,"key":"Poison Potion"},{"floor":19.0,"key":"PowerPotion"},{"floor":23.0,"key":"Block Potion"},{"floor":25.0,"key":"SteroidPotion"}],"is_trial":false,"path_per_floor":["M","?","T","$","T","R","M","E","T","R","M","M","$","M","R","B",null,"M","M","M","?","?","NM","R","E","T","?","R","M","T","?","R","B"],"character_chosen":"THE_SILENT","items_purchased":["Flying Knee","Orichalcum"],"campfire_rested":4,"item_purchase_floors":[4,13],"current_hp_per_floor":[70,53,53,53,53,53,50,50,50,50,48,46,46,46,70,28,70,70,61,39,39,39,39,70,8,8,8,44,44,44,44,70,0,0],"gold":426,"neow_bonus":"ONE_RARE_RELIC","is_daily":false,"chose_seed":false,"campfire_upgraded":2,"win_rate":0.0,"timestamp":1610995534,"path_taken":["M","?","?","$","?","R","M","E","T","R","M","M","$","M","R","BOSS","M","M","M","?","?","NM","R","E","T","?","R","M","?","?","R","BOSS"],"items_purchased_type":["Card","Relic"],"build_version":"2020-12-22","purchased_purges":0,"victory":false,"max_hp_per_floor":[70,70,70,70,70,70,70,70,70,70,70,70,70,70,70,70,70,70,70,70,70,70,70,70,70,70,70,70,70,70,70,70,70,70],"card_choices":[{"not_picked":["Quick Slash","Backflip"],"picked":"Dagger Throw","floor":1.0},{"not_picked":["Deflect","Flechettes"],"picked":"Endless Agony","floor":7.0},{"not_picked":["Footwork","Grand Finale"],"picked":"Dagger Throw","floor":8.0},{"not_picked":["Acrobatics","Eviscerate","Bouncing Flask"],"picked":"SKIP","floor":11.0},{"not_picked":["Concentrate","Acrobatics"],"picked":"Distraction","floor":12.0},{"not_picked":["Concentrate","Bane"],"picked":"Backstab","floor":14.0},{"not_picked":["Envenom","Wraith Form v2"],"picked":"After Image","floor":16.0},{"not_picked":["Catalyst","Blur+1","Slice"],"picked":"SKIP","floor":18.0},{"not_picked":["Predator","Accuracy"],"picked":"Poisoned Stab","floor":19.0},{"not_picked":["Dodge and Roll","Prepared+1"],"picked":"Dagger Spray+1","floor":20.0},{"not_picked":["Dagger Throw","Choke"],"picked":"Endless Agony+1","floor":23.0},{"not_picked":["Underhanded Strike","Setup"],"picked":"Bullet Time","floor":25.0},{"not_picked":["Blade Dance","Deflect"],"picked":"Flying Knee","floor":29.0}],"player_experience":176952,"relics_obtained":[{"floor":3.0,"key":"HornCleat"},{"floor":5.0,"key":"Omamori"},{"floor":8.0,"key":"Potion Belt"},{"floor":9.0,"key":"Regal Pillow"},{"floor":23.0,"key":"Ancient Tea Set"},{"floor":25.0,"key":"infinitespire:Satchel"},{"floor":26.0,"key":"infinitespire:Bottled Soul"},{"floor":30.0,"key":"Smiling Mask"}],"event_choices":[{"damage_healed":0.0,"max_hp_gain":0.0,"max_hp_loss":0.0,"gold_gain":0.0,"event_name":"Golden Idol","player_choice":"Take Damage","floor":2.0,"gold_loss":0.0,"damage_taken":17.0,"relics_obtained":["Golden Idol"]},{"damage_healed":0.0,"max_hp_gain":0.0,"max_hp_loss":0.0,"gold_gain":0.0,"event_name":"Addict","player_choice":"Obtained Relic","floor":21.0,"gold_loss":85.0,"damage_taken":0.0,"relics_obtained":["infinitespire:Beetle Shell"]},{"damage_healed":0.0,"max_hp_gain":0.0,"max_hp_loss":0.0,"gold_gain":99.0,"event_name":"Nest","player_choice":"Stole From Cult","floor":22.0,"gold_loss":0.0,"damage_taken":0.0},{"damage_healed":0.0,"max_hp_gain":0.0,"max_hp_loss":0.0,"gold_gain":0.0,"event_name":"Drug Dealer","player_choice":"Inject Mutagens","floor":27.0,"gold_loss":0.0,"damage_taken":0.0,"relics_obtained":["MutagenicStrength"]},{"cards_removed":["Writhe"],"damage_healed":0.0,"max_hp_gain":0.0,"max_hp_loss":0.0,"gold_gain":0.0,"event_name":"Beggar","player_choice":"Gave Gold","floor":31.0,"gold_loss":75.0,"damage_taken":0.0}],"is_beta":false,"boss_relics":[{"not_picked":["Snecko Eye","Runic Pyramid"],"picked":"SacredBark"}],"items_purged_floors":[],"is_endless":true,"potions_floor_spawned":[8,11,16,18,19,23,25],"killed_by":"Automaton","ascension_level":0}}