{"host":"c3lc60y5x60jlt1y","time":1610984417,"event":{"mods":["AchievementEnabler","BaseMod","Bestiary","Colored Map","Minty Spire (QoL Compilation)","Quick Restart","StSLib","ojb\u0027s Info Mod"],"gold_per_floor":[111,111,122,42,42,76,26,62,86,129,154,10,10,29,29,29,29],"floor_reached":16,"language":"ENG","playtime":2698,"items_purged":["Strike_B"],"score":222,"play_id":"d9aa303a-aa93-45a6-b73e-c84ce9b18db5","local_time":"20210118174017","is_ascension_mode":true,"campfire_choices":[{"data":"Hyperbeam","floor":13,"key":"SMITH"},{"data":"Glacier","floor":15,"key":"SMITH"}],"circlet_count":0,"master_deck":["AscendersBane","Strike_B","Strike_B","Strike_B","Defend_B","Defend_B","Defend_B","Zap","Dualcast","Loop","BootSequence","Auto Shields","Glacier+1","Self Repair","Force Field","Coolheaded","Hyperbeam+1"],"relics":["Cracked Core","NeowsBlessing","Boot","Golden Idol","Pen Nib","Sundial","Nunchaku","Art of War"],"acts_visited":["Exordium"],"potions_floor_usage":[10,16],"damage_taken":[{"damage":0.0,"enemies":"Small Slimes","floor":1.0,"turns":1.0},{"damage":0,"enemies":"Cultist","floor":3,"turns":1},{"damage":0,"enemies":"Lagavulin","floor":6,"turns":1},{"damage":31,"enemies":"3 Sentries","floor":8,"turns":10},{"damage":18,"enemies":"Lagavulin","floor":10,"turns":7},{"damage":2,"enemies":"Jaw Worm","floor":11,"turns":3},{"damage":1,"enemies":"Exordium Wildlife","floor":14,"turns":3},{"damage":45,"enemies":"Hexaghost","floor":16,"turns":14}],"seed_played":"-6284598982001511307","potions_obtained":[{"floor":1,"key":"SkillPotion"},{"floor":8,"key":"BlessingOfTheForge"},{"floor":10,"key":"DuplicationPotion"}],"is_trial":false,"path_per_floor":["M","?","M","$","?","E","?","E","T","E","M","$","R","M","R","B"],"character_chosen":"DEFECT","items_purchased":["Auto Shields","Hyperbeam"],"campfire_rested":0,"item_purchase_floors":[4,12],"current_hp_per_floor":[68,68,68,68,68,68,68,37,37,26,31,31,31,37,37,0,0],"gold":29,"neow_bonus":"THREE_ENEMY_KILL","is_daily":false,"chose_seed":false,"campfire_upgraded":2,"win_rate":0.0,"timestamp":1610984417,"path_taken":["M","?","?","$","?","E","?","E","T","E","M","$","R","M","R","BOSS"],"items_purchased_type":["Card","Card"],"build_version":"2020-12-22","purchased_purges":1,"victory":false,"max_hp_per_floor":[75,75,75,75,69,69,69,69,69,69,69,69,69,69,69,69,69],"card_choices":[{"not_picked":["Recycle","Reprogram"],"picked":"Loop","floor":1},{"not_picked":["Go for the Eyes","Steam"],"picked":"BootSequence","floor":3},{"not_picked":["Streamline","Ball Lightning"],"picked":"Glacier","floor":6},{"not_picked":["Aggregate","Sweeping Beam"],"picked":"Self Repair","floor":8},{"not_picked":["Conserve Battery","Self Repair"],"picked":"Force Field","floor":10},{"not_picked":["Darkness","Genetic Algorithm"],"picked":"Coolheaded","floor":11},{"not_picked":["Gash","Rebound","Leap"],"picked":"SKIP","floor":14}],"player_experience":8164814,"relics_obtained":[{"floor":6,"key":"Pen Nib"},{"floor":8,"key":"Sundial"},{"floor":9,"key":"Nunchaku"},{"floor":10,"key":"Art of War"}],"event_choices":[{"damage_healed":0,"gold_gain":0,"player_choice":"Gave Potion","damage_taken":0,"relics_obtained":["Boot"],"max_hp_gain":0,"max_hp_loss":0,"event_name":"WeMeetAgain","floor":2,"gold_loss":0},{"damage_healed":0,"gold_gain":0,"player_choice":"Lose Max HP","damage_taken":0,"relics_obtained":["Golden Idol"],"max_hp_gain":0,"max_hp_loss":6,"event_name":"Golden Idol","floor":5,"gold_loss":0},{"cards_removed":["Defend_B"],"damage_healed":0,"gold_gain":0,"player_choice":"Card Removal","damage_taken":0,"max_hp_gain":0,"max_hp_loss":0,"event_name":"The Cleric","floor":7,"gold_loss":50}],"is_beta":false,"boss_relics":[],"items_purged_floors":[12],"is_endless":false,"potions_floor_spawned":[1,8,10],"killed_by":"Hexaghost","ascension_level":11}}