{"host":"9v3x998ddbx8o276","time":1610966745,"event":{"mods":["AchievementEnabler","BaseMod","Colored Map","Colored Powertips","Highlight Path","Minty Spire (QoL Compilation)","Quick Restart","Rare Cards Sparkle"],"gold_per_floor":[115,135,85,103,10,39,214,214,214,225,225,243,16,42,42,142,142,153,153,167,178,205,205,215,215,215,247,262,262,278,304,304,304,304],"floor_reached":33,"language":"ENG","playtime":1093,"items_purged":[],"score":416,"play_id":"8a2eaf64-b114-4e7b-b77a-d93bfa0af09b","local_time":"20210118211545","is_ascension_mode":true,"campfire_choices":[{"data":"Discovery","floor":8,"key":"SMITH"},{"data":"Bash","floor":11,"key":"SMITH"},{"data":"Disarm","floor":15,"key":"SMITH"},{"floor":23,"key":"REST"},{"floor":29,"key":"REST"},{"floor":32,"key":"REST"}],"circlet_count":0,"master_deck":["Strike_R","Strike_R","Strike_R","Strike_R","Defend_R","Defend_R","Defend_R","Defend_R","Bash+1","Headbutt","Anger","Clash","Discovery+1","Sword Boomerang","Doubt","Wild Strike","Carnage","Evolve","Disarm+1","Immolate","Clash+1","Warcry+1","Blood for Blood","Rage","Impervious","Whirlwind","Burning Pact","Corruption"],"relics":["Burning Blood","Strawberry","CaptainsWheel","Du-Vu Doll","Red Skull","Omamori","SlaversCollar","Red Mask","GremlinMask","PreservedInsect","Happy Flower","Regal Pillow"],"acts_visited":["Exordium","TheCity"],"potions_floor_usage":[10,22,22,30,31,33],"damage_taken":[{"damage":4,"enemies":"Jaw Worm","floor":1,"turns":4},{"damage":8,"enemies":"Small Slimes","floor":2,"turns":4},{"damage":0,"enemies":"2 Louse","floor":4,"turns":2},{"damage":29,"enemies":"Gremlin Nob","floor":6,"turns":4},{"damage":9,"enemies":"Lots of Slimes","floor":10,"turns":3},{"damage":9,"enemies":"2 Fungi Beasts","floor":12,"turns":2},{"damage":25,"enemies":"3 Sentries","floor":14,"turns":5},{"damage":10,"enemies":"Hexaghost","floor":16,"turns":8},{"damage":10,"enemies":"Spheric Guardian","floor":18,"turns":5},{"damage":15,"enemies":"Shell Parasite","floor":20,"turns":3},{"damage":22,"enemies":"Snecko","floor":21,"turns":5},{"damage":36,"enemies":"Masked Bandits","floor":22,"turns":4},{"damage":8,"enemies":"Chosen and Byrds","floor":24,"turns":3},{"damage":21,"enemies":"Gremlin Leader","floor":27,"turns":4},{"damage":7,"enemies":"Shelled Parasite and Fungi","floor":28,"turns":5},{"damage":8,"enemies":"Centurion and Healer","floor":30,"turns":4},{"damage":22,"enemies":"Slavers","floor":31,"turns":2},{"damage":48,"enemies":"Automaton","floor":33,"turns":6}],"seed_played":"3778046236579638306","potions_obtained":[{"floor":1,"key":"FairyPotion"},{"floor":2,"key":"AttackPotion"},{"floor":10,"key":"FearPotion"},{"floor":19,"key":"DuplicationPotion"},{"floor":19,"key":"ColorlessPotion"},{"floor":24,"key":"Explosive Potion"},{"floor":28,"key":"BloodPotion"},{"floor":31,"key":"PowerPotion"}],"is_trial":false,"path_per_floor":["M","M","?","M","$","E","?","R","T","M","R","M","$","E","R","B",null,"M","?","M","M","?","R","M","?","T","E","M","R","M","E","R","B"],"character_chosen":"IRONCLAD","items_purchased":["Discovery","Red Skull","Evolve"],"campfire_rested":3,"item_purchase_floors":[5,13,13],"current_hp_per_floor":[81,79,79,85,85,62,62,62,62,59,59,56,56,37,37,33,74,70,70,61,45,15,41,39,39,39,24,23,49,64,48,87,39,39],"gold":304,"neow_bonus":"RANDOM_COMMON_RELIC","is_daily":false,"chose_seed":false,"campfire_upgraded":3,"win_rate":0.0,"timestamp":1610966745,"path_taken":["M","M","?","M","$","E","?","R","T","M","R","M","$","E","R","BOSS","M","?","?","M","?","R","M","?","T","E","?","R","M","E","R","BOSS"],"items_purchased_type":["Card","Relic","Card"],"build_version":"2020-12-22","purchased_purges":0,"victory":false,"max_hp_per_floor":[87,87,87,87,87,87,87,87,87,87,87,87,87,87,87,87,87,87,87,87,87,87,87,87,87,87,87,87,87,87,87,87,87,87],"card_choices":[{"not_picked":["Sentinel","Heavy Blade"],"picked":"Headbutt","floor":1},{"not_picked":["Iron Wave","Sentinel"],"picked":"Anger","floor":2},{"not_picked":["True Grit","Body Slam"],"picked":"Clash","floor":4},{"not_picked":["Infernal Blade","Clothesline"],"picked":"Sword Boomerang","floor":6},{"not_picked":["Sword Boomerang","Body Slam"],"picked":"Wild Strike","floor":10},{"not_picked":["Seeing Red","Iron Wave"],"picked":"Carnage","floor":12},{"not_picked":["Brutality","Seeing Red"],"picked":"Disarm","floor":14},{"not_picked":["Berserk","Reaper"],"picked":"Immolate","floor":16},{"not_picked":["Cleave","True Grit"],"picked":"Clash+1","floor":18},{"not_picked":["Flex","Body Slam"],"picked":"Warcry+1","floor":20},{"not_picked":["Headbutt","Body Slam"],"picked":"Blood for Blood","floor":21},{"not_picked":["Shockwave","Hemokinesis"],"picked":"Rage","floor":24},{"not_picked":["Clash","Entrench"],"picked":"Impervious","floor":27},{"not_picked":["Twin Strike+1","Thunderclap"],"picked":"Whirlwind","floor":28},{"not_picked":["Havoc","Evolve"],"picked":"Burning Pact","floor":30},{"not_picked":["Spot Weakness","Second Wind+1"],"picked":"Corruption","floor":31}],"player_experience":1671582,"relics_obtained":[{"floor":6,"key":"CaptainsWheel"},{"floor":9,"key":"Du-Vu Doll"},{"floor":14,"key":"Omamori"},{"floor":22,"key":"Red Mask"},{"floor":26,"key":"PreservedInsect"},{"floor":27,"key":"Happy Flower"},{"floor":31,"key":"Regal Pillow"}],"event_choices":[{"cards_removed":["Strike_R"],"damage_healed":0,"gold_gain":0,"player_choice":"Card Removal","damage_taken":0,"max_hp_gain":0,"max_hp_loss":0,"event_name":"The Cleric","floor":3,"gold_loss":50},{"damage_healed":0,"gold_gain":175,"player_choice":"AGREE","damage_taken":0,"max_hp_gain":0,"max_hp_loss":0,"event_name":"Liars Game","floor":7,"gold_loss":0,"cards_obtained":["Doubt"]},{"damage_healed":0,"gold_gain":0,"player_choice":"Got Potions","damage_taken":0,"max_hp_gain":0,"max_hp_loss":0,"event_name":"Lab","floor":19,"gold_loss":0},{"damage_healed":0,"gold_gain":0,"player_choice":"Fought Bandits","damage_taken":0,"max_hp_gain":0,"max_hp_loss":0,"event_name":"Masked Bandits","floor":22,"gold_loss":0},{"damage_healed":0,"gold_gain":0,"player_choice":"Trade","damage_taken":0,"relics_obtained":["GremlinMask"],"max_hp_gain":0,"max_hp_loss":0,"event_name":"FaceTrader","floor":25,"gold_loss":0}],"is_beta":false,"boss_relics":[{"not_picked":["Fusion Hammer","Runic Cube"],"picked":"SlaversCollar"}],"items_purged_floors":[],"is_endless":false,"potions_floor_spawned":[1,2,10,21,24,28,31],"killed_by":"Automaton","ascension_level":8}}