{"host":"d8hh7rr4yzitjeuj","time":1610948032,"event":{"mods":["2.2 Compatiblity","AchievementEnabler","Act Like it!","BaseMod","Colored Map","Colored Powertips","Highlight Path","Keyboard Shortcuts","Minty Spire (QoL Compilation)","Permanent Neow","Quick Restart","StSLib","SuperFastMode"],"gold_per_floor":[117,129,141,160,179,212,212,229,229,241,254,254,214,232,232,232,232],"floor_reached":16,"language":"KOR","playtime":477,"items_purged":[],"score":216,"play_id":"6f74feac-6cda-4324-9f96-951461026e3a","local_time":"20210118143352","is_ascension_mode":true,"campfire_choices":[{"floor":7.0,"key":"REST"},{"floor":15,"key":"REST"}],"circlet_count":0,"master_deck":["AscendersBane","Strike_R","Strike_R","Strike_R","Strike_R","Strike_R","Defend_R","Defend_R","Defend_R","Defend_R","Bash","Shrug It Off","Cleave","Clothesline","Flame Barrier","Inflame","Spot Weakness","Shrug It Off","Shockwave","Carnage","Sever Soul"],"relics":["Burning Blood","Ginger","Kunai","Dead Branch"],"acts_visited":["Exordium"],"potions_floor_usage":[16,16],"damage_taken":[{"damage":7.0,"enemies":"2 Louse","floor":1.0,"turns":4.0},{"damage":12.0,"enemies":"Jaw Worm","floor":2.0,"turns":4.0},{"damage":6.0,"enemies":"Cultist","floor":3.0,"turns":3.0},{"damage":17.0,"enemies":"Gremlin Gang","floor":4.0,"turns":6.0},{"damage":9.0,"enemies":"Exordium Thugs","floor":5.0,"turns":4.0},{"damage":42.0,"enemies":"3 Sentries","floor":6.0,"turns":8.0},{"damage":18.0,"enemies":"Blue Slaver","floor":8.0,"turns":4.0},{"damage":21.0,"enemies":"Large Slime","floor":10.0,"turns":5.0},{"damage":21.0,"enemies":"Exordium Thugs","floor":11.0,"turns":4.0},{"damage":0,"enemies":"Looter","floor":13,"turns":4},{"damage":5,"enemies":"Blue Slaver","floor":14,"turns":3},{"damage":39,"enemies":"Hexaghost","floor":16,"turns":9}],"seed_played":"87854188840767656","potions_obtained":[{"floor":4.0,"key":"LiquidBronze"},{"floor":8.0,"key":"FairyPotion"},{"floor":14,"key":"SpeedPotion"}],"is_trial":false,"path_per_floor":["M","M","M","M","M","E","R","M","T","M","M","?","M","M","R","B"],"character_chosen":"IRONCLAD","items_purchased":[],"campfire_rested":2,"item_purchase_floors":[],"current_hp_per_floor":[67,61,61,50,47,11,31,19,19,26,11,11,17,18,38,0,0],"gold":232,"neow_bonus":"ONE_RARE_RELIC","is_daily":false,"chose_seed":false,"campfire_upgraded":0,"win_rate":0.0,"timestamp":1610948032,"path_taken":["M","M","M","M","M","E","R","M","T","M","M","?","M","M","R","BOSS"],"items_purchased_type":[],"build_version":"2020-12-22","purchased_purges":0,"victory":false,"max_hp_per_floor":[68,68,68,68,68,68,68,68,68,68,68,68,68,68,68,68,68],"card_choices":[{"not_picked":["Clash","Anger"],"picked":"Shrug It Off","floor":1.0},{"not_picked":["Iron Wave","Heavy Blade"],"picked":"Cleave","floor":2.0},{"not_picked":["Armaments","Cleave"],"picked":"Clothesline","floor":3.0},{"not_picked":["True Grit","Sword Boomerang"],"picked":"Flame Barrier","floor":4.0},{"not_picked":["Fiend Fire","Bloodletting"],"picked":"Inflame","floor":5.0},{"not_picked":["Thunderclap","Exhume"],"picked":"Spot Weakness","floor":6.0},{"not_picked":["Havoc","Body Slam"],"picked":"Shrug It Off","floor":8.0},{"not_picked":["Warcry","Entrench"],"picked":"Shockwave","floor":10.0},{"not_picked":["Flame Barrier","Cleave"],"picked":"Carnage","floor":11.0},{"not_picked":["Heavy Blade","Body Slam"],"picked":"Sever Soul","floor":13},{"not_picked":["Anger","Carnage","Combust"],"picked":"SKIP","floor":14}],"player_experience":1446272,"relics_obtained":[{"floor":6.0,"key":"Kunai"},{"floor":9.0,"key":"Dead Branch"}],"event_choices":[{"damage_healed":0,"gold_gain":0,"player_choice":"Searched \u00270\u0027 times","damage_taken":0,"max_hp_gain":0,"max_hp_loss":0,"event_name":"Dead Adventurer","floor":12,"gold_loss":0}],"is_beta":false,"boss_relics":[],"items_purged_floors":[],"is_endless":false,"potions_floor_spawned":[4,8,14],"killed_by":"Hexaghost","ascension_level":20}}