{"host":"d66n7ln59ex8canu","time":1610946858,"event":{"mods":["AchievementEnabler","BaseMod","Colored Map","Minty Spire (QoL Compilation)","Quick Restart","StSLib"],"gold_per_floor":[119,394,404,404,216,216,237,281,281,294,168,184,184,184,184,309,309,332,332,80,90,90,90,101,129,129,156,156,188,188,219,231,243,243],"floor_reached":33,"language":"ENG","playtime":959,"items_purged":[],"score":361,"play_id":"f87c7aa4-3250-4140-b264-7e7636ab7c1b","local_time":"20210118001418","is_ascension_mode":true,"campfire_choices":[{"data":"Accuracy","floor":6,"key":"SMITH"},{"floor":15,"key":"REST"},{"data":"Blade Dance","floor":23,"key":"SMITH"},{"floor":32,"key":"REST"}],"circlet_count":0,"master_deck":["Strike_G","Strike_G","Strike_G","Strike_G","Strike_G","Defend_G","Defend_G","Defend_G","Defend_G","Defend_G","Survivor","Neutralize","Sucker Punch","Accuracy+1","Dodge and Roll","Cloak And Dagger","Slice+1","Footwork","Dagger Spray+1","Blade Dance+1","Glass Knife+1","Accuracy+1","Flash of Steel+1","Cloak And Dagger","Deadly Poison+1","Heel Hook+1","Dramatic Entrance+1","Blade Dance"],"relics":["Ring of the Snake","NeowsBlessing","Bloody Idol","Sling","PreservedInsect","Molten Egg 2","Pen Nib","Philosopher\u0027s Stone","DollysMirror","Red Mask","Pantograph","Juzu Bracelet","MealTicket","MawBank"],"acts_visited":["Exordium","TheCity"],"potions_floor_usage":[8,16,29,29,31,33],"damage_taken":[{"damage":0,"enemies":"2 Louse","floor":1,"turns":1},{"damage":0,"enemies":"Cultist","floor":3,"turns":1},{"damage":0,"enemies":"Small Slimes","floor":7,"turns":1},{"damage":21,"enemies":"3 Sentries","floor":8,"turns":11},{"damage":13,"enemies":"Red Slaver","floor":10,"turns":6},{"damage":2,"enemies":"Exordium Wildlife","floor":12,"turns":4},{"damage":27,"enemies":"Slime Boss","floor":16,"turns":10},{"damage":10,"enemies":"Shell Parasite","floor":18,"turns":4},{"damage":9,"enemies":"2 Thieves","floor":21,"turns":3},{"damage":20,"enemies":"Centurion and Healer","floor":24,"turns":5},{"damage":14,"enemies":"Masked Bandits","floor":25,"turns":4},{"damage":20,"enemies":"Slavers","floor":27,"turns":3},{"damage":12,"enemies":"Book of Stabbing","floor":29,"turns":4},{"damage":5,"enemies":"Slavers","floor":31,"turns":2},{"damage":85,"enemies":"Champ","floor":33,"turns":8}],"seed_played":"-8395882282921934933","potions_obtained":[{"floor":1,"key":"Fire Potion"},{"floor":10,"key":"Explosive Potion"},{"floor":12,"key":"Regen Potion"},{"floor":24,"key":"Strength Potion"},{"floor":25,"key":"SpeedPotion"},{"floor":29,"key":"Fruit Juice"}],"is_trial":false,"path_per_floor":["M","?","M","?","$","R","M","E","T","M","$","M","?","?","R","B",null,"M","?","$","M","?","R","M","?","T","E","?","E","?","E","R","B"],"character_chosen":"THE_SILENT","items_purchased":["Accuracy","Sling","Footwork","Dagger Spray+1","DollysMirror","Flash of Steel+1"],"campfire_rested":2,"item_purchase_floors":[5,5,11,11,20,20],"current_hp_per_floor":[70,70,70,53,53,53,53,32,32,19,19,17,14,14,35,23,70,60,60,60,61,70,70,55,46,46,31,31,24,24,29,56,0,0],"gold":243,"neow_bonus":"THREE_ENEMY_KILL","is_daily":false,"chose_seed":false,"campfire_upgraded":2,"win_rate":0.0,"timestamp":1610946858,"path_taken":["M","?","?","?","$","R","M","E","T","M","$","M","?","?","R","BOSS","M","?","$","M","?","R","M","?","T","E","?","E","?","E","R","BOSS"],"items_purchased_type":["Card","Relic","Card","Card","Relic","Card"],"build_version":"2020-12-22","purchased_purges":0,"victory":false,"max_hp_per_floor":[70,70,70,70,70,70,70,70,70,70,70,70,70,70,70,70,70,70,70,70,70,70,70,70,70,70,70,70,70,70,75,75,75,75],"card_choices":[{"not_picked":["Dash","Outmaneuver"],"picked":"Sucker Punch","floor":1},{"not_picked":["Calculated Gamble","Outmaneuver","Sucker Punch"],"picked":"SKIP","floor":3},{"not_picked":["Backflip","Outmaneuver"],"picked":"Dodge and Roll","floor":7},{"not_picked":["Poisoned Stab","Reflex"],"picked":"Cloak And Dagger","floor":8},{"not_picked":["Deflect","Heel Hook+1"],"picked":"Slice+1","floor":10},{"not_picked":["Crippling Poison","Finisher+1"],"picked":"Blade Dance","floor":12},{"not_picked":["Tools of the Trade","Venomology"],"picked":"Glass Knife+1","floor":16},{"not_picked":["Calculated Gamble","Well Laid Plans+1","Noxious Fumes"],"picked":"SKIP","floor":18},{"not_picked":["Well Laid Plans+1","Sucker Punch+1","Caltrops"],"picked":"SKIP","floor":21},{"not_picked":["Flying Knee+1","Deadly Poison"],"picked":"Cloak And Dagger","floor":24},{"not_picked":["Bouncing Flask","Poisoned Stab+1"],"picked":"Deadly Poison+1","floor":25},{"not_picked":["Expertise","Bouncing Flask"],"picked":"Heel Hook+1","floor":27},{"not_picked":["Night Terror","Skewer+1","Dagger Throw+1"],"picked":"SKIP","floor":29},{"not_picked":["Dagger Spray+1","Crippling Poison"],"picked":"Blade Dance","floor":31}],"player_experience":330410,"relics_obtained":[{"floor":8,"key":"PreservedInsect"},{"floor":9,"key":"Molten Egg 2"},{"floor":25,"key":"Red Mask"},{"floor":26,"key":"Pantograph"},{"floor":27,"key":"Juzu Bracelet"},{"floor":29,"key":"MealTicket"},{"floor":31,"key":"MawBank"}],"event_choices":[{"damage_healed":0,"gold_gain":275,"player_choice":"Desecrate","damage_taken":0,"max_hp_gain":0,"max_hp_loss":0,"event_name":"Golden Shrine","floor":2,"gold_loss":0,"cards_obtained":["Regret"]},{"damage_healed":0,"gold_gain":0,"player_choice":"Take Damage","damage_taken":17,"relics_obtained":["Golden Idol"],"max_hp_gain":0,"max_hp_loss":0,"event_name":"Golden Idol","floor":4,"gold_loss":0},{"damage_healed":0,"gold_gain":0,"player_choice":"Success","damage_taken":3,"relics_obtained":["Pen Nib"],"max_hp_gain":0,"max_hp_loss":0,"event_name":"Scrap Ooze","floor":13,"gold_loss":0},{"cards_removed":["Regret"],"damage_healed":0,"gold_gain":0,"player_choice":"Removed Curses","damage_taken":0,"max_hp_gain":0,"max_hp_loss":0,"event_name":"Fountain of Cleansing","floor":14,"gold_loss":0},{"damage_healed":0,"gold_gain":0,"player_choice":"Gave Idol","damage_taken":0,"relics_obtained":["Bloody Idol"],"max_hp_gain":0,"max_hp_loss":0,"event_name":"Forgotten Altar","floor":19,"relics_lost":["Golden Idol"],"gold_loss":0},{"damage_healed":23,"gold_gain":0,"player_choice":"Heal","damage_taken":0,"max_hp_gain":0,"max_hp_loss":0,"event_name":"The Library","floor":22,"gold_loss":0},{"damage_healed":0,"gold_gain":0,"player_choice":"Fought Bandits","damage_taken":0,"max_hp_gain":0,"max_hp_loss":0,"event_name":"Masked Bandits","floor":25,"gold_loss":0},{"damage_healed":0,"gold_gain":0,"player_choice":"Ignored","damage_taken":0,"max_hp_gain":0,"max_hp_loss":0,"event_name":"Vampires","floor":28,"gold_loss":0},{"damage_healed":0,"gold_gain":0,"player_choice":"1 cards matched","damage_taken":0,"max_hp_gain":0,"max_hp_loss":0,"event_name":"Match and Keep!","floor":30,"gold_loss":0,"cards_obtained":["Dramatic Entrance"]}],"is_beta":false,"boss_relics":[{"not_picked":["Pandora\u0027s Box","SacredBark"],"picked":"Philosopher\u0027s Stone"}],"items_purged_floors":[],"is_endless":false,"potions_floor_spawned":[1,10,12,24,25,29],"killed_by":"Champ","ascension_level":4}}