{"host":"vzugls1u57eppbds","time":1610976909,"event":{"mods":["AchievementEnabler","BaseMod","Better Third Choice","Minty Spire (QoL Compilation)","Relic Stats","Shop Mod","StSLib","The IronCluck"],"gold_per_floor":[364,377,388,388,36,36,70,70,148,159,176,26,45,59,59,158,158,171,171,4,21,21,51,51,51,51],"floor_reached":25,"language":"ENG","playtime":787,"items_purged":[],"score":326,"play_id":"d06ea3d2-a4b7-457b-8beb-6770ea5f91b4","local_time":"20210118143509","is_ascension_mode":true,"campfire_choices":[{"floor":6,"key":"REST"},{"data":"Dark Embrace","floor":8,"key":"SMITH"},{"floor":15,"key":"REST"}],"circlet_count":0,"master_deck":["Strike_R","Strike_R","Strike_R","Strike_R","Strike_R","Defend_R","Defend_R","Defend_R","Defend_R","Bash","Wild Strike","Pommel Strike","Twin Strike","Dark Embrace+1","Twin Strike","Berserk","Clothesline","Apotheosis","Pommel Strike","Shame","Power Through","Writhe"],"relics":["Burning Blood","Ginger","Ancient Tea Set","Mercury Hourglass","Chemical X","Velvet Choker","MealTicket","Juzu Bracelet","Pen Nib"],"acts_visited":["Exordium","TheCity"],"potions_floor_usage":[7,16,19,23,23],"damage_taken":[{"damage":4,"enemies":"Jaw Worm","floor":1,"turns":4},{"damage":11,"enemies":"Cultist","floor":2,"turns":4},{"damage":11,"enemies":"Small Slimes","floor":3,"turns":4},{"damage":15,"enemies":"3 Sentries","floor":7,"turns":7},{"damage":0,"enemies":"2 Fungi Beasts","floor":10,"turns":2},{"damage":0,"enemies":"Large Slime","floor":11,"turns":3},{"damage":7,"enemies":"Looter","floor":13,"turns":3},{"damage":16,"enemies":"2 Fungi Beasts","floor":14,"turns":3},{"damage":68,"enemies":"The Guardian","floor":16,"turns":13},{"damage":25,"enemies":"Spheric Guardian","floor":18,"turns":4},{"damage":0,"enemies":"3 Byrds","floor":19,"turns":1},{"damage":34,"enemies":"3 Cultists","floor":21,"turns":5},{"damage":23,"enemies":"Gremlin Leader","floor":23,"turns":7},{"damage":7,"enemies":"Book of Stabbing","floor":25,"turns":1}],"seed_played":"8992709897664928452","potions_obtained":[{"floor":1,"key":"SmokeBomb"},{"floor":3,"key":"AttackPotion"},{"floor":13,"key":"BlessingOfTheForge"},{"floor":16,"key":"SteroidPotion"},{"floor":21,"key":"SkillPotion"}],"is_trial":false,"path_per_floor":["M","M","M","?","$","R","E","R","T","M","M","$","M","M","R","B",null,"M","M","$","M","?","E","?","E"],"character_chosen":"IRONCLAD","items_purchased":["Ginger","Dark Embrace","Chemical X","Apotheosis"],"campfire_rested":2,"item_purchase_floors":[5,5,12,20],"current_hp_per_floor":[53,48,43,43,43,67,58,58,58,64,70,70,69,59,80,18,65,46,52,52,24,24,7,7,0,0],"gold":51,"neow_bonus":"TWO_FIFTY_GOLD","is_daily":false,"chose_seed":false,"campfire_upgraded":1,"win_rate":0.0,"timestamp":1610976909,"path_taken":["M","M","M","?","$","R","E","R","T","M","M","$","?","M","R","BOSS","M","?","$","M","?","E","?","E"],"items_purchased_type":["Relic","Card","Relic","Card"],"build_version":"2020-12-22","purchased_purges":0,"victory":false,"max_hp_per_floor":[80,80,80,80,80,80,80,80,80,80,80,80,80,80,80,80,80,80,80,80,80,80,80,80,80,80],"relic_stats":{"counters":[14,59],"MealTicket":0,"Pen Nib":[0],"Juzu Bracelet":0,"Ginger":[0],"Chemical X":[1],"obtain_stats":[{"Velvet Choker":17,"MealTicket":22,"Pen Nib":24,"Juzu Bracelet":23,"Ginger":5,"Chemical X":12,"Ancient Tea Set":7,"Burning Blood":0,"Mercury Hourglass":9},{"Velvet Choker":9,"MealTicket":12,"Pen Nib":13,"Juzu Bracelet":13,"Ginger":3,"Chemical X":6,"Ancient Tea Set":4,"Burning Blood":0,"Mercury Hourglass":4},{"Velvet Choker":41,"MealTicket":51,"Pen Nib":58,"Juzu Bracelet":58,"Ginger":12,"Chemical X":24,"Ancient Tea Set":19,"Burning Blood":0,"Mercury Hourglass":19}],"Burning Blood":78,"Mercury Hourglass":[177]},"card_choices":[{"not_picked":["Feel No Pain","Twin Strike"],"picked":"Wild Strike","floor":1},{"not_picked":["Sword Boomerang","Burning Pact"],"picked":"Pommel Strike","floor":2},{"not_picked":["Havoc","Shockwave"],"picked":"Twin Strike","floor":3},{"not_picked":["Clash","Havoc","Inflame"],"picked":"SKIP","floor":7},{"not_picked":["Havoc","Shockwave","Thunderclap"],"picked":"SKIP","floor":10},{"not_picked":["Body Slam","Dropkick","Rupture"],"picked":"SKIP","floor":11},{"not_picked":["Headbutt","Body Slam"],"picked":"Twin Strike","floor":13},{"not_picked":["Havoc","Berserk","Twin Strike"],"picked":"SKIP","floor":14},{"not_picked":["Juggernaut","Double Tap"],"picked":"Berserk","floor":16},{"not_picked":["Iron Wave","Rage+1"],"picked":"Clothesline","floor":18},{"not_picked":["Body Slam","Clash"],"picked":"Pommel Strike","floor":21},{"not_picked":["Cleave+1","Double Tap"],"picked":"Power Through","floor":23}],"player_experience":233846,"relics_obtained":[{"floor":7,"key":"Ancient Tea Set"},{"floor":9,"key":"Mercury Hourglass"},{"floor":23,"key":"Juzu Bracelet"}],"event_choices":[{"damage_healed":0,"gold_gain":0,"player_choice":"Bought 0 Potions","damage_taken":0,"max_hp_gain":0,"max_hp_loss":0,"event_name":"The Woman in Blue","floor":4,"gold_loss":0},{"damage_healed":0,"gold_gain":0,"player_choice":"Stole Relic","damage_taken":0,"relics_obtained":["MealTicket"],"max_hp_gain":0,"max_hp_loss":0,"event_name":"Addict","floor":22,"gold_loss":0,"cards_obtained":["Shame"]},{"damage_healed":0,"gold_gain":0,"player_choice":"Opened","damage_taken":0,"relics_obtained":["Pen Nib"],"max_hp_gain":0,"max_hp_loss":0,"event_name":"The Mausoleum","floor":24,"gold_loss":0,"cards_obtained":["Writhe"]}],"is_beta":false,"boss_relics":[{"not_picked":["Runic Dome","Cursed Key"],"picked":"Velvet Choker"}],"items_purged_floors":[],"is_endless":false,"potions_floor_spawned":[1,3,13,16,21],"killed_by":"Book of Stabbing","ascension_level":9}}