{"host":"ux1e5jwgl66eze79","time":1610943187,"event":{"mods":["2.2 Compatiblity","Act Like it!","Aspiration","BaseMod","Conspire","Downfall","Duelist Mod","GifTheSpireLib","Hermit","Hubris","Minty Spire (QoL Compilation)","StSLib","The Cursed","Wandering Minibosses"],"gold_per_floor":[138,155,155,175,175,208,225,225,225,245,245,261,261,277,277,381,381,398,426,501,521,145,176,176,189,214,232,263,263,298,315,315,413,413,428,448,468,483,499,529,429,429,429,455,455,487,487,501,501,501],"floor_reached":51,"language":"ENG","playtime":4209,"items_purged":["theDuelist:CastleWalls"],"score":931,"play_id":"8f1d8b78-3532-47a6-81b0-bb83821cb4e9","local_time":"20210118051307","is_ascension_mode":true,"campfire_choices":[{"data":"theDuelist:RainbowMagician","floor":8,"key":"SMITH"},{"data":"theDuelist:BlueDragonSummoner","floor":15,"key":"SMITH"},{"data":"theDuelist:PowerKaishin","floor":24,"key":"SMITH"},{"floor":29,"key":"REST"},{"floor":32,"key":"REST"},{"floor":42,"key":"REST"},{"data":"theDuelist:SwordsBurning","floor":47,"key":"SMITH"},{"data":"theDuelist:MindAir","floor":49,"key":"SMITH"}],"circlet_count":0,"master_deck":["theDuelist:TimeWizard","theDuelist:Yami+1","theDuelist:WhiteOrbCard","theDuelist:Sparks","theDuelist:NeoMagic","theDuelist:Sparks","theDuelist:SilentDoom+1","theDuelist:Raigeki+1","theDuelist:Nameless:Power:ForbiddenLance","theDuelist:WhiteMagicalHat","theDuelist:DarkMagicianGirl+1","theDuelist:GrandSpellbookTower","theDuelist:MysticalElf","theDuelist:SangaEarth","theDuelist:MindAir+1","theDuelist:PowerKaishin+1","theDuelist:RainbowMagician+1","theDuelist:PowerKaishin","theDuelist:MysticalElf","theDuelist:NeoMagic","theDuelist:DarkMagician","theDuelist:RainbowDarkDragon","theDuelist:BlueDragonSummoner+1","theDuelist:SwordsBurning+1","theDuelist:Sparks","theDuelist:ApprenticeIllusionMagician"],"relics":["theDuelist:MillenniumPuzzle","theDuelist:CardPoolRelic","theDuelist:CardPoolBasicRelic","theDuelist:BoosterPackPoolRelic","theDuelist:CardPoolAddRelic","theDuelist:CardPoolMinusRelic","theDuelist:CardPoolSaveRelic","theDuelist:CardPoolOptionsRelic","NeowsBlessing","hubris:OldNail","hubris:64BitClover","Letter Opener","aspiration:BabyByrd","Runic Dome","hubris:SlimyHat","theDuelist:DuelistPrismaticShard","War Paint","Red Skull","Boot","Bag of Marbles","Anchor","hubris:TenFootPole","aspiration:RitualDagger","Regal Pillow","Happy Flower","aspiration:HatOfInfinitePower","Bag of Preparation","theDuelist:EngineeringToken","hubris:BallOfYels"],"acts_visited":["Exordium","TheCity","TheBeyond"],"potions_floor_usage":[16,21,21,31,33,33,37,40,46,48,50],"damage_taken":[{"damage":0,"enemies":"Jaw Worm","floor":1,"turns":1},{"damage":0,"enemies":"2 Louse","floor":2,"turns":1},{"damage":0,"enemies":"Cultist","floor":4,"turns":1},{"damage":1,"enemies":"Lagavulin","floor":6,"turns":7},{"damage":13,"enemies":"Exordium Wildlife","floor":7,"turns":5},{"damage":8,"enemies":"3 Louse","floor":10,"turns":4},{"damage":0,"enemies":"Blue Slaver","floor":12,"turns":3},{"damage":0,"enemies":"Large Slime","floor":14,"turns":4},{"damage":21,"enemies":"Hexaghost","floor":16,"turns":8},{"damage":0,"enemies":"Spheric Guardian","floor":18,"turns":3},{"damage":13,"enemies":"conspire:MimicChest","floor":19,"turns":5},{"damage":0,"enemies":"3 Byrds","floor":21,"turns":4},{"damage":7,"enemies":"Book of Stabbing","floor":23,"turns":5},{"damage":0,"enemies":"Snake Plant","floor":25,"turns":3},{"damage":4,"enemies":"Shelled Parasite and Fungi","floor":27,"turns":3},{"damage":18,"enemies":"Slavers","floor":28,"turns":4},{"damage":12,"enemies":"Book of Stabbing","floor":30,"turns":5},{"damage":15,"enemies":"Chosen and Byrds","floor":31,"turns":5},{"damage":10,"enemies":"conspire:MysteriousRune","floor":33,"turns":9},{"damage":14,"enemies":"Orb Walker","floor":35,"turns":3},{"damage":20,"enemies":"3 Shapes","floor":36,"turns":5},{"damage":6,"enemies":"Jaw Worm Horde","floor":37,"turns":3},{"damage":31,"enemies":"3 Darklings","floor":38,"turns":4},{"damage":12,"enemies":"Spire Growth","floor":39,"turns":5},{"damage":61,"enemies":"Nemesis","floor":40,"turns":7},{"damage":18,"enemies":"Giant Head","floor":44,"turns":5},{"damage":4,"enemies":"Reptomancer","floor":46,"turns":2},{"damage":11,"enemies":"Transient","floor":48,"turns":5},{"damage":38,"enemies":"Awakened One","floor":50,"turns":8}],"seed_played":"4384891356690711572","potions_obtained":[{"floor":4,"key":"CultistPotion"},{"floor":10,"key":"BlessingOfTheForge"},{"floor":12,"key":"theDuelist:FusionPotion"},{"floor":14,"key":"theDuelist:SolderPotionB"},{"floor":16,"key":"theDuelist:SealedPack"},{"floor":19,"key":"SneckoOil"},{"floor":23,"key":"theDuelist:StunPotion"},{"floor":27,"key":"theDuelist:VampireVial"},{"floor":30,"key":"AttackPotion"},{"floor":31,"key":"theDuelist:FireBottle"},{"floor":39,"key":"theDuelist:ExtraOrbsBottle"},{"floor":44,"key":"Fire Potion"},{"floor":46,"key":"theDuelist:FusionPotion"},{"floor":48,"key":"Energy Potion"}],"is_trial":false,"path_per_floor":["M","M","?","M","?","E","M","R","T","M","?","M","?","M","R","B",null,"M","?","?","M","$","E","R","M","T","M","E","R","E","M","R","B",null,"M","M","M","M","M","E","NS","R","T","E","T","E","R","M","R","B",null],"character_chosen":"THE_DUELIST","items_purchased":["theDuelist:DuelistPrismaticShard","War Paint"],"campfire_rested":3,"item_purchase_floors":[22,22],"current_hp_per_floor":[80,80,93,93,93,92,79,79,79,71,59,59,59,59,59,38,93,93,80,71,71,71,64,64,64,64,60,42,69,57,42,69,59,93,79,59,53,22,10,55,55,93,93,93,93,93,93,93,93,93],"gold":501,"neow_bonus":"THREE_ENEMY_KILL","is_daily":false,"chose_seed":false,"campfire_upgraded":5,"win_rate":0.0,"timestamp":1610943187,"path_taken":["M","M","?","M","?","E","M","R","T","?","?","M","?","M","R","BOSS","M","?","?","M","$","E","R","M","T","M","E","R","E","M","R","BOSS","M","?","M","?","M","E","NS","R","T","E","?","E","R","M","R","BOSS"],"items_purchased_type":["Relic","Relic"],"build_version":"2020-12-22","purchased_purges":1,"victory":true,"max_hp_per_floor":[80,80,93,93,93,93,93,93,93,93,93,93,93,93,93,93,93,93,93,93,93,93,93,93,93,93,93,93,93,93,93,93,93,93,93,93,93,93,93,93,93,93,93,93,93,93,93,93,93,93],"card_choices":[{"not_picked":["theDuelist:AlienTelepath","theDuelist:WhiteMagicalHat","theDuelist:SpiritHarp","theDuelist:InvitationDarkSleep"],"picked":"theDuelist:PowerKaishin","floor":1},{"not_picked":["theDuelist:InjectionFairy","theDuelist:DarkMagician","theDuelist:ExodiaLL","theDuelist:FlyingSaucer"],"picked":"theDuelist:MindAir","floor":2},{"not_picked":["theDuelist:ExodiaNecross","theDuelist:ExodiaRA"],"picked":"theDuelist:SangaEarth","floor":4},{"not_picked":["theDuelist:DarklordSuperbia","theDuelist:DarkMirrorForce","theDuelist:LabyrinthWall","theDuelist:Hinotama","theDuelist:RainbowBridge"],"picked":"SKIP","floor":6},{"not_picked":["theDuelist:ExodiaNecross","theDuelist:InfernoFireBlast"],"picked":"theDuelist:RainbowMagician","floor":7},{"not_picked":["theDuelist:SangaThunder","theDuelist:DarkMagician","theDuelist:AncientElf","theDuelist:WonderWand"],"picked":"theDuelist:DarkMagicianGirl","floor":10},{"not_picked":["theDuelist:BlizzardWarrior","theDuelist:LordD","theDuelist:ThousandEyesIdol","theDuelist:BadReaction"],"picked":"theDuelist:GeminiElf","floor":12},{"not_picked":["theDuelist:ClearKuriboh","theDuelist:Mudora","theDuelist:BlueBloodedOni","theDuelist:PurplePainOni","theDuelist:ImperialOrder"],"picked":"SKIP","floor":14},{"not_picked":["theDuelist:ExodiaNecross","theDuelist:ExodiaHead","theDuelist:SwordsBurning","theDuelist:GateGuardian"],"picked":"theDuelist:RainbowDarkDragon","floor":16},{"not_picked":["theDuelist:GuardianAngel","theDuelist:CharcoalInpachi+1","theDuelist:GeminiElf","theDuelist:MindAir+1"],"picked":"theDuelist:TimeWizard","floor":18},{"not_picked":["theDuelist:MonsterOrbCard","theDuelist:FireOrbCard","theDuelist:SmokeOrbCard","theDuelist:WaterOrbCard"],"picked":"theDuelist:WhiteOrbCard","floor":19},{"not_picked":["theDuelist:MagicalStone+1","theDuelist:OneForOne+1","theDuelist:SphereKuriboh","theDuelist:DestructPotion+1"],"picked":"theDuelist:SilentDoom+1","floor":21},{"not_picked":["theDuelist:DarkMagician","theDuelist:OnslaughtFireKings+1","theDuelist:Mudballman","theDuelist:GenexAllyBirdman","theDuelist:JadeKnight+1"],"picked":"SKIP","floor":23},{"not_picked":["theDuelist:BattleguardKing","theDuelist:Fissure","theDuelist:WormWarlord","theDuelist:FuryFire","theDuelist:GilfordLegend+1"],"picked":"SKIP","floor":25},{"not_picked":["theDuelist:GemArmadillo","theDuelist:GemElephant","theDuelist:LabyrinthWall","theDuelist:MagicHoleGolem","theDuelist:RainbowKuriboh+1"],"picked":"SKIP","floor":27},{"not_picked":["theDuelist:BlastJuggler","theDuelist:FrontlineObserver","theDuelist:LordD","theDuelist:CircleFireKings"],"picked":"theDuelist:WhiteMagicalHat","floor":28},{"not_picked":["theDuelist:BattleguardKing","theDuelist:BigEye","theDuelist:Kuribohrn","theDuelist:FutureFusion+1","theDuelist:RainbowKuriboh"],"picked":"SKIP","floor":30},{"not_picked":["theDuelist:AncientGearFist","theDuelist:LimiterRemoval","theDuelist:AncientGearExplosive+1","theDuelist:PotDuality","theDuelist:GravityBlaster"],"picked":"SKIP","floor":31},{"not_picked":["theDuelist:IceQueen","theDuelist:GateGuardian+1","theDuelist:SteamTrainKing","theDuelist:SwordsConcealing"],"picked":"theDuelist:SwordsBurning","floor":33},{"not_picked":["theDuelist:NeoMagic+1","theDuelist:GeminiElf","theDuelist:Illusionist+1","theDuelist:Mudballman"],"picked":"theDuelist:PowerKaishin+1","floor":35},{"not_picked":["theDuelist:RainbowMagician","theDuelist:Blockman","theDuelist:GiantSoldierSteel+1","theDuelist:MudGolem","theDuelist:RainbowDarkDragon"],"picked":"SKIP","floor":36},{"not_picked":["theDuelist:NeoMagic+1","theDuelist:MysticalElf+1","theDuelist:InjectionFairy+1","theDuelist:AncientElf+1"],"picked":"theDuelist:PowerKaishin","floor":37},{"not_picked":["theDuelist:GilfordLegend+1","theDuelist:StrayLambs","theDuelist:Blockman","theDuelist:Mathematician+1"],"picked":"theDuelist:Raigeki+1","floor":38},{"not_picked":["theDuelist:EvilswarmHeliotrope+1","theDuelist:WormBarses+1","theDuelist:FeatherPho+1","theDuelist:GraniteLoyalist"],"picked":"theDuelist:DianKeto","floor":39},{"not_picked":["theDuelist:SangaThunder","theDuelist:MysticalElf+1","theDuelist:GeminiElf+1","theDuelist:BlueDragonSummoner+1","theDuelist:MagicalBlast+1"],"picked":"SKIP","floor":40},{"not_picked":["theDuelist:DarkMagician+1","theDuelist:CallAtlanteans+1","theDuelist:Illusionist+1","theDuelist:OnslaughtFireKings"],"picked":"theDuelist:Yami+1","floor":44},{"not_picked":["theDuelist:Wildfire","theDuelist:InfernoFireBlast","theDuelist:CircleFireKings+1","theDuelist:SwordsRevealing+1"],"picked":"theDuelist:GrandSpellbookTower","floor":46},{"not_picked":["theDuelist:NeoMagic","theDuelist:InjectionFairy+1","theDuelist:ExodiaLA","theDuelist:SangaEarth"],"picked":"theDuelist:ApprenticeIllusionMagician","floor":48}],"player_experience":138760,"relics_obtained":[{"floor":6,"key":"hubris:OldNail"},{"floor":9,"key":"hubris:64BitClover"},{"floor":19,"key":"hubris:SlimyHat"},{"floor":23,"key":"Red Skull"},{"floor":25,"key":"Boot"},{"floor":26,"key":"Bag of Marbles"},{"floor":28,"key":"Anchor"},{"floor":30,"key":"hubris:TenFootPole"},{"floor":38,"key":"Regal Pillow"},{"floor":40,"key":"Happy Flower"},{"floor":43,"key":"aspiration:HatOfInfinitePower"},{"floor":44,"key":"Bag of Preparation"},{"floor":45,"key":"theDuelist:EngineeringToken"},{"floor":46,"key":"hubris:BallOfYels"}],"event_choices":[{"power_reward":4,"total_magic_score":23,"gold_gain":0,"duelist":true,"damage_taken":0,"relics_obtained":[],"points":14,"max_hp_gain":13,"max_hp_loss":0,"spent_points":{"magic":0,"greed":0,"war":0,"power":4,"hunger":4},"event_name":"Nameless Tomb","hunger_reward":4,"floor":3,"gold_loss":0,"cards_obtained":["theDuelist:Nameless:Power:ForbiddenLance"]},{"power_reward":4,"total_magic_score":23,"gold_gain":0,"duelist":true,"damage_taken":0,"relics_obtained":[],"points":14,"max_hp_gain":13,"max_hp_loss":0,"spent_points":{"magic":0,"greed":0,"war":0,"power":4,"hunger":4},"event_name":"Nameless Tomb","hunger_reward":4,"floor":3,"gold_loss":0,"cards_obtained":["theDuelist:Nameless:Power:ForbiddenLance"]},{"damage_healed":0,"gold_gain":0,"cards_transformed":["theDuelist:CastleWalls"],"player_choice":"Transformed","damage_taken":0,"max_hp_gain":0,"max_hp_loss":0,"event_name":"Transmorgrifier","floor":5,"gold_loss":0,"cards_obtained":["theDuelist:BlueDragonSummoner"]},{"damage_healed":0,"gold_gain":0,"player_choice":"Success","damage_taken":12,"relics_obtained":["Letter Opener"],"max_hp_gain":0,"max_hp_loss":0,"event_name":"Scrap Ooze","floor":11,"gold_loss":0},{"damage_healed":0,"gold_gain":75,"player_choice":"Touch","damage_taken":9,"max_hp_gain":0,"max_hp_loss":0,"event_name":"FaceTrader","floor":20,"gold_loss":0}],"is_beta":false,"boss_relics":[{"not_picked":["aspiration:RunicSpoon","aspiration:PoetsPen_weak"],"picked":"Runic Dome"},{"not_picked":["Runic Pyramid","theDuelist:HauntedRelic"],"picked":"aspiration:RitualDagger"}],"items_purged_floors":[22],"is_endless":false,"potions_floor_spawned":[4,10,12,14,16,19,23,27,30,31,39,44,46,48],"ascension_level":2}}