{"host":"9kesdg97wkrx2bva","time":1610957183,"event":{"mods":["AchievementEnabler","BaseMod","Colored Map","GifTheSpireLib","Infinite Spire","Minty Spire (QoL Compilation)","Replay The Spire","StSLib"],"gold_per_floor":[114,39,52,127,127,127,160,160,207,207,241,241,262,275,275,275,275],"floor_reached":16,"language":"ENG","playtime":379,"items_purged":["Strike_B"],"score":246,"play_id":"e9560cf7-25ab-4470-89cd-b88f1f9898af","local_time":"20210118020623","is_ascension_mode":true,"campfire_choices":[{"data":"Zap","floor":6,"key":"SMITH"},{"data":"Dualcast","floor":8,"key":"SMITH"},{"data":"Ball Lightning","floor":12,"key":"SMITH"},{"data":"Strike_B","floor":15,"key":"PURGE"}],"circlet_count":0,"master_deck":["AscendersBane","Strike_B","Strike_B","Defend_B","Defend_B","Defend_B","Defend_B","Zap+1","Dualcast+1","Ball Lightning+1","ReplayTheSpireMod:Calculation Training+1","Reboot","Skim","Conserve Battery","Panic Button"],"relics":["Cracked Core","NeowsBlessing","Pondfish Scales","Centennial Puzzle","Golden Idol","Shuriken"],"acts_visited":["Exordium"],"potions_floor_usage":[16,16],"damage_taken":[{"damage":0,"enemies":"Jaw Worm","floor":1,"turns":1},{"damage":0,"enemies":"2 Louse","floor":3,"turns":1},{"damage":0,"enemies":"Gremlin Nob","floor":7,"turns":1},{"damage":20,"enemies":"3 Sentries","floor":11,"turns":6},{"damage":3,"enemies":"Small Slimes","floor":13,"turns":2},{"damage":0,"enemies":"Looter","floor":14,"turns":2},{"damage":56,"enemies":"Fading Forest","floor":16,"turns":9}],"seed_played":"1876773411731264961","potions_obtained":[{"floor":11,"key":"Milkshake"},{"floor":14,"key":"Explosive Potion"}],"is_trial":false,"path_per_floor":["M","$","M","?","?","R","E","R","T","?","E","R","M","M","R_BF","B"],"character_chosen":"DEFECT","items_purchased":[],"campfire_rested":0,"item_purchase_floors":[],"current_hp_per_floor":[64,64,64,53,53,53,53,53,53,53,33,33,30,30,30,0,0],"gold":275,"neow_bonus":"THREE_ENEMY_KILL","is_daily":false,"chose_seed":false,"campfire_upgraded":3,"win_rate":0.0,"timestamp":1610957183,"path_taken":["M","$","M","?","?","R","E","R","T","?","E","R","M","M","R_BF","BOSS"],"items_purchased_type":[],"build_version":"2020-12-22","purchased_purges":1,"victory":false,"max_hp_per_floor":[71,71,71,71,71,71,71,71,71,64,64,64,64,64,64,64,64],"card_choices":[{"not_picked":["Turbo","Cold Snap"],"picked":"Ball Lightning","floor":1},{"not_picked":["Redo","Recycle"],"picked":"Defragment","floor":3},{"not_picked":["Conserve Battery","Tempest"],"picked":"Reboot","floor":7},{"not_picked":["Hologram","Glacier"],"picked":"Skim","floor":11},{"not_picked":["Turbo","Barrage"],"picked":"Conserve Battery","floor":13},{"not_picked":["ReplaySolidLightProjector","Stack"],"picked":"Panic Button","floor":14}],"player_experience":941134,"relics_obtained":[{"floor":7,"key":"Pondfish Scales"},{"floor":9,"key":"Centennial Puzzle"},{"floor":11,"key":"Shuriken"}],"event_choices":[{"damage_healed":0,"gold_gain":75,"player_choice":"Gather Gold","damage_taken":11,"max_hp_gain":0,"max_hp_loss":0,"event_name":"World of Goop","floor":4,"gold_loss":0},{"damage_healed":0,"gold_gain":0,"player_choice":"Lose Max HP","damage_taken":0,"relics_obtained":["Golden Idol"],"max_hp_gain":0,"max_hp_loss":7,"event_name":"Golden Idol","floor":10,"gold_loss":0}],"is_beta":false,"boss_relics":[],"items_purged_floors":[2],"is_endless":false,"potions_floor_spawned":[11,14],"killed_by":"Fading Forest","ascension_level":17}}