{"host":"r2kogfp0vqm1y5g3","time":1610971848,"event":{"mods":["AchievementEnabler","BaseMod","Downfall","Marisa????????","Minty Spire (QoL Compilation)","Quick Restart","StSLib","The Animator","The Cursed"],"gold_per_floor":[109,128,128,128,128,128,53,53,53,72,72,92,133,133,133,253,253,267,349,349,364,17,17,35,35,89,89,89,107,107,130,130,255,255,274,274,65,65,90,90,90],"floor_reached":40,"language":"ENG","playtime":11729,"items_purged":["animator:Strike","animator:Defend","Decay"],"score":401,"play_id":"a27b6bfe-e19a-47fb-a0e2-2ecade6f7698","local_time":"20210118131048","is_ascension_mode":true,"campfire_choices":[{"floor":6.0,"key":"RECALL"},{"floor":8.0,"key":"REST"},{"data":"animator:Lancer","floor":11.0,"key":"SMITH"},{"floor":15.0,"key":"REST"},{"data":"animator:Tyuule","floor":23.0,"key":"SMITH"},{"data":"animator:Defend_NoGameNoLife","floor":25.0,"key":"SMITH"},{"floor":30.0,"key":"REST"},{"data":"animator:Emonzaemon","floor":32.0,"key":"SMITH"}],"circlet_count":0,"master_deck":["animator:Defend_NoGameNoLife+1","animator:DolaSchwi","animator:DolaCouronne","animator:Tyuule+1","animator:Lancer+1","animator:LeleiLaLalena","animator:Arpeggio+1","animator:Biyorigo","animator:Rider+1","animator:LeleiLaLalena+1","animator:Archer","animator:Emonzaemon+1","animator:Elesis","animator:Alexander","animator:Lancer","animator:Berserker+1","animator:Konayuki+1","animator:Kuroyukihime","animator:Konayuki"],"relics":["animator:LivingPicture","animator:TheMissingPiece","NeowsBlessing","Golden Idol","Anchor","White Beast Statue","Lantern","Astrolabe","Ornamental Fan","animator:Hoodie","Red Skull","animator:RacePiece"],"acts_visited":["Exordium","TheCity","TheBeyond"],"potions_floor_usage":[35,40,40,40,40,40,40],"damage_taken":[{"damage":0.0,"enemies":"Jaw Worm","floor":1.0,"turns":1.0},{"damage":0.0,"enemies":"Small Slimes","floor":2.0,"turns":1.0},{"damage":0.0,"enemies":"2 Louse","floor":10.0,"turns":1.0},{"damage":4.0,"enemies":"Red Slaver","floor":12.0,"turns":5.0},{"damage":7.0,"enemies":"Lagavulin","floor":13.0,"turns":9.0},{"damage":31.0,"enemies":"Slime Boss","floor":16.0,"turns":9.0},{"damage":4.0,"enemies":"Spheric Guardian","floor":18.0,"turns":3.0},{"damage":0.0,"enemies":"Shell Parasite","floor":21.0,"turns":7.0},{"damage":10.0,"enemies":"Sentry and Sphere","floor":24.0,"turns":7.0},{"damage":15.0,"enemies":"Cultist and Chosen","floor":29.0,"turns":9.0},{"damage":0.0,"enemies":"Centurion and Healer","floor":31.0,"turns":9.0},{"damage":10.0,"enemies":"Champ","floor":33.0,"turns":15.0},{"damage":45,"enemies":"Orb Walker","floor":35,"turns":6},{"damage":9,"enemies":"3 Shapes","floor":39,"turns":4},{"damage":24,"enemies":"Giant Head","floor":40,"turns":7}],"seed_played":"-3227044873000761628","potions_obtained":[{"floor":2.0,"key":"ColorlessPotion"},{"floor":10.0,"key":"ColorlessPotion"},{"floor":12.0,"key":"DuplicationPotion"},{"floor":13.0,"key":"animator:FalseLifePotion"},{"floor":16.0,"key":"Energy Potion"},{"floor":18.0,"key":"Guardian:BlockOnCardUsePotion"},{"floor":24.0,"key":"Fire Potion"},{"floor":29.0,"key":"animator:FalseLifePotion"},{"floor":33.0,"key":"EssenceOfSteel"},{"floor":35,"key":"FearPotion"},{"floor":39,"key":"EntropicBrew"}],"is_trial":false,"path_per_floor":["M","M","?","?","T","R","$","R","T","M","R","M","E","?","R","B",null,"M","T","?","M","$","R","M","R","T","?","?","M","R","M","R","B",null,"M","?","$","$","M","E"],"character_chosen":"THE_ANIMATOR","items_purchased":["animator:Hoodie","animator:Kuroyukihime"],"campfire_rested":3,"item_purchase_floors":[22,37],"current_hp_per_floor":[66,66,50,38,38,38,38,57,57,57,57,53,46,46,65,34,66,62,62,62,62,62,62,52,52,52,52,52,37,56,59,59,49,69,24,24,24,24,15,0,0],"gold":90,"neow_bonus":"THREE_ENEMY_KILL","is_daily":false,"chose_seed":false,"campfire_upgraded":4,"win_rate":0.0,"timestamp":1610971848,"path_taken":["M","M","?","?","?","R","$","R","T","?","R","M","E","?","R","BOSS","M","?","?","M","$","R","M","R","T","?","?","M","R","M","R","BOSS","M","?","?","$","?","E"],"items_purchased_type":["Relic","Card"],"build_version":"2020-12-22","purchased_purges":3,"victory":false,"max_hp_per_floor":[66,66,66,66,66,66,66,66,66,66,66,66,66,66,66,66,66,66,66,66,66,66,66,66,66,66,66,66,66,66,69,69,69,69,69,69,69,69,69,69,69],"card_choices":[{"not_picked":["animator:UneriGinkaku","animator:MumenRider"],"picked":"animator:Tyuule","floor":1.0},{"not_picked":["animator:Nanami","animator:Elsword"],"picked":"animator:Lancer","floor":2.0},{"not_picked":["animator:Caster","animator:Ciel"],"picked":"animator:LeleiLaLalena","floor":10.0},{"not_picked":["animator:LeleiLaLalena","animator:Bozes"],"picked":"animator:Arpeggio","floor":12.0},{"not_picked":["animator:SilverFang","animator:Tatsumaki","animator:Mitsurugi"],"picked":"SKIP","floor":13.0},{"not_picked":["animator:Eris","animator:PinaCoLada"],"picked":"animator:Biyorigo","floor":16.0},{"not_picked":["animator:Illya","animator:Kazuma","animator:Mitsurugi"],"picked":"SKIP","floor":18.0},{"not_picked":["animator:Mitsurugi+1","animator:ShinjiMatou","animator:Nanami"],"picked":"SKIP","floor":21.0},{"not_picked":["animator:Caster","animator:Assassin"],"picked":"animator:Archer","floor":24.0},{"not_picked":["animator:Tatsumaki","animator:Ara"],"picked":"animator:Ciel+1","floor":29.0},{"not_picked":["animator:Togame","animator:ChlammyZell"],"picked":"animator:Emonzaemon","floor":31.0},{"not_picked":["animator:Eris","animator:Eve"],"picked":"animator:Elesis","floor":33.0},{"not_picked":["animator:Arpeggio+1","animator:Geryuganshoop+1"],"picked":"animator:Konayuki+1","floor":35},{"not_picked":["animator:Togame","animator:Nanami"],"picked":"animator:Konayuki","floor":39}],"player_experience":59307,"relics_obtained":[{"floor":9.0,"key":"White Beast Statue"},{"floor":13.0,"key":"Lantern"},{"floor":19.0,"key":"Ornamental Fan"},{"floor":26.0,"key":"Red Skull"}],"event_choices":[{"damage_healed":0.0,"max_hp_gain":0.0,"max_hp_loss":0.0,"gold_gain":0.0,"event_name":"Golden Idol","player_choice":"Take Damage","floor":3.0,"gold_loss":0.0,"damage_taken":16.0,"relics_obtained":["Golden Idol"]},{"damage_healed":0.0,"max_hp_gain":0.0,"max_hp_loss":0.0,"gold_gain":0.0,"event_name":"Scrap Ooze","player_choice":"Success","floor":4.0,"gold_loss":0.0,"damage_taken":12.0,"relics_obtained":["Anchor"]},{"damage_healed":0.0,"max_hp_gain":0.0,"max_hp_loss":0.0,"gold_gain":0.0,"event_name":"Upgrade Shrine","player_choice":"Upgraded","floor":14.0,"gold_loss":0.0,"damage_taken":0.0,"cards_upgraded":["animator:Arpeggio"]},{"damage_healed":0.0,"max_hp_gain":0.0,"max_hp_loss":0.0,"gold_gain":0.0,"event_name":"Vampires","player_choice":"Ignored","floor":20.0,"gold_loss":0.0,"damage_taken":0.0},{"cards_removed":["animator:Togame"],"damage_healed":0.0,"max_hp_gain":0.0,"max_hp_loss":0.0,"gold_gain":0.0,"event_name":"Back to Basics","player_choice":"Elegance","floor":27.0,"gold_loss":0.0,"damage_taken":0.0},{"damage_healed":0,"gold_gain":0,"player_choice":"Cursed","damage_taken":0,"max_hp_gain":0,"max_hp_loss":0,"event_name":"Wheel of Change","floor":36,"gold_loss":0,"cards_obtained":["Decay"]}],"is_beta":false,"boss_relics":[{"not_picked":["animator:VividPicture","Philosopher\u0027s Stone"],"picked":"Astrolabe"},{"not_picked":["Tiny House","Fusion Hammer"],"picked":"animator:RacePiece"}],"items_purged_floors":[7,22,37],"is_endless":false,"potions_floor_spawned":[2,10,12,13,16,18,21,24,29,31,33,35,39],"killed_by":"Giant Head","ascension_level":1}}