{"host":"y7sd46uq4xlni546","time":1610997177,"event":{"mods":["AchievementEnabler","BaseMod","Colored Map","Colored Powertips","Curses Come First","Filter the Spire","Minty Spire (QoL Compilation)","Quick Restart","Random Character Button","Rare Cards Sparkle","StSLib"],"gold_per_floor":[117,292,309,95,111,146,146,158,158,192,192,215,246,259,259,358,358,369,369,369,383,393,426,426,455,455,455,455,467,467,467,467],"floor_reached":31,"language":"ENG","playtime":1702,"items_purged":["Doubt"],"score":360,"play_id":"983c15b4-1e49-4fca-8eed-8debca091f42","local_time":"20210118201257","is_ascension_mode":true,"campfire_choices":[{"data":"Devotion","floor":7.0,"key":"SMITH"},{"floor":11.0,"key":"REST"},{"data":"WaveOfTheHand","floor":15.0,"key":"SMITH"},{"floor":24.0,"key":"REST"},{"floor":27.0,"key":"REST"}],"circlet_count":0,"master_deck":["Strike_P","Defend_P","Defend_P","Defend_P","Eruption","Vigilance","Nirvana+1","WindmillStrike+1","JustLucky+1","ThirdEye","Prostrate","Devotion+1","Ragnarok","CrushJoints","Wallop","WaveOfTheHand+1","FlurryOfBlows","WheelKick","Establishment","Wireheading","Impatience","ForeignInfluence","DeusExMachina","EmptyFist","CutThroughFate","Alpha","SandsOfTime+1","InnerPeace","BattleHymn"],"relics":["Astrolabe","Sundial","Bottled Lightning","Bottled Flame","Odd Mushroom","Yang","Black Star","Prayer Wheel","StoneCalendar","Ginger","Pen Nib","Girya"],"acts_visited":["Exordium","TheCity"],"potions_floor_usage":[],"damage_taken":[{"damage":0.0,"enemies":"Cultist","floor":1.0,"turns":4.0},{"damage":0.0,"enemies":"Small Slimes","floor":3.0,"turns":2.0},{"damage":0.0,"enemies":"Jaw Worm","floor":5.0,"turns":3.0},{"damage":10.0,"enemies":"Lagavulin","floor":6.0,"turns":6.0},{"damage":0.0,"enemies":"Looter","floor":8.0,"turns":3.0},{"damage":24.0,"enemies":"3 Sentries","floor":10.0,"turns":9.0},{"damage":2.0,"enemies":"The Mushroom Lair","floor":12.0,"turns":4.0},{"damage":0.0,"enemies":"Lagavulin","floor":13.0,"turns":4.0},{"damage":2.0,"enemies":"Red Slaver","floor":14.0,"turns":3.0},{"damage":25.0,"enemies":"Hexaghost","floor":16.0,"turns":7.0},{"damage":5.0,"enemies":"Shell Parasite","floor":18.0,"turns":6.0},{"damage":12.0,"enemies":"2 Thieves","floor":21.0,"turns":3.0},{"damage":33.0,"enemies":"Cultist and Chosen","floor":22.0,"turns":8.0},{"damage":25.0,"enemies":"Book of Stabbing","floor":23.0,"turns":4.0},{"damage":33.0,"enemies":"Slavers","floor":25.0,"turns":5.0},{"damage":15,"enemies":"Shelled Parasite and Fungi","floor":29,"turns":5},{"damage":23,"enemies":"Gremlin Leader","floor":31,"turns":2}],"seed_played":"6175932285925334318","potions_obtained":[{"floor":1.0,"key":"SpeedPotion"},{"floor":10.0,"key":"BlessingOfTheForge"},{"floor":12.0,"key":"Ambrosia"},{"floor":13.0,"key":"Strength Potion"},{"floor":22.0,"key":"FairyPotion"},{"floor":23.0,"key":"Swift Potion"}],"is_trial":false,"path_per_floor":["M","?","M","$","M","E","R","M","T","E","R","?","E","M","R","B",null,"M","?","?","M","M","E","R","E","T","R","?","M","?","E"],"character_chosen":"WATCHER","items_purchased":["Devotion"],"campfire_rested":3,"item_purchase_floors":[4],"current_hp_per_floor":[72,72,72,72,72,62,62,62,62,38,59,57,57,55,55,30,72,67,67,67,55,22,21,42,9,9,30,30,15,15,0,0],"gold":467,"neow_bonus":"BOSS_RELIC","is_daily":false,"chose_seed":false,"campfire_upgraded":2,"win_rate":0.0,"timestamp":1610997177,"path_taken":["M","?","M","$","M","E","R","M","T","E","R","?","E","M","R","BOSS","M","?","?","?","M","E","R","E","T","R","?","?","?","E"],"items_purchased_type":["Card"],"build_version":"2020-12-22","purchased_purges":1,"victory":false,"max_hp_per_floor":[72,72,72,72,72,72,72,72,72,72,72,72,72,72,72,72,72,72,72,72,72,72,72,72,72,72,72,72,72,72,72,72],"card_choices":[{"not_picked":["SignatureMove","JustLucky"],"picked":"ThirdEye","floor":1.0},{"not_picked":["Fasting2","FollowUp"],"picked":"Prostrate","floor":3.0},{"not_picked":["PathToVictory","Protect","JustLucky"],"picked":"SKIP","floor":5.0},{"not_picked":["EmptyMind","JustLucky"],"picked":"Ragnarok","floor":6.0},{"not_picked":["SashWhip","SignatureMove"],"picked":"CrushJoints","floor":8.0},{"not_picked":["Prostrate","FlyingSleeves"],"picked":"Wallop","floor":10.0},{"not_picked":["Consecrate","Crescendo"],"picked":"WaveOfTheHand","floor":12.0},{"not_picked":["SignatureMove","Evaluate"],"picked":"FlurryOfBlows","floor":13.0},{"not_picked":["Prostrate","FlyingSleeves"],"picked":"WheelKick","floor":14.0},{"not_picked":["DeusExMachina","Ragnarok"],"picked":"Establishment","floor":16.0},{"not_picked":["SashWhip","ClearTheMind"],"picked":"Wireheading","floor":18.0},{"not_picked":["JustLucky","SashWhip"],"picked":"EmptyFist","floor":21.0},{"not_picked":["ThirdEye+1","WheelKick+1"],"picked":"CutThroughFate","floor":22.0},{"not_picked":["FollowUp","ThirdEye"],"picked":"Alpha","floor":23.0},{"not_picked":["Halt","JustLucky"],"picked":"SandsOfTime+1","floor":25.0},{"not_picked":["Sanctity","Meditate"],"picked":"InnerPeace","floor":29},{"not_picked":["Collect","JustLucky"],"picked":"BattleHymn","floor":29}],"player_experience":665041,"relics_obtained":[{"floor":6.0,"key":"Sundial"},{"floor":9.0,"key":"Bottled Lightning"},{"floor":10.0,"key":"Bottled Flame"},{"floor":12.0,"key":"Odd Mushroom"},{"floor":13.0,"key":"Yang"},{"floor":23.0,"key":"Prayer Wheel"},{"floor":23.0,"key":"StoneCalendar"},{"floor":25.0,"key":"Ginger"},{"floor":25.0,"key":"Pen Nib"},{"floor":26.0,"key":"Girya"}],"event_choices":[{"damage_healed":0.0,"max_hp_gain":0.0,"max_hp_loss":0.0,"gold_gain":175.0,"event_name":"Liars Game","player_choice":"AGREE","floor":2.0,"gold_loss":0.0,"damage_taken":0.0,"cards_obtained":["Doubt"]},{"damage_healed":0.0,"max_hp_gain":0.0,"max_hp_loss":0.0,"gold_gain":0.0,"event_name":"Mushrooms","player_choice":"Fought Mushrooms","floor":12.0,"gold_loss":0.0,"damage_taken":0.0},{"damage_healed":0.0,"max_hp_gain":0.0,"max_hp_loss":0.0,"gold_gain":0.0,"event_name":"Cursed Tome","player_choice":"Ignored","floor":19.0,"gold_loss":0.0,"damage_taken":0.0},{"damage_healed":0.0,"max_hp_gain":0.0,"max_hp_loss":0.0,"gold_gain":0.0,"event_name":"Match and Keep!","player_choice":"3 cards matched","floor":20.0,"gold_loss":0.0,"damage_taken":0.0,"cards_obtained":["Impatience","ForeignInfluence","DeusExMachina"]},{"cards_removed":["Strike_P"],"damage_healed":0.0,"max_hp_gain":0.0,"max_hp_loss":0.0,"gold_gain":0.0,"event_name":"Purifier","player_choice":"Purged","floor":28.0,"gold_loss":0.0,"damage_taken":0.0},{"damage_healed":0,"gold_gain":0,"player_choice":"Ignored","damage_taken":0,"max_hp_gain":0,"max_hp_loss":0,"event_name":"Vampires","floor":30,"gold_loss":0}],"is_beta":false,"boss_relics":[{"not_picked":["Cursed Key","Runic Pyramid"],"picked":"Black Star"}],"items_purged_floors":[4],"is_endless":false,"potions_floor_spawned":[1,10,12,13,14,18,22,23],"killed_by":"Gremlin Leader","ascension_level":1}}