{"host":"amu9ywnm0ttsp1dk","time":1610978119,"event":{"mods":["Act Like it!","Arknights The Spire","BaseMod","ChefMod","Chen","Downfall","Gensokyo","Marisa£®ÏF”Í°°ƒß¿Ì…≥£©","Minty Spire (QoL Compilation)","Rare Cards Sparkle","Reimu£®≤©¿ˆ¡È√Œ£©","Robot Space Explorer","StSLib","The Edgeheg","The Marked","Yakumo Yukari mod","Youmu£®ªÍ∆«—˝√Œ£©"],"gold_per_floor":[99,99,99,99,99,99,99,134,134,144,3,23,23,41,51,149,149,149,160,171,181,181,181,181,181,193,193,206,206,0,19,37,137,137,37,57,71,89,106,118,192,194,205,205,205,105,120,153,53,53,53,53,53],"floor_reached":52,"language":"ZHS","playtime":4109,"items_purged":["bronze:Defend","bronze:Strike"],"score":736,"play_id":"b5f8191f-eeb8-4cf3-97eb-a07061590acf","local_time":"20210118215519","is_ascension_mode":false,"campfire_choices":[{"data":"bronze:Goto","floor":1.0,"key":"SMITH"},{"data":"bronze:BitShift","floor":13.0,"key":"SMITH"},{"data":"bronze:SpaghettiCode","floor":18.0,"key":"SMITH"},{"data":"bronze:Overload","floor":23.0,"key":"SMITH"},{"data":"bronze:GetLatest","floor":25.0,"key":"SMITH"},{"floor":27.0,"key":"RECALL"},{"data":"expansioncontent:DashGenerateEvil","floor":35.0,"key":"SMITH"},{"data":"bronze:Return","floor":46,"key":"SMITH"},{"data":"bronze:Virus","floor":49,"key":"SMITH"}],"circlet_count":0,"master_deck":["bronze:Strike","bronze:Strike","bronze:Defend+1","bronze:Defend","bronze:Defend+1","bronze:Replicate","bronze:Goto+1","bronze:NullPointer","bronze:Overload+1","bronze:DelayedSlice","bronze:Branch","bronze:BitShift+1","bronze:ChosenStrike","bronze:GetLatest+1","bronze:WhirlingStrike","bronze:SpaghettiCode+1","bronze:BronzeOrb","expansioncontent:DashGenerateEvil+1","bronze:ChildClass+1","bronze:CleanCode","bronze:Virus+1","bronze:BronzeOrb","bronze:FindAndReplace+1","bronze:Return+1","Parasite","bronze:Boost+1","bronze:MaxOutput+1"],"relics":["bronze:BronzeCore","PureWhite:ReiMu","Anchor","Gambling Chip","Ancient Tea Set","Sozu","Nloth\u0027s Gift","Busted Crown","downfall:HeartBlessingRed","Pantograph","War Paint","bronze:BottledCode","downfall:HeartBlessingBlue","Bronze Scales","downfall:HeartBlessingGreen"],"acts_visited":["Exordium","TheCity","TheBeyond","TheEnding"],"potions_floor_usage":[],"damage_taken":[{"damage":0.0,"enemies":"Jaw Worm","floor":2.0,"turns":1.0},{"damage":0.0,"enemies":"2 Louse","floor":4.0,"turns":1.0},{"damage":0.0,"enemies":"Gremlin Nob","floor":8.0,"turns":1.0},{"damage":0.0,"enemies":"Cultist","floor":9.0,"turns":1.0},{"damage":15.0,"enemies":"Gremlin Gang","floor":10.0,"turns":5.0},{"damage":0.0,"enemies":"downfall:FleeingMerchant","floor":11.0,"turns":4.0},{"damage":0.0,"enemies":"Large Slime","floor":12.0,"turns":4.0},{"damage":0.0,"enemies":"Blue Slaver","floor":14.0,"turns":1.0},{"damage":0.0,"enemies":"Exordium Wildlife","floor":15.0,"turns":2.0},{"damage":0.0,"enemies":"WA_ARCHETYPE_RETAIN","floor":16.0,"turns":4.0},{"damage":0.0,"enemies":"3 Byrds","floor":19.0,"turns":2.0},{"damage":0.0,"enemies":"Centurion and Healer","floor":20.0,"turns":4.0},{"damage":16.0,"enemies":"Snake Plant","floor":21.0,"turns":5.0},{"damage":1.0,"enemies":"Chosen and Byrds","floor":26.0,"turns":3.0},{"damage":0.0,"enemies":"Centurion and Healer","floor":28.0,"turns":3.0},{"damage":3.0,"enemies":"downfall:FleeingMerchant","floor":30.0,"turns":4.0},{"damage":2.0,"enemies":"Sentry and Sphere","floor":31.0,"turns":3.0},{"damage":5.0,"enemies":"Snake Plant","floor":32.0,"turns":2.0},{"damage":34.0,"enemies":"SI_MIRROR_ARCHETYPE","floor":33.0,"turns":8.0},{"damage":0.0,"enemies":"3 Shapes","floor":36.0,"turns":1.0},{"damage":0.0,"enemies":"Orb Walker","floor":37.0,"turns":2.0},{"damage":11.0,"enemies":"4 Shapes","floor":38.0,"turns":5.0},{"damage":0.0,"enemies":"3 Darklings","floor":39.0,"turns":2.0},{"damage":0.0,"enemies":"Spire Growth","floor":40.0,"turns":3.0},{"damage":0.0,"enemies":"downfall:FleeingMerchant","floor":42.0,"turns":4.0},{"damage":8,"enemies":"Writhing Mass","floor":43,"turns":4},{"damage":11,"enemies":"Transient","floor":47,"turns":5},{"damage":0,"enemies":"Nemesis","floor":48,"turns":3},{"damage":4,"enemies":"DF_ARCHETYPE_ORBS","floor":50,"turns":5},{"damage":87,"enemies":"downfall:CharBossMerchant","floor":52,"turns":6}],"seed_played":"5090747607339169938","potions_obtained":[{"floor":10.0,"key":"SmokeBomb"},{"floor":12.0,"key":"GamblersBrew"},{"floor":14.0,"key":"Explosive Potion"},{"floor":16.0,"key":"bronze:FreeFunctionsPotion"}],"is_trial":false,"path_per_floor":["R","M","?","M","?","?","T","E","M","M","$","M","R","M","M","B",null,"R","M","M","M","?","R","T","R","M","R","M","?","$","M","M","B",null,"R","M","M","M","M","M","T","$","M","?","?","R","M","E","R","B",null,"E"],"character_chosen":"THE_AUTOMATON","items_purchased":["BlessingOfTheForge","expansioncontent:DashGenerateEvil","bronze:Return","War Paint"],"campfire_rested":0,"item_purchase_floors":[11,30,42,42],"current_hp_per_floor":[70,70,70,70,69,69,69,69,69,54,54,54,54,54,54,54,70,70,70,70,54,54,54,54,54,53,53,53,45,42,40,35,1,70,70,70,70,59,59,59,59,59,51,51,51,61,50,50,50,66,70,0,0],"gold":53,"neow_bonus":"THREE_ENEMY_KILL","is_daily":false,"chose_seed":false,"campfire_upgraded":8,"win_rate":0.0,"timestamp":1610978119,"path_taken":["R","M","?","M","?","?","T","E","M","M","$","M","R","M","M","BOSS","R","M","M","M","?","R","T","R","?","R","M","?","$","?","M","BOSS","R","M","M","M","M","M","T","$","M","?","?","R","M","E","R","BOSS","E"],"items_purchased_type":["Potion","Card","Card","Relic"],"build_version":"2020-12-22","purchased_purges":2,"victory":false,"max_hp_per_floor":[70,70,70,70,70,70,70,70,70,70,70,70,70,70,70,70,70,70,70,70,70,70,70,70,70,70,70,70,70,70,70,70,70,70,70,70,70,70,70,70,70,70,70,60,60,70,70,70,70,70,70,68,68],"card_choices":[{"not_picked":["bronze:OilSpill","bronze:Branch"],"picked":"bronze:NullPointer","floor":2.0},{"not_picked":["bronze:ForceShield","bronze:DelayedSlice"],"picked":"bronze:Overload","floor":4.0},{"not_picked":["bronze:BronzeArmor","bronze:ThunderWave"],"picked":"bronze:DelayedSlice","floor":8.0},{"not_picked":["bronze:Turbo","bronze:Iterate","bronze:Overheat"],"picked":"SKIP","floor":9.0},{"not_picked":["bronze:Optimize","bronze:Overload"],"picked":"bronze:Branch","floor":10.0},{"not_picked":["bronze:ShipIt","bronze:Philosophize"],"picked":"bronze:BitShift","floor":11.0},{"not_picked":["bronze:WildBeam","bronze:WhirlingStrike"],"picked":"bronze:ChosenStrike","floor":12.0},{"not_picked":["bronze:ChosenStrike","bronze:Fortify"],"picked":"bronze:GetLatest","floor":14.0},{"not_picked":["bronze:Fortify","bronze:DarkDash"],"picked":"bronze:WhirlingStrike","floor":15.0},{"not_picked":["bronze:HyperBeam","bronze:ShipIt"],"picked":"bronze:SpaghettiCode","floor":16.0},{"not_picked":["bronze:OilSpill+1","bronze:DarkDash+1","bronze:DelayedSlice"],"picked":"SKIP","floor":19.0},{"not_picked":["bronze:Shield+1","bronze:CutThrough","bronze:Overheat"],"picked":"SKIP","floor":20.0},{"not_picked":["bronze:Backtrace+1","bronze:ChosenStrike","bronze:WildBeam"],"picked":"SKIP","floor":21.0},{"not_picked":["bronze:BitShift","bronze:Format"],"picked":"bronze:BronzeOrb","floor":26.0},{"not_picked":["bronze:CutThrough","bronze:DelayedSlice","bronze:Shield"],"picked":"SKIP","floor":28.0},{"not_picked":["bronze:ChosenStrike","bronze:Invalidate","bronze:CutThrough"],"picked":"SKIP","floor":30.0},{"not_picked":["bronze:Format","bronze:FineTuning"],"picked":"bronze:ChildClass+1","floor":31.0},{"not_picked":["bronze:Invalidate","bronze:ForceShield+1"],"picked":"bronze:CleanCode","floor":32.0},{"not_picked":["bronze:HyperBeam","bronze:SpaghettiCode"],"picked":"bronze:Virus","floor":33.0},{"not_picked":["bronze:WildBeam"],"picked":"SKIP","floor":36.0},{"not_picked":["bronze:DelayedGuard"],"picked":"SKIP","floor":37.0},{"not_picked":[],"picked":"bronze:BronzeOrb","floor":38.0},{"not_picked":["bronze:Overheat"],"picked":"SKIP","floor":39.0},{"not_picked":["bronze:Frontload"],"picked":"SKIP","floor":40.0},{"not_picked":[],"picked":"bronze:FindAndReplace","floor":42.0},{"not_picked":[],"picked":"bronze:Boost+1","floor":43},{"not_picked":[],"picked":"bronze:MaxOutput+1","floor":47},{"not_picked":["bronze:WhirlingStrike"],"picked":"SKIP","floor":48}],"player_experience":1598696,"relics_obtained":[{"floor":7.0,"key":"Gambling Chip"},{"floor":8.0,"key":"Ancient Tea Set"},{"floor":41.0,"key":"Pantograph"},{"floor":48,"key":"Bronze Scales"}],"event_choices":[],"is_beta":false,"boss_relics":[{"not_picked":["Coffee Dripper","Pandora\u0027s Box"],"picked":"Sozu"},{"not_picked":["Philosopher\u0027s Stone","Cursed Key"],"picked":"Busted Crown"}],"items_purged_floors":[11,42],"is_endless":false,"potions_floor_spawned":[10,12,14,15,16,19,28,31,39,40,47,48],"killed_by":"downfall:CharBossMerchant","ascension_level":0}}