{"host":"vyjryxuuuxkt43k4","time":1610943339,"event":{"mods":["AchievementEnabler","BaseMod","Colored Map","DeckTracker","Keyboard Shortcuts","Minty Spire (QoL Compilation)","Permanent Neow","Quick Restart","StSLib","SuperFastMode","everything is the same but u backflip on backflip"],"gold_per_floor":[115,40,50,50,97,97,122,134,134,144,171,221,232,92,92,196,196,207,21,31,42,62,62,89,89,89,164,184,194,211,231,231,231,231],"floor_reached":33,"language":"KOR","playtime":3766,"items_purged":["Strike_R","Strike_R"],"score":474,"play_id":"c6b2a8f9-989a-4136-b001-0878276beaec","local_time":"20210118131539","is_ascension_mode":true,"campfire_choices":[{"data":"Bash","floor":6.0,"key":"SMITH"},{"data":"True Grit","floor":15.0,"key":"SMITH"},{"floor":23.0,"key":"REST"},{"floor":25.0,"key":"REST"},{"data":"Fiend Fire","floor":32.0,"key":"SMITH"}],"circlet_count":0,"master_deck":["AscendersBane","Strike_R","Strike_R","Strike_R","Defend_R","Defend_R","Defend_R","Defend_R","Bash+1","Anger","Shrug It Off","True Grit+1","Shockwave","Fiend Fire+1","Dual Wield","Battle Trance","Evolve+1","Demon Form+1","Cleave+1","Fire Breathing+1","Feel No Pain+1","Reckless Charge+1","Headbutt+1","Feed"],"relics":["Burning Blood","NeowsBlessing","Akabeko","Dream Catcher","Frozen Egg 2","TungstenRod","SacredBark","Happy Flower","Orichalcum"],"acts_visited":["Exordium","TheCity"],"potions_floor_usage":[33],"damage_taken":[{"damage":0.0,"enemies":"Small Slimes","floor":1.0,"turns":1.0},{"damage":0.0,"enemies":"Jaw Worm","floor":3.0,"turns":1.0},{"damage":0.0,"enemies":"3 Sentries","floor":7.0,"turns":2.0},{"damage":0.0,"enemies":"2 Louse","floor":8.0,"turns":2.0},{"damage":0.0,"enemies":"Exordium Thugs","floor":10.0,"turns":4.0},{"damage":23.0,"enemies":"Lagavulin","floor":11.0,"turns":5.0},{"damage":5.0,"enemies":"Red Slaver","floor":13.0,"turns":3.0},{"damage":13.0,"enemies":"Slime Boss","floor":16.0,"turns":6.0},{"damage":44.0,"enemies":"Spheric Guardian","floor":18.0,"turns":7.0},{"damage":15.0,"enemies":"3 Byrds","floor":20.0,"turns":6.0},{"damage":63.0,"enemies":"Sentry and Sphere","floor":21.0,"turns":8.0},{"damage":15.0,"enemies":"Snecko","floor":22.0,"turns":6.0},{"damage":16.0,"enemies":"Slavers","floor":24.0,"turns":5.0},{"damage":25.0,"enemies":"Centurion and Healer","floor":28.0,"turns":7.0},{"damage":11.0,"enemies":"3 Cultists","floor":29.0,"turns":5.0},{"damage":12.0,"enemies":"Cultist and Chosen","floor":30.0,"turns":4.0},{"damage":1.0,"enemies":"Snake Plant","floor":31.0,"turns":2.0},{"damage":60,"enemies":"Collector","floor":33,"turns":7}],"seed_played":"-804935657864867687","potions_obtained":[{"floor":1.0,"key":"Explosive Potion"},{"floor":11.0,"key":"FairyPotion"},{"floor":13.0,"key":"DuplicationPotion"},{"floor":21.0,"key":"HeartOfIron"},{"floor":24.0,"key":"BloodPotion"},{"floor":28.0,"key":"DistilledChaos"},{"floor":31.0,"key":"SkillPotion"}],"is_trial":false,"path_per_floor":["M","$","M","?","T","R","E","M","T","M","E","?","M","$","R","B",null,"M","$","M","M","M","R","E","R","T","?","M","M","M","M","R","B"],"character_chosen":"IRONCLAD","items_purchased":["Evolve+1","Fire Breathing+1","Happy Flower"],"campfire_rested":2,"item_purchase_floors":[14,19,19],"current_hp_per_floor":[78,78,80,85,85,85,85,85,85,85,68,68,69,69,69,62,79,41,41,32,29,20,45,69,85,85,78,59,54,48,53,53,0,0],"gold":231,"neow_bonus":"THREE_ENEMY_KILL","is_daily":false,"chose_seed":false,"campfire_upgraded":3,"win_rate":0.0,"timestamp":1610943339,"path_taken":["M","$","M","?","?","R","E","M","T","M","E","?","M","$","R","BOSS","M","$","M","M","M","R","E","R","T","?","M","M","?","M","R","BOSS"],"items_purchased_type":["Card","Card","Relic"],"build_version":"2020-12-22","purchased_purges":2,"victory":false,"max_hp_per_floor":[80,80,80,85,85,85,85,85,85,85,85,85,85,85,85,85,85,85,85,85,85,85,85,85,85,85,85,85,85,85,85,85,85,85],"card_choices":[{"not_picked":["Armaments","Thunderclap"],"picked":"Anger","floor":1.0},{"not_picked":["Headbutt","Heavy Blade"],"picked":"Shrug It Off","floor":3.0},{"not_picked":["Sword Boomerang","Thunderclap"],"picked":"True Grit","floor":7.0},{"not_picked":["Perfected Strike","Flex"],"picked":"Shockwave","floor":8.0},{"not_picked":["Pummel","True Grit"],"picked":"Fiend Fire","floor":10.0},{"not_picked":["Uppercut","Headbutt"],"picked":"Dual Wield","floor":11.0},{"not_picked":["Warcry","Heavy Blade"],"picked":"Battle Trance","floor":13.0},{"not_picked":["Impervious","Brutality+1"],"picked":"Demon Form+1","floor":16.0},{"not_picked":["Sword Boomerang","Intimidate"],"picked":"Cleave+1","floor":18.0},{"not_picked":["Hemokinesis","Headbutt","Warcry"],"picked":"SKIP","floor":20.0},{"not_picked":["Clothesline","Sword Boomerang"],"picked":"Feel No Pain+1","floor":21.0},{"not_picked":["Evolve+1","Wild Strike","Armaments"],"picked":"SKIP","floor":22.0},{"not_picked":["Wild Strike","Twin Strike"],"picked":"Reckless Charge+1","floor":23.0},{"not_picked":["Flex","Warcry","Twin Strike"],"picked":"SKIP","floor":24.0},{"not_picked":["Intimidate","Dual Wield+1"],"picked":"Headbutt+1","floor":28.0},{"not_picked":["Warcry","Havoc","Pummel"],"picked":"SKIP","floor":29.0},{"not_picked":["Cleave","Anger"],"picked":"Feed","floor":30.0},{"not_picked":["Dropkick","Pommel Strike","Sword Boomerang"],"picked":"SKIP","floor":31.0}],"player_experience":436324,"relics_obtained":[{"floor":5.0,"key":"Akabeko"},{"floor":7.0,"key":"Dream Catcher"},{"floor":9.0,"key":"Frozen Egg 2"},{"floor":11.0,"key":"TungstenRod"},{"floor":24.0,"key":"Orichalcum"}],"event_choices":[{"damage_healed":0.0,"max_hp_gain":5.0,"max_hp_loss":0.0,"gold_gain":0.0,"event_name":"Big Fish","player_choice":"Donut","floor":4.0,"gold_loss":0.0,"damage_taken":0.0},{"damage_healed":0.0,"max_hp_gain":0.0,"max_hp_loss":0.0,"gold_gain":50.0,"event_name":"Golden Wing","player_choice":"Gained Gold","floor":12.0,"gold_loss":0.0,"damage_taken":0.0},{"damage_healed":0.0,"max_hp_gain":0.0,"max_hp_loss":0.0,"gold_gain":75.0,"event_name":"FaceTrader","player_choice":"Touch","floor":27.0,"gold_loss":0.0,"damage_taken":8.0}],"is_beta":false,"boss_relics":[{"not_picked":["SlaversCollar","Runic Cube"],"picked":"SacredBark"}],"items_purged_floors":[2,14],"is_endless":false,"potions_floor_spawned":[1,11,13,16,21,24,28,31],"killed_by":"Collector","ascension_level":11}}