{"host":"wwo1kwxjf4eyz37q","time":1610970112,"event":{"mods":["AchievementEnabler","BaseMod","Colored Map","Minty Spire (QoL Compilation)","Quick Restart","SuperFastMode"],"gold_per_floor":[117,117,117,137,201,201,251,268,293,293,313,313,340,28,28,101,101,112,189,239,289,306,306,320,320,320,335,368,386,401,1,1,77,77,94,157,177,117,67,95,156,190,215,229,229,246,296,315,315,315,315,315,315,16,42,42],"floor_reached":57,"language":"KOR","playtime":3350,"items_purged":["Strike_R","Strike_R","Strike_R"],"score":2922,"play_id":"8451fa43-1da8-4523-8816-25c7ddf0e361","local_time":"20210118204152","is_ascension_mode":true,"campfire_choices":[{"data":"Bash","floor":6.0,"key":"SMITH"},{"data":"Twin Strike","floor":10.0,"key":"SMITH"},{"data":"Pommel Strike","floor":12.0,"key":"SMITH"},{"data":"Entrench","floor":15.0,"key":"SMITH"},{"data":"Body Slam","floor":23.0,"key":"SMITH"},{"data":"Barricade","floor":25.0,"key":"SMITH"},{"data":"Entrench","floor":32.0,"key":"SMITH"},{"floor":45.0,"key":"RECALL"},{"data":"Exhume","floor":49.0,"key":"SMITH"},{"data":"Secret Technique","floor":53.0,"key":"SMITH"}],"circlet_count":0,"master_deck":["AscendersBane","Defend_R","Defend_R","Defend_R","Defend_R","Bash+1","Twin Strike+1","Disarm","Pommel Strike+1","Reaper","Shockwave","Perfected Strike+1","Body Slam+1","Entrench+1","Barricade+1","Impervious+1","True Grit+1","Fiend Fire","Flame Barrier","Entrench+1","Secret Technique+1","Exhume+1","Battle Trance+1","Ghostly Armor+1","Master of Strategy"],"relics":["Burning Blood","Gambling Chip","SsserpentHead","Ancient Tea Set","Oddly Smooth Stone","Velvet Choker","Red Mask","Smiling Mask","Pen Nib","SlaversCollar","Centennial Puzzle","Bag of Marbles"],"acts_visited":["Exordium","TheCity","TheBeyond","TheEnding"],"potions_floor_usage":[56,56],"damage_taken":[{"damage":4.0,"enemies":"2 Louse","floor":1.0,"turns":3.0},{"damage":6.0,"enemies":"Small Slimes","floor":4.0,"turns":3.0},{"damage":1.0,"enemies":"Cultist","floor":5.0,"turns":3.0},{"damage":14.0,"enemies":"3 Louse","floor":8.0,"turns":3.0},{"damage":5.0,"enemies":"Looter","floor":11.0,"turns":3.0},{"damage":45.0,"enemies":"3 Sentries","floor":13.0,"turns":9.0},{"damage":0.0,"enemies":"Slime Boss","floor":16.0,"turns":10.0},{"damage":0.0,"enemies":"3 Byrds","floor":18.0,"turns":8.0},{"damage":16.0,"enemies":"Masked Bandits","floor":19.0,"turns":7.0},{"damage":0.0,"enemies":"Spheric Guardian","floor":22.0,"turns":6.0},{"damage":0.0,"enemies":"Snecko","floor":24.0,"turns":3.0},{"damage":25.0,"enemies":"Cultist and Chosen","floor":27.0,"turns":7.0},{"damage":38.0,"enemies":"Gremlin Leader","floor":28.0,"turns":9.0},{"damage":0.0,"enemies":"3 Cultists","floor":29.0,"turns":6.0},{"damage":8.0,"enemies":"Snake Plant","floor":30.0,"turns":2.0},{"damage":0.0,"enemies":"Champ","floor":33.0,"turns":10.0},{"damage":15.0,"enemies":"Orb Walker","floor":35.0,"turns":7.0},{"damage":0.0,"enemies":"3 Darklings","floor":36.0,"turns":9.0},{"damage":9.0,"enemies":"4 Shapes","floor":37.0,"turns":9.0},{"damage":0.0,"enemies":"Giant Head","floor":40.0,"turns":9.0},{"damage":11.0,"enemies":"Sphere and 2 Shapes","floor":41.0,"turns":9.0},{"damage":9.0,"enemies":"Reptomancer","floor":42.0,"turns":7.0},{"damage":5.0,"enemies":"Writhing Mass","floor":44.0,"turns":8.0},{"damage":6.0,"enemies":"3 Darklings","floor":46.0,"turns":9.0},{"damage":30.0,"enemies":"4 Shapes","floor":48.0,"turns":6.0},{"damage":19.0,"enemies":"Time Eater","floor":50.0,"turns":8.0},{"damage":16.0,"enemies":"Donu and Deca","floor":51.0,"turns":9.0},{"damage":18,"enemies":"Shield and Spear","floor":55,"turns":13},{"damage":4,"enemies":"The Heart","floor":56,"turns":17}],"seed_played":"-54614118565743017","potions_obtained":[{"floor":5.0,"key":"Block Potion"},{"floor":8.0,"key":"Weak Potion"},{"floor":13.0,"key":"Explosive Potion"},{"floor":16.0,"key":"Ancient Potion"},{"floor":19.0,"key":"SpeedPotion"},{"floor":27.0,"key":"BlessingOfTheForge"},{"floor":37.0,"key":"Strength Potion"},{"floor":46.0,"key":"Block Potion"}],"is_trial":false,"path_per_floor":["M","?","?","M","M","R","?","M","T","R","M","R","E","$","R","B",null,"M","?","?","?","M","R","M","R","T","M","E","M","M","$","R","B",null,"M","M","M","?","$","E","M","E","T","M","R","M","?","M","R","B","B",null,"R","$","E","B",null],"character_chosen":"IRONCLAD","items_purchased":["Body Slam","Entrench","Barricade","Entrench","Secret Technique","Block Potion","Master of Strategy","Block Potion"],"campfire_rested":0,"item_purchase_floors":[14,14,14,31,31,31,54,54],"current_hp_per_floor":[52,52,52,52,57,57,57,49,49,49,50,50,23,23,23,29,64,70,60,60,60,66,66,72,72,72,53,35,41,39,39,39,45,68,59,75,72,72,72,75,70,67,67,68,68,75,75,51,51,38,28,63,63,63,51,53],"gold":42,"neow_bonus":"ONE_RARE_RELIC","is_daily":false,"chose_seed":false,"campfire_upgraded":9,"win_rate":0.0,"timestamp":1610970112,"path_taken":["M","?","?","M","?","R","?","M","T","R","M","R","E","$","R","BOSS","M","?","?","?","M","R","M","R","T","M","E","M","M","$","R","BOSS","M","?","M","?","$","E","?","E","T","M","R","M","?","M","R","BOSS","BOSS","R","$","E","BOSS"],"items_purchased_type":["Card","Card","Card","Card","Card","Potion","Card","Potion"],"build_version":"2020-12-22","purchased_purges":3,"victory":true,"max_hp_per_floor":[75,75,75,75,75,75,75,75,75,75,75,75,75,75,75,75,75,75,75,75,75,75,75,75,75,75,75,75,75,75,75,75,75,75,75,75,75,75,75,75,75,75,75,75,75,75,75,75,75,75,75,75,75,75,75,75],"card_choices":[{"not_picked":["Fire Breathing","Rampage"],"picked":"Twin Strike","floor":1.0},{"not_picked":["Fire Breathing","Havoc"],"picked":"Disarm","floor":4.0},{"not_picked":["Dark Embrace","Perfected Strike"],"picked":"Pommel Strike","floor":5.0},{"not_picked":["Burning Pact","Flex"],"picked":"Reaper","floor":8.0},{"not_picked":["True Grit","Body Slam"],"picked":"Shockwave","floor":11.0},{"not_picked":["Flex","Twin Strike"],"picked":"Perfected Strike","floor":13.0},{"not_picked":["Berserk","Exhume"],"picked":"Impervious","floor":16.0},{"not_picked":["Intimidate","Fire Breathing","Reckless Charge"],"picked":"SKIP","floor":18.0},{"not_picked":["Bloodletting","Body Slam"],"picked":"True Grit+1","floor":19.0},{"not_picked":["Wild Strike","Inflame","Cleave"],"picked":"SKIP","floor":22.0},{"not_picked":["True Grit","Combust","Clash"],"picked":"SKIP","floor":24.0},{"not_picked":["Armaments","Clothesline","Twin Strike"],"picked":"SKIP","floor":27.0},{"not_picked":["Disarm","Anger"],"picked":"Fiend Fire","floor":28.0},{"not_picked":["Flex","Reckless Charge","Wild Strike"],"picked":"SKIP","floor":29.0},{"not_picked":["Pommel Strike+1","Flex"],"picked":"Flame Barrier","floor":30.0},{"not_picked":["Demon Form","Corruption"],"picked":"Exhume","floor":33.0},{"not_picked":["Havoc","Cleave","Warcry"],"picked":"SKIP","floor":35.0},{"not_picked":["Ghostly Armor","Flex"],"picked":"Battle Trance+1","floor":36.0},{"not_picked":["Clash","Hemokinesis+1","Clothesline"],"picked":"SKIP","floor":37.0},{"not_picked":["Intimidate","Barricade","Flex+1"],"picked":"SKIP","floor":40.0},{"not_picked":["Headbutt+1","Twin Strike"],"picked":"Ghostly Armor+1","floor":41.0},{"not_picked":["Perfected Strike","Ghostly Armor","Thunderclap"],"picked":"SKIP","floor":42.0},{"not_picked":["Flex","Body Slam","Armaments"],"picked":"SKIP","floor":44.0},{"not_picked":["Shrug It Off","Disarm","Sword Boomerang"],"picked":"SKIP","floor":46.0},{"not_picked":["Wild Strike","Spot Weakness","True Grit"],"picked":"SKIP","floor":48.0},{"not_picked":["Rampage","Headbutt","Uppercut+1"],"picked":"SKIP","floor":55}],"player_experience":243547,"relics_obtained":[{"floor":9.0,"key":"Ancient Tea Set"},{"floor":13.0,"key":"Oddly Smooth Stone"},{"floor":19.0,"key":"Red Mask"},{"floor":26.0,"key":"Smiling Mask"},{"floor":28.0,"key":"Pen Nib"},{"floor":40.0,"key":"Centennial Puzzle"},{"floor":55,"key":"Bag of Marbles"}],"event_choices":[{"damage_healed":0.0,"max_hp_gain":0.0,"max_hp_loss":0.0,"gold_gain":0.0,"event_name":"Liars Game","player_choice":"Ignored","floor":2.0,"gold_loss":0.0,"damage_taken":0.0},{"damage_healed":0.0,"max_hp_gain":0.0,"max_hp_loss":0.0,"gold_gain":0.0,"event_name":"FaceTrader","player_choice":"Trade","floor":3.0,"gold_loss":0.0,"damage_taken":0.0,"relics_obtained":["SsserpentHead"]},{"cards_removed":["Strike_R"],"damage_healed":0.0,"max_hp_gain":0.0,"max_hp_loss":0.0,"gold_gain":0.0,"event_name":"Living Wall","player_choice":"Forget","floor":7.0,"gold_loss":0.0,"damage_taken":0.0},{"damage_healed":0.0,"max_hp_gain":0.0,"max_hp_loss":0.0,"gold_gain":0.0,"event_name":"Masked Bandits","player_choice":"Fought Bandits","floor":19.0,"gold_loss":0.0,"damage_taken":0.0},{"damage_healed":0.0,"max_hp_gain":0.0,"max_hp_loss":0.0,"gold_gain":0.0,"event_name":"Vampires","player_choice":"Ignored","floor":20.0,"gold_loss":0.0,"damage_taken":0.0},{"damage_healed":0.0,"max_hp_gain":0.0,"max_hp_loss":0.0,"gold_gain":0.0,"event_name":"N\u0027loth","player_choice":"Ignored","floor":21.0,"gold_loss":0.0,"damage_taken":0.0},{"cards_removed":["Strike_R"],"damage_healed":0.0,"max_hp_gain":0.0,"max_hp_loss":0.0,"gold_gain":0.0,"event_name":"Designer","player_choice":"Upgrade and Remove","floor":38.0,"gold_loss":110.0,"damage_taken":0.0,"cards_upgraded":["Perfected Strike"]},{"damage_healed":0.0,"max_hp_gain":0.0,"max_hp_loss":0.0,"gold_gain":0.0,"event_name":"Upgrade Shrine","player_choice":"Upgraded","floor":47.0,"gold_loss":0.0,"damage_taken":0.0,"cards_upgraded":["Impervious"]}],"is_beta":false,"boss_relics":[{"not_picked":["Snecko Eye","Calling Bell"],"picked":"Velvet Choker"},{"not_picked":["Astrolabe","SacredBark"],"picked":"SlaversCollar"}],"items_purged_floors":[31,39,54],"is_endless":false,"potions_floor_spawned":[5,8,13,16,19,27,28,33,37,40,41,46],"ascension_level":20}}