{"host":"9u9ci7gr6x9ja244","time":1610945630,"event":{"mods":["BaseMod","Downfall","Minty Spire (QoL Compilation)","StSLib"],"gold_per_floor":[99,109,124,124,124,136,136,149,149,166,191,91,103,13,24,124,124,124,143,156,174,186,220,220,320,335,335,349,449,449,468,486,585,585,585,599,612,663,663,563,563,563,573,588,606,616,419,444,456,456,456,456],"floor_reached":50,"language":"ZHS","playtime":2532,"items_purged":["Guardian:Strike_Guardian"],"score":554,"play_id":"4028d462-7c69-4adf-aeb8-2954b59ff653","local_time":"20210118125350","is_ascension_mode":false,"campfire_choices":[{"data":"Guardian:StasisStrike","floor":1,"key":"SMITH"},{"floor":12,"key":"REST"},{"data":"Guardian:StasisField","floor":18,"key":"SMITH"},{"floor":27,"key":"REST"},{"floor":35,"key":"RECALL"},{"data":"1","floor":40,"key":"LIFT"},{"data":"2","floor":42,"key":"LIFT"}],"circlet_count":0,"master_deck":["Guardian:CurlUp","Guardian:TwinSlam","Guardian:StasisStrike+1","Guardian:TemporalShield","Guardian:TimeCapacitor","Guardian:Planning","Guardian:ShieldCharger","Guardian:RollAttack","Guardian:BodySlam","Guardian:StasisField+1","Guardian:RevengeProtocol","Guardian:Orbwalk","Guardian:GemFire","Guardian:PiercingHide","Guardian:SentryBeam","Guardian:TemporalStrike","Guardian:SpikerProtocol","Guardian:DonusPower","Guardian:TimeCapacitor","Guardian:TimeBomb","Guardian:Orbwalk+1","Guardian:CrystalBeam","Guardian:TemporalShield+1","J.A.X.","Guardian:ArmoredProtocol+1","Guardian:Incinerate","Guardian:BodySlam+1","Guardian:PrismaticBarrier+1","Guardian:Gem_Purple","Guardian:SpikerProtocol+1","Guardian:DecasProtection","Guardian:Planning","Guardian:Gem_Yellow","Guardian:FierceBash","Guardian:PiercingHide+1"],"relics":["Guardian:ModeShifterPlus","Matryoshka","Toy Ornithopter","downfall:HeartBlessingGreen","Pandora\u0027s Box","FossilizedHelix","Bag of Marbles","Frozen Egg 2","White Beast Statue","Girya","downfall:HeartBlessingRed","Blue Candle","Oddly Smooth Stone","Bottled Lightning"],"acts_visited":["Exordium","TheCity","TheBeyond"],"potions_floor_usage":[11,20,31,33,37],"damage_taken":[{"damage":12,"enemies":"2 Louse","floor":2,"turns":3},{"damage":0,"enemies":"Cultist","floor":3,"turns":3},{"damage":7,"enemies":"Small Slimes","floor":6,"turns":3},{"damage":20,"enemies":"Gremlin Gang","floor":8,"turns":9},{"damage":7,"enemies":"3 Louse","floor":10,"turns":3},{"damage":16,"enemies":"Gremlin Nob","floor":11,"turns":5},{"damage":6,"enemies":"Exordium Thugs","floor":13,"turns":8},{"damage":0,"enemies":"downfall:FleeingMerchant","floor":14,"turns":4},{"damage":1,"enemies":"3 Louse","floor":15,"turns":3},{"damage":13,"enemies":"WA_ARCHETYPE_RETAIN","floor":16,"turns":9},{"damage":10,"enemies":"Shell Parasite","floor":19,"turns":4},{"damage":8,"enemies":"3 Cultists","floor":20,"turns":5},{"damage":0,"enemies":"Snake Plant","floor":21,"turns":4},{"damage":11,"enemies":"Snecko","floor":22,"turns":6},{"damage":18,"enemies":"Slavers","floor":23,"turns":6},{"damage":4,"enemies":"downfall:LadyInBlue","floor":25,"turns":7},{"damage":35,"enemies":"Cultist and Chosen","floor":26,"turns":8},{"damage":14,"enemies":"Sentry and Sphere","floor":28,"turns":5},{"damage":16,"enemies":"3 Cultists","floor":31,"turns":5},{"damage":0,"enemies":"Snake Plant","floor":32,"turns":1},{"damage":29,"enemies":"IC_MUSHROOM_ARCHETYPE","floor":33,"turns":7},{"damage":0,"enemies":"3 Shapes","floor":36,"turns":2},{"damage":0,"enemies":"Orb Walker","floor":37,"turns":3},{"damage":0,"enemies":"2 Orb Walkers","floor":38,"turns":4},{"damage":0,"enemies":"Sphere and 2 Shapes","floor":43,"turns":1},{"damage":0,"enemies":"Maw","floor":44,"turns":5},{"damage":0,"enemies":"Spire Growth","floor":45,"turns":4},{"damage":0,"enemies":"Jaw Worm Horde","floor":46,"turns":4},{"damage":0,"enemies":"downfall:FleeingMerchant","floor":47,"turns":4},{"damage":0,"enemies":"Giant Head","floor":48,"turns":7},{"damage":0,"enemies":"Transient","floor":49,"turns":5},{"damage":95,"enemies":"SI_POISON_ARCHETYPE","floor":50,"turns":7}],"seed_played":"6836842887665748179","potions_obtained":[{"floor":6,"key":"Fire Potion"},{"floor":11,"key":"LiquidMemories"},{"floor":16,"key":"Fire Potion"},{"floor":19,"key":"PowerPotion"},{"floor":20,"key":"EssenceOfSteel"},{"floor":25,"key":"Guardian:BlockOnCardUsePotion"},{"floor":25,"key":"FairyPotion"},{"floor":26,"key":"Energy Potion"},{"floor":31,"key":"Regen Potion"},{"floor":33,"key":"bronze:BurnAndBuffPotion"},{"floor":36,"key":"Fruit Juice"},{"floor":37,"key":"Fire Potion"},{"floor":39,"key":"Strength Potion"}],"is_trial":false,"path_per_floor":["R","M","M","?","?","M","T","M","?","M","E","R","M","$","M","B",null,"R","M","M","M","M","E","T","?","M","R","M","?","?","M","M","B",null,"R","M","M","?","?","R","T","R","M","M","M","M","$","E","M","B"],"character_chosen":"GUARDIAN","items_purchased":["Guardian:Gem_Yellow","Oddly Smooth Stone"],"campfire_rested":2,"item_purchase_floors":[47,47],"current_hp_per_floor":[80,68,68,73,65,58,58,38,38,31,15,40,34,34,33,20,85,85,75,72,72,61,43,43,39,4,29,15,15,15,4,4,29,85,85,85,90,90,90,90,90,90,90,90,90,90,90,90,90,0,0,0],"gold":456,"neow_bonus":"ONE_RANDOM_RARE_CARD","is_daily":false,"chose_seed":false,"campfire_upgraded":2,"win_rate":0.0,"timestamp":1610945630,"path_taken":["R","M","M","?","?","?","T","M","?","M","E","R","M","$","M","BOSS","R","M","?","M","M","E","T","?","M","R","?","?","?","M","M","BOSS","R","M","M","?","?","R","T","R","?","M","M","M","$","E","M","BOSS"],"items_purchased_type":["Card","Relic"],"build_version":"2020-12-22","purchased_purges":1,"victory":false,"max_hp_per_floor":[80,80,80,85,85,85,85,85,85,85,85,85,85,85,85,85,85,85,85,85,85,85,85,85,85,85,85,85,85,85,85,85,85,85,85,85,90,90,90,90,90,90,90,90,90,90,90,90,90,90,90,90],"card_choices":[{"not_picked":["Guardian:PrimingBeam","Guardian:BronzeArmor"],"picked":"Guardian:TemporalShield","floor":2},{"not_picked":["Guardian:Gem_Lightblue","Guardian:Reroute"],"picked":"Guardian:Gem_Red","floor":3},{"not_picked":["Guardian:PiercingHide","Guardian:PrimingBeam"],"picked":"Guardian:TimeCapacitor","floor":6},{"not_picked":["Guardian:TemporalStrike","Guardian:PrimingBeam"],"picked":"Guardian:Planning","floor":8},{"not_picked":["Guardian:Harden","Guardian:TemporalShield"],"picked":"Guardian:ShieldCharger","floor":10},{"not_picked":["Guardian:Recover","Guardian:PolyBeam"],"picked":"Guardian:Gem_Blue","floor":11},{"not_picked":["Guardian:Gem_Crimson","Guardian:TimeCapacitor"],"picked":"Guardian:RollAttack","floor":13},{"not_picked":["Guardian:Gem_Blue","Guardian:SpikerProtocol"],"picked":"Guardian:BodySlam","floor":14},{"not_picked":["Guardian:GuardianWhirl","Guardian:TimeBomb"],"picked":"Guardian:StasisField","floor":15},{"not_picked":["Guardian:Gem_Synthetic","Guardian:HyperBeam_Guardian"],"picked":"Guardian:RevengeProtocol","floor":16},{"not_picked":["Guardian:VentSteam","Guardian:PiercingHide","Guardian:Reroute"],"picked":"SKIP","floor":19},{"not_picked":["Guardian:Emergency","Guardian:Suspension"],"picked":"Guardian:DonusPower","floor":20},{"not_picked":["Guardian:Emergency","Guardian:WalkerClaw"],"picked":"Guardian:Gem_Cyan","floor":21},{"not_picked":["Guardian:DonusPower","Guardian:VentSteam"],"picked":"Guardian:TimeCapacitor","floor":22},{"not_picked":["Guardian:Suspension","Guardian:Reroute"],"picked":"Guardian:TimeBomb","floor":23},{"not_picked":["Guardian:Gem_Purple","Guardian:Gem_Cyan"],"picked":"Guardian:Orbwalk+1","floor":25},{"not_picked":["Guardian:Emergency","Guardian:TimeCapacitor+1"],"picked":"Guardian:CrystalBeam","floor":26},{"not_picked":["Guardian:ShieldCharger","Guardian:WalkerClaw+1"],"picked":"Guardian:TemporalShield+1","floor":28},{"not_picked":["Guardian:VentSteam","Guardian:Recover","Guardian:SentryBeam"],"picked":"SKIP","floor":31},{"not_picked":["Guardian:Gem_Lightblue","Guardian:WalkerClaw"],"picked":"Guardian:ArmoredProtocol+1","floor":32},{"not_picked":["Guardian:StasisStrike","Guardian:ExploitGems"],"picked":"Guardian:Gem_Orange","floor":33},{"not_picked":["Guardian:WalkerClaw+1","Guardian:Gem_Cyan"],"picked":"Guardian:Incinerate","floor":36},{"not_picked":["Guardian:FloatingOrbs+1","Guardian:WalkerClaw+1"],"picked":"Guardian:BodySlam+1","floor":37},{"not_picked":["Guardian:Gem_Lightblue","Guardian:Planning"],"picked":"Guardian:PrismaticBarrier+1","floor":38},{"not_picked":["Guardian:TemporalShield","Guardian:VentSteam"],"picked":"Guardian:Gem_Purple","floor":43},{"not_picked":["Guardian:TemporalShield+1","Guardian:RollAttack","Guardian:VentSteam+1"],"picked":"SKIP","floor":44},{"not_picked":["Guardian:TemporalStrike+1","Guardian:TemporalShield+1"],"picked":"Guardian:SpikerProtocol+1","floor":45},{"not_picked":["Guardian:Gem_Red","Guardian:Gem_Purple"],"picked":"Guardian:DecasProtection","floor":46},{"not_picked":["Guardian:Repulse+1","Guardian:Gem_Lightblue"],"picked":"Guardian:Planning","floor":47},{"not_picked":["Guardian:Gem_Crimson","Guardian:Incinerate"],"picked":"Guardian:FierceBash","floor":48},{"not_picked":["Guardian:ShieldCharger","Guardian:GuardianWhirl"],"picked":"Guardian:PiercingHide+1","floor":49}],"player_experience":282619,"relics_obtained":[{"floor":7,"key":"Matryoshka"},{"floor":11,"key":"Toy Ornithopter"},{"floor":23,"key":"FossilizedHelix"},{"floor":24,"key":"Bag of Marbles"},{"floor":24,"key":"Frozen Egg 2"},{"floor":25,"key":"White Beast Statue"},{"floor":38,"key":"Girya"},{"floor":41,"key":"Blue Candle"},{"floor":48,"key":"Bottled Lightning"}],"event_choices":[{"damage_healed":0,"gold_gain":0,"player_choice":"Donut","damage_taken":0,"max_hp_gain":5,"max_hp_loss":0,"event_name":"Big Fish","floor":4,"gold_loss":0},{"damage_healed":0,"gold_gain":0,"player_choice":"Damaged","damage_taken":8,"max_hp_gain":0,"max_hp_loss":0,"event_name":"Wheel of Change","floor":5,"gold_loss":0},{"damage_healed":0,"gold_gain":0,"player_choice":"Ignored","damage_taken":0,"max_hp_gain":0,"max_hp_loss":0,"event_name":"NoteForYourself","floor":9,"gold_loss":0},{"damage_healed":0,"gold_gain":0,"player_choice":"Obtain J.A.X.","damage_taken":0,"max_hp_gain":0,"max_hp_loss":0,"event_name":"Drug Dealer","floor":30,"gold_loss":0,"cards_obtained":["J.A.X."]},{"damage_healed":0,"gold_gain":0,"player_choice":"Fight","damage_taken":0,"max_hp_gain":0,"max_hp_loss":0,"event_name":"Mysterious Sphere","floor":38,"gold_loss":0},{"damage_healed":0,"gold_gain":0,"player_choice":"Got Potions","damage_taken":0,"max_hp_gain":0,"max_hp_loss":0,"event_name":"Lab","floor":39,"gold_loss":0}],"is_beta":false,"boss_relics":[{"not_picked":["bronze:MakeshiftBattery","Coffee Dripper"],"picked":"Pandora\u0027s Box"},{"not_picked":["Runic Pyramid","SacredBark"],"picked":"Guardian:ModeShifterPlus"}],"items_purged_floors":[14],"is_endless":false,"potions_floor_spawned":[6,11,16,19,20,26,28,31,32,33,36,37,38,43,44,45,46,47,48,49],"killed_by":"SI_POISON_ARCHETYPE","ascension_level":0}}