{"host":"3j2m8n0ywf988fwb","time":1610955164,"event":{"mods":["2.2 Compatiblity","AchievementEnabler","Aspiration","BaseMod","Bestiary","Better Altar","Better Match","Better Note","Better Sensory Stone","Better Skull","Better Third Choice","CCEM","Colored Map","Colored Powertips","Dark Map","Googly Eyes","Halation","HexUI Lib","Highlight Path","Hubris","Infinite Spire","Jedi Mod","Marked Mod","Mimic Mod","Minty Spire (QoL Compilation)","Random Character Button","Relic Stats","Replay The Spire","Shop Mod","StS++","StSLib","Unceasing Turn Reminder","everything is the same but u backflip on backflip"],"gold_per_floor":[118,129,129,140,151,178,178,178,178,190,247,262,262,262,262,263,263],"floor_reached":16,"language":"ENG","playtime":432,"items_purged":[],"score":122,"play_id":"01330d25-fdd9-4464-8bf0-ef35226c9856","local_time":"20210118013244","is_ascension_mode":true,"campfire_choices":[{"data":"Zap","floor":13,"key":"SMITH"},{"data":"Redo","floor":15,"key":"SMITH"}],"circlet_count":0,"master_deck":["Strike_B","Strike_B","Strike_B","Strike_B","Defend_B","Defend_B","Defend_B","Defend_B","Zap+1","Dualcast","Cold Snap","FTL","Electrodynamics","Delirium","White Noise","Redo+1","hubris:Ukulele"],"relics":["Cracked Core","aspiration:Nostalgia","Burning Blood","Boot","halation:IllGainedPizza","Ring of Hypnosis","ReplayTheSpireMod:Ring of Challenge","Snack Pack","hubris:BallOfYels"],"acts_visited":["Exordium"],"potions_floor_usage":[5],"damage_taken":[{"damage":6,"enemies":"Cultist","floor":1,"turns":3},{"damage":3,"enemies":"Small Slimes","floor":2,"turns":3},{"damage":0,"enemies":"2 Louse","floor":4,"turns":1},{"damage":14,"enemies":"Blue Slaver","floor":5,"turns":3},{"damage":24,"enemies":"Lagavulin","floor":6,"turns":8},{"damage":14,"enemies":"Looter","floor":10,"turns":3},{"damage":27,"enemies":"Gremlin Nob","floor":11,"turns":4},{"damage":0,"enemies":"3 Louse","floor":12,"turns":1},{"damage":34,"enemies":"The Guardian","floor":16,"turns":2}],"seed_played":"-7829546080915406582","potions_obtained":[{"floor":1,"key":"jedi:StrikingPotion"},{"floor":5,"key":"Strength Potion"},{"floor":6,"key":"SkillPotion"},{"floor":11,"key":"Elixir"}],"is_trial":false,"path_per_floor":["M","M","?","M","M","E","?","?","T","M","?","M","R","?","R","B"],"character_chosen":"DEFECT","items_purchased":[],"campfire_rested":0,"item_purchase_floors":[],"current_hp_per_floor":[75,75,63,69,61,43,43,43,43,35,18,24,24,24,24,0,0],"gold":263,"neow_bonus":"NOSTALGIA","is_daily":false,"chose_seed":false,"campfire_upgraded":2,"win_rate":0.0,"timestamp":1610955164,"path_taken":["M","M","?","M","M","E","?","?","T","M","?","?","R","?","R","BOSS"],"items_purchased_type":[],"build_version":"2020-12-22","purchased_purges":0,"victory":false,"max_hp_per_floor":[75,75,75,75,75,75,75,75,75,75,75,75,75,75,75,75,75],"relic_stats":{"counters":[9,28],"Boot":[6],"obtain_stats":[{"hubris:BallOfYels":11,"Ring of Hypnosis":7,"aspiration:Nostalgia":0,"halation:IllGainedPizza":6,"Snack Pack":9,"ReplayTheSpireMod:Ring of Challenge":7,"Cracked Core":0,"Boot":3,"Burning Blood":0},{"hubris:BallOfYels":6,"Ring of Hypnosis":5,"aspiration:Nostalgia":0,"halation:IllGainedPizza":5,"Snack Pack":5,"ReplayTheSpireMod:Ring of Challenge":5,"Cracked Core":0,"Boot":2,"Burning Blood":0},{"hubris:BallOfYels":21,"Ring of Hypnosis":18,"aspiration:Nostalgia":0,"halation:IllGainedPizza":18,"Snack Pack":18,"ReplayTheSpireMod:Ring of Challenge":18,"Cracked Core":0,"Boot":6,"Burning Blood":0}],"Burning Blood":45},"card_choices":[{"not_picked":["Streamline","Barrage"],"picked":"Cold Snap","floor":1},{"not_picked":["Coolheaded","Steam"],"picked":"FTL","floor":2},{"not_picked":["jedi:BurstFrost","Rebound","Undo"],"picked":"SKIP","floor":4},{"not_picked":["Chill","jedi:studyfrost","Aggregate"],"picked":"SKIP","floor":5},{"not_picked":["Leap","FIFO Queue"],"picked":"Electrodynamics","floor":6},{"not_picked":["Hello World","jedi:hex"],"picked":"White Noise","floor":10},{"not_picked":["Conserve Battery","Fusion"],"picked":"Redo","floor":11},{"not_picked":["Compile Driver","StSpp:Channeliser"],"picked":"hubris:Ukulele","floor":12}],"player_experience":755432,"relics_obtained":[{"floor":6,"key":"halation:IllGainedPizza"},{"floor":7,"key":"Ring of Hypnosis"},{"floor":7,"key":"ReplayTheSpireMod:Ring of Challenge"},{"floor":9,"key":"Snack Pack"}],"event_choices":[{"damage_healed":0,"gold_gain":0,"player_choice":"Relic ","damage_taken":12,"max_hp_gain":0,"max_hp_loss":0,"event_name":"betterThird:BetterScrap","floor":3,"gold_loss":0,"cards_obtained":["Reaper"]},{"damage_healed":0,"gold_gain":0,"player_choice":"Searched \u00272\u0027 times","damage_taken":0,"relics_obtained":["hubris:BallOfYels"],"max_hp_gain":0,"max_hp_loss":0,"event_name":"Dead Adventurer","floor":11,"gold_loss":0}],"is_beta":false,"boss_relics":[],"items_purged_floors":[],"is_endless":false,"potions_floor_spawned":[1,5,6,11],"killed_by":"The Guardian","ascension_level":4}}