{"host":"17xjy7b7ubl548g2","time":1610929073,"event":{"mods":["2.2 Compatiblity","Act Like it!","Aspiration","Astrologer","Bard","BaseMod","Bestiary","Challenge The Spire","ChefMod","Colored Map","Colored Powertips","Conspire","Elementarium","Energized Spire","Gensokyo","GifTheSpireLib","Halation","Hallownest","Hubris","Infinite Spire","Jedi Mod","Jorbs\u0027s Wanderer Trilogy","Marisa（霧雨　魔理沙）","Marked Mod","Menagerie","Minty Spire (QoL Compilation)","Pale of the Ancients","Permanent Neow","Puzzle Mod","Replay The Spire","Robot Space Explorer","Spicy Shops","StSLib","Stuff the Spire","The Blue Laboratory","The Bug Knight","The Construct","The Disciple","The Factory","The Hayseed","The Hierophant","The Marked","The Runesmith","The Sage","TheFirefly"],"gold_per_floor":[118,118,131,147,167,193,193,211,211,211,211,246,19,119,119,216,216,230,263,275,275,290,321,321,321,321,321,201,228,294,314,314,393,393,413,433,433,47,47,47,75,9,9,9,9,35,45,45,45,45,45,45,45,270,270],"floor_reached":56,"language":"ENG","playtime":5785,"items_purged":["Strike_MRS","Strike_MRS","jedi:unstablefumes","jedi:BattleThirst"],"score":2177,"play_id":"93b8af6c-c0b1-4c9a-8235-cae126171119","local_time":"20210117191753","is_ascension_mode":true,"campfire_choices":[{"data":"UpSweep","floor":7.0,"key":"SMITH"},{"data":"OneTimeOff","floor":10.0,"key":"SMITH"},{"data":"SprinkleStarSeal","floor":15.0,"key":"SMITH"},{"data":"MillisecondPulsars","floor":25.0,"key":"SMITH"},{"data":"infinitespire:Gouge","floor":27.0,"key":"SMITH"},{"floor":32.0,"key":"REST"},{"data":"FinalSpark","floor":40.0,"key":"SMITH"},{"data":"OortCloud","floor":44.0,"key":"SMITH"},{"floor":49.0,"key":"RECALL"},{"data":"CollectingQuirk","floor":52,"key":"SMITH"}],"circlet_count":0,"master_deck":["AscendersBane","Defend_MRS","Defend_MRS","Defend_MRS","MasterSpark+1","UpSweep+1","NonDirectionalLaser+1","AlicesGift+1","MachineGunSpark","OneTimeOff+1","RefractionSpark","AsteroidBelt","DoubleSpark+1","SprinkleStarSeal+1","AbeCurse","MilkyWay+1","UnstableBomb+1","DeepEcoloBomb","NonDirectionalLaser+1","infinitespire:Gouge+1","OortCloud+1","CollectingQuirk+1","AsteroidBelt+1","JA+1","6A","6A","ReplayTheSpireMod:From All Sides","Die Die Die","FinalSpark+1","AsteroidBelt","infinitespire:Collect"],"relics":["MiniHakkero","construct:RocketBooster","infinitespire:BottledMercury","StuffTheSpire:Barrel","Oddly Smooth Stone","Replay:Grab Bag","hubris:TerracottaHorce","Abe\u0027s Treasure","ExperimentalFamiliar","jedi:heavyjacket","jedi:HeartOfTheCards","Replay:Mystery Machine","ChewingGum","The Courier","Gensokyo:MaskOfHope","Regal Pillow","halation:AfternoonTea","construct:WeddingRing","Torii","Gensokyo:TheCrow","hubris:Metronome","Thread and Needle","StuffTheSpire:Nightcore","Mummified Hand","Bag of Marbles"],"acts_visited":["Exordium","Gensokyo:Gensokyo","Gensokyo:Gensokyoer","TheEnding"],"potions_floor_usage":[54,55,55],"damage_taken":[{"damage":7.0,"enemies":"Gensokyo:2_Kodama","floor":1.0,"turns":3.0},{"damage":0.0,"enemies":"Gensokyo:Python","floor":3.0,"turns":3.0},{"damage":3.0,"enemies":"Gensokyo:Gryphon","floor":4.0,"turns":3.0},{"damage":1.0,"enemies":"Gensokyo:2_Rabbits","floor":5.0,"turns":4.0},{"damage":0.0,"enemies":"Gensokyo:Mamizou","floor":6.0,"turns":6.0},{"damage":8.0,"enemies":"Gensokyo:3_Kodama","floor":8.0,"turns":4.0},{"damage":25.0,"enemies":"Gensokyo:Cirno","floor":12.0,"turns":6.0},{"damage":11.0,"enemies":"Gensokyo:Kokoro","floor":16.0,"turns":9.0},{"damage":7.0,"enemies":"Gensokyo:3_Dogs","floor":18.0,"turns":4.0},{"damage":0.0,"enemies":"conspire:MimicChest","floor":19.0,"turns":2.0},{"damage":0.0,"enemies":"Gensokyo:2_Gloops","floor":20.0,"turns":2.0},{"damage":5.0,"enemies":"Gensokyo:Wraith","floor":22.0,"turns":3.0},{"damage":0.0,"enemies":"Gensokyo:Koishi","floor":23.0,"turns":3.0},{"damage":7.0,"enemies":"Gensokyo:Tenshi","floor":29.0,"turns":4.0},{"damage":0.0,"enemies":"Gensokyo:Swordslinger","floor":31.0,"turns":2.0},{"damage":0.0,"enemies":"Gensokyo:Kaguya","floor":33.0,"turns":5.0},{"damage":0.0,"enemies":"Gensokyo:AncientGuardian","floor":35.0,"turns":3.0},{"damage":0.0,"enemies":"Gensokyo:3_Boulders","floor":36.0,"turns":4.0},{"damage":0.0,"enemies":"Gensokyo:Kasen","floor":41.0,"turns":4.0},{"damage":0.0,"enemies":"Gensokyo:Doremy","floor":46.0,"turns":4.0},{"damage":1.0,"enemies":"Gensokyo:4_Bats","floor":47.0,"turns":2.0},{"damage":7,"enemies":"Gensokyo:Yuyuko","floor":50,"turns":4},{"damage":0,"enemies":"Shield and Spear","floor":54,"turns":5},{"damage":69,"enemies":"The Heart","floor":55,"turns":4}],"seed_played":"-4621561375307378842","potions_obtained":[{"floor":1.0,"key":"SkillPotion"},{"floor":6.0,"key":"jedi:tentaclejuice"},{"floor":16.0,"key":"blueLaboratory:LouseDecoction"},{"floor":18.0,"key":"blueLaboratory:BottleOfRum"},{"floor":29.0,"key":"blueLaboratory:BottleOfRum"},{"floor":31.0,"key":"FearPotion"},{"floor":41.0,"key":"Energy Potion"},{"floor":54,"key":"BlessingOfTheForge"}],"is_trial":false,"path_per_floor":["M","?","M","M","M","E","R","M","T","R","?","E","$","?","R","B",null,"M","?","M","?","M","E","AVR","R","T","R","?","E","?","M","R","B",null,"M","M","?","$","?","R","E","COS","T","R","?","E","M","AVR","R","B",null,"R","$","E","B",null],"character_chosen":"MARISA","items_purchased":["Oddly Smooth Stone","Torii","FinalSpark"],"campfire_rested":1,"item_purchase_floors":[13,38,38],"current_hp_per_floor":[61,61,61,58,57,57,57,49,49,49,49,24,24,24,24,13,60,53,53,53,53,48,48,48,48,48,48,48,45,21,25,62,75,75,75,75,75,75,75,75,75,75,75,75,75,75,75,75,75,75,75,75,75,75,6],"gold":270,"neow_bonus":"UPGRADE_CARD","is_daily":false,"chose_seed":false,"campfire_upgraded":8,"win_rate":0.0,"timestamp":1610929073,"path_taken":["M","?","M","M","M","E","R","?","T","R","?","E","$","?","R","BOSS","M","?","M","?","?","E","AVR","R","T","R","?","E","?","?","R","BOSS","M","M","?","$","?","R","E","COS","T","R","?","E","M","AVR","R","BOSS","R","$","E","BOSS"],"items_purchased_type":["Relic","Relic","Card"],"build_version":"2020-12-22","purchased_purges":4,"victory":true,"max_hp_per_floor":[75,75,75,75,75,75,75,75,75,75,75,75,75,75,75,75,75,75,75,75,75,75,75,75,75,75,75,75,75,75,75,75,75,75,75,75,75,75,75,75,75,75,75,75,75,75,75,75,75,75,75,75,75,75,75],"card_choices":[{"not_picked":["GrandCross","SporeBomb"],"picked":"NonDirectionalLaser","floor":1.0},{"not_picked":["ManaConvection","MagicChant"],"picked":"MachineGunSpark","floor":3.0},{"not_picked":["LuminesStrike","WitchLeyline"],"picked":"OneTimeOff","floor":4.0},{"not_picked":["DarkSpark","NonDirectionalLaser"],"picked":"RefractionSpark","floor":5.0},{"not_picked":["MachineGunSpark","EnergyRecoil"],"picked":"AsteroidBelt","floor":6.0},{"not_picked":["PowerUp","GravityBeat"],"picked":"DoubleSpark","floor":8.0},{"not_picked":["ShootingEcho","ChargeUpSpray"],"picked":"SprinkleStarSeal","floor":12.0},{"not_picked":["EscapeVelocity","SuperNova"],"picked":"MillisecondPulsars","floor":16.0},{"not_picked":["ShootingEcho","6A"],"picked":"MilkyWay","floor":18.0},{"not_picked":["PulseMagic","MysteriousBeam+1"],"picked":"UnstableBomb+1","floor":19.0},{"not_picked":["IllusionStar","SporeBomb"],"picked":"DeepEcoloBomb","floor":20.0},{"not_picked":["GravityBeat","WitchOfGreed","MysteriousBeam"],"picked":"SKIP","floor":22.0},{"not_picked":["ShootingEcho","EscapeVelocity"],"picked":"NonDirectionalLaser","floor":23.0},{"not_picked":["MeteoricShower","RefractionSpark"],"picked":"OortCloud","floor":29.0},{"not_picked":["AsteroidBelt","GravityBeat"],"picked":"CollectingQuirk","floor":30.0},{"not_picked":["Acceleration","NonDirectionalLaser"],"picked":"AsteroidBelt","floor":30.0},{"not_picked":["AlicesGift","Singularity","DarkSpark"],"picked":"SKIP","floor":31.0},{"not_picked":["BinaryStars","MillisecondPulsars"],"picked":"JA","floor":33.0},{"not_picked":["AsteroidBelt","EnergyFlow"],"picked":"6A","floor":35.0},{"not_picked":["Occultation+1","BlazeAway"],"picked":"6A","floor":36.0},{"not_picked":["UnstableBomb+1","BigCrunch"],"picked":"AsteroidBelt","floor":41.0},{"not_picked":["AsteroidBelt","LuminesStrike","OpenUniverse"],"picked":"SKIP","floor":46.0},{"not_picked":["EnergyRecoil","WitchOfGreed","MysteriousBeam"],"picked":"SKIP","floor":47.0},{"not_picked":["ShootTheMoon","OneTimeOff","EarthLightRay"],"picked":"SKIP","floor":54}],"player_experience":1827238,"relics_obtained":[{"floor":6.0,"key":"construct:RocketBooster"},{"floor":9.0,"key":"infinitespire:BottledMercury"},{"floor":12.0,"key":"StuffTheSpire:Barrel"},{"floor":19.0,"key":"jedi:heavyjacket"},{"floor":23.0,"key":"Replay:Mystery Machine"},{"floor":26.0,"key":"The Courier"},{"floor":29.0,"key":"Regal Pillow"},{"floor":30.0,"key":"halation:AfternoonTea"},{"floor":41.0,"key":"hubris:Metronome"},{"floor":46.0,"key":"StuffTheSpire:Nightcore"},{"floor":54,"key":"Mummified Hand"}],"event_choices":[],"is_beta":false,"boss_relics":[{"not_picked":["aspiration:SecretTechniqueScroll","halation:PlatinumPhoenix"],"picked":"Replay:Grab Bag"},{"not_picked":["energizedSpire:NeverEndingSparkler","energizedSpire:DeadBattery"],"picked":"hubris:TerracottaHorce"},{"not_picked":["hubris:CrackedHourglass","StuffTheSpire:ModemDavis"],"picked":"Abe\u0027s Treasure"},{"not_picked":["halation:MonkeysPaw","halation:Prosthetics"],"picked":"ExperimentalFamiliar"},{"not_picked":["Cursed Key","hubris:VirtuousBlindfold"],"picked":"construct:WeddingRing"}],"items_purged_floors":[13,24,38,48],"is_endless":false,"potions_floor_spawned":[1,6,16,18,29,31,35,36,41,54],"ascension_level":15}}