{"host":"jft3vy2l4n4npizy","time":1610964911,"event":{"mods":["BaseMod","Bestiary","Energized Spire","Highlight Path","Marisa£¨ìFÓê¡¡Ä§ÀíÉ³£©","Minty Spire (QoL Compilation)","Quick Restart","StSLib","TestMod","The Bladedancer","The Servant 0.9.4","Youmu£¨»êÆÇÑýÃÎ£©","Yuri Mod","vexMod"],"gold_per_floor":[116,134,9,9,9,45,75,75,75,110,135,149,23,47,47,177,177,196,271,298,298,318,356,356,414,437,474,474,474,474,474,474,614,614,649,649,203,602,616,616,629,661,732,732,1064,42,53,78,78,78],"floor_reached":51,"language":"ZHS","playtime":1293,"items_purged":["Defend_S","Foresight"],"score":1274,"play_id":"5ce5cee1-c082-47b6-89fa-59409d03fe60","local_time":"20210118181511","is_ascension_mode":true,"campfire_choices":[{"data":"ShatteredReality","floor":15.0,"key":"SMITH"},{"data":"FloweringNight","floor":24,"key":"SMITH"},{"data":"ShatteredReality","floor":28,"key":"SMITH"},{"data":"ShatteredReality","floor":30,"key":"SMITH"},{"data":"KidneyShot","floor":32,"key":"SMITH"},{"data":"InstantArmor","floor":40,"key":"SMITH"},{"data":"RealityMarble","floor":44,"key":"SMITH"},{"data":"BottledTime","floor":49,"key":"SMITH"}],"circlet_count":0,"master_deck":["Strike_S","Strike_S","Strike_S","Strike_S","Defend_S","Defend_S","Defend_S","KidneyShot+1","Exchange","WasteNot","ShatteredReality+1","SilverBlades","InstantArmor+1","KillingDoll","RealityMarble+1","CurseOfTheBell","DualDimension+1","FloweringNight+1","ShatteredReality+1","ShatteredReality+1","WasteNot+1","BottledTime+1","ShatteredReality+1","Revamp+1","BestPractice+1","Reset+1","SpecialFormula+1","SpecialFormula+1"],"relics":["Uniform","testmod-Nyarlathotep","NeowsBlessing","Anchor","Smiling Mask","testmod-HeartOfStrike","vexMod:Dragonfruit","Calling Bell","Potion Belt","Ornamental Fan","testmod-TheFather","testmod-OneHitWonder","testmod-LifeArmor","Bag of Marbles","Red Mask","testmod-ArcanaOfDestiny","energizedSpire:OgreHead","Bottled Lightning","testmod-Charity","KneeBrace","The Courier","Orichalcum","testmod-IndustrialRevolution","Toy Ornithopter","Boot","Darkstone Periapt","Art of War","testmod-AssaultLearning","Bag of Preparation","InkBottle"],"acts_visited":["Exordium","TheCity","TheBeyond"],"potions_floor_usage":[23],"damage_taken":[{"damage":0.0,"enemies":"Cultist","floor":1.0,"turns":1.0},{"damage":0.0,"enemies":"Small Slimes","floor":2.0,"turns":1.0},{"damage":0.0,"enemies":"Lagavulin","floor":6.0,"turns":2.0},{"damage":0.0,"enemies":"3 Sentries","floor":10.0,"turns":3.0},{"damage":0.0,"enemies":"2 Louse","floor":11.0,"turns":2.0},{"damage":15.0,"enemies":"Exordium Thugs","floor":12.0,"turns":3.0},{"damage":0.0,"enemies":"Red Slaver","floor":14.0,"turns":2.0},{"damage":32.0,"enemies":"The Guardian","floor":16.0,"turns":6.0},{"damage":0.0,"enemies":"Spheric Guardian","floor":18.0,"turns":2.0},{"damage":0,"enemies":"2 Thieves","floor":20,"turns":2},{"damage":2,"enemies":"Centurion and Healer","floor":22,"turns":3},{"damage":0,"enemies":"Book of Stabbing","floor":23,"turns":1},{"damage":2,"enemies":"Gremlin Leader","floor":25,"turns":3},{"damage":0,"enemies":"Masked Bandits","floor":27,"turns":2},{"damage":1,"enemies":"Collector","floor":33,"turns":4},{"damage":0,"enemies":"3 Darklings","floor":35,"turns":2},{"damage":0,"enemies":"3 Shapes","floor":39,"turns":1},{"damage":0,"enemies":"Jaw Worm Horde","floor":41,"turns":1},{"damage":0,"enemies":"Nemesis","floor":42,"turns":3},{"damage":0,"enemies":"4 Shapes","floor":47,"turns":1},{"damage":0,"enemies":"Reptomancer","floor":48,"turns":1},{"damage":0,"enemies":"Donu and Deca","floor":50,"turns":1}],"seed_played":"-4766240680921075420","potions_obtained":[{"floor":6.0,"key":"testmod-SpacePotion"},{"floor":8.0,"key":"testmod-EscapePotion"},{"floor":8.0,"key":"Explosive Potion"},{"floor":10.0,"key":"testmod-TestPotion"},{"floor":18.0,"key":"EssenceOfSteel"},{"floor":25,"key":"LiquidBronze"},{"floor":27,"key":"LiquidMemories"},{"floor":33,"key":"PowerPotion"},{"floor":35,"key":"Weak Potion"},{"floor":39,"key":"SpeedPotion"}],"is_trial":false,"path_per_floor":["M","M","$","?","$","E","?","?","T","E","M","M","$","M","R","B",null,"M","?","M","?","M","E","R","E","T","?","R","T","R","?","R","B",null,"M","?","$","?","M","R","M","E","T","R","?","$","M","E","R","B",null],"character_chosen":"THE_SERVANT","items_purchased":["ShatteredReality","SilverBlades","KillingDoll","Bottled Lightning","testmod-Charity","Orichalcum","testmod-IndustrialRevolution","Toy Ornithopter","Boot","Darkstone Periapt","Art of War","testmod-AssaultLearning","Bag of Preparation"],"campfire_rested":0,"item_purchase_floors":[3,3,13,37,37,46,46,46,46,46,46,46,46],"current_hp_per_floor":[65,65,65,49,49,49,49,49,49,54,54,39,39,39,39,7,70,70,63,63,63,61,61,61,59,59,59,59,59,59,59,59,58,70,70,70,70,71,75,75,77,79,80,80,81,81,85,95,95,126],"gold":78,"neow_bonus":"THREE_ENEMY_KILL","is_daily":false,"chose_seed":false,"campfire_upgraded":8,"win_rate":0.0,"timestamp":1610964911,"path_taken":["M","M","?","?","$","E","?","?","T","E","M","?","$","M","R","BOSS","M","?","?","?","M","E","R","E","T","?","R","?","R","?","R","BOSS","M","?","?","?","M","R","M","E","T","R","?","$","?","E","R","BOSS"],"items_purchased_type":["Card","Card","Card","Relic","Relic","Relic","Relic","Relic","Relic","Relic","Relic","Relic","Relic"],"build_version":"2020-12-22","purchased_purges":2,"victory":true,"max_hp_per_floor":[65,65,65,65,65,65,65,65,65,70,70,70,70,70,70,70,70,70,70,70,70,70,70,70,70,70,70,70,70,70,70,70,70,70,70,70,70,71,75,75,77,79,80,80,81,81,85,95,95,126],"card_choices":[{"not_picked":["Defy","Ricochet"],"picked":"WasteNot","floor":1.0},{"not_picked":["Potential","Rearm"],"picked":"Foresight","floor":2.0},{"not_picked":["Potential","Rearm"],"picked":"InstantArmor","floor":6.0},{"not_picked":["Foresight","Rearm","Replace"],"picked":"SKIP","floor":10.0},{"not_picked":["DoubleEdge","Starlight","Unruled"],"picked":"SKIP","floor":11.0},{"not_picked":["GearUp","TrueSight","Rearm"],"picked":"SKIP","floor":12.0},{"not_picked":["DualDimension","Ricochet"],"picked":"RealityMarble","floor":14.0},{"not_picked":["FastForward+1","Defy"],"picked":"DualDimension+1","floor":18.0},{"not_picked":["BottledTime","GearUp"],"picked":"FloweringNight","floor":20},{"not_picked":["Rewind","Potential"],"picked":"ShatteredReality","floor":22},{"not_picked":["FastForward","Misdirection","ReturningBlade"],"picked":"SKIP","floor":23},{"not_picked":["Desolation","ForgedInTime"],"picked":"WasteNot+1","floor":25},{"not_picked":["Unruled+1","WasteNot"],"picked":"BottledTime","floor":27},{"not_picked":["Potential","TimeWarp"],"picked":"ShatteredReality+1","floor":35},{"not_picked":["Alleviate","Hightail+1"],"picked":"Revamp+1","floor":39},{"not_picked":["Spin+1","LightFlow"],"picked":"BestPractice+1","floor":41},{"not_picked":["MoonPhase+1","Luminosity+1"],"picked":"Reset+1","floor":42},{"not_picked":["Moonlight+1","TimeWarp+1"],"picked":"SpecialFormula+1","floor":47},{"not_picked":["Rewind+1","Misdirection"],"picked":"SpecialFormula+1","floor":48}],"player_experience":61238,"relics_obtained":[{"floor":6.0,"key":"Anchor"},{"floor":9.0,"key":"testmod-HeartOfStrike"},{"floor":10.0,"key":"vexMod:Dragonfruit"},{"floor":17.0,"key":"Potion Belt"},{"floor":17.0,"key":"Ornamental Fan"},{"floor":17.0,"key":"testmod-TheFather"},{"floor":23,"key":"testmod-OneHitWonder"},{"floor":25,"key":"testmod-LifeArmor"},{"floor":26,"key":"Bag of Marbles"},{"floor":27,"key":"Red Mask"},{"floor":29,"key":"testmod-ArcanaOfDestiny"},{"floor":42,"key":"KneeBrace"},{"floor":43,"key":"The Courier"},{"floor":48,"key":"InkBottle"}],"event_choices":[{"damage_healed":0.0,"max_hp_gain":0.0,"max_hp_loss":0.0,"gold_gain":0.0,"event_name":"Golden Idol","player_choice":"Take Damage","floor":4.0,"gold_loss":0.0,"damage_taken":16.0,"relics_obtained":["Golden Idol"]},{"damage_healed":0.0,"max_hp_gain":0.0,"max_hp_loss":0.0,"gold_gain":30.0,"event_name":"Dead Adventurer","player_choice":"Searched \u00273\u0027 times","floor":7.0,"gold_loss":0.0,"damage_taken":0.0,"relics_obtained":["Smiling Mask"]},{"damage_healed":0.0,"max_hp_gain":0.0,"max_hp_loss":0.0,"gold_gain":0.0,"event_name":"Lab","player_choice":"Got Potions","floor":8.0,"gold_loss":0.0,"damage_taken":0.0},{"damage_healed":0,"gold_gain":75,"player_choice":"Touch","damage_taken":7,"max_hp_gain":0,"max_hp_loss":0,"event_name":"FaceTrader","floor":19,"gold_loss":0},{"damage_healed":0,"gold_gain":0,"player_choice":"Read","damage_taken":0,"max_hp_gain":0,"max_hp_loss":0,"event_name":"The Library","floor":21,"gold_loss":0,"cards_obtained":["ShatteredReality"]},{"damage_healed":0,"gold_gain":0,"player_choice":"Fought Bandits","damage_taken":0,"max_hp_gain":0,"max_hp_loss":0,"event_name":"Masked Bandits","floor":27,"gold_loss":0},{"damage_healed":0,"gold_gain":0,"player_choice":"Ignored","damage_taken":0,"max_hp_gain":0,"max_hp_loss":0,"event_name":"Vampires","floor":31,"gold_loss":0},{"damage_healed":0,"gold_gain":0,"player_choice":"Ignored","damage_taken":0,"max_hp_gain":0,"max_hp_loss":0,"event_name":"SecretPortal","floor":36,"gold_loss":0},{"damage_healed":0,"gold_gain":400,"player_choice":"Sell","damage_taken":0,"max_hp_gain":0,"max_hp_loss":0,"event_name":"¶÷ÂåË¹µÄÅÌ×Ó","floor":38,"relics_lost":["testmod-TestBox"],"gold_loss":0},{"damage_healed":0,"gold_gain":333,"player_choice":"Gave Idol","damage_taken":0,"max_hp_gain":0,"max_hp_loss":0,"event_name":"The Moai Head","floor":45,"relics_lost":["Golden Idol"],"gold_loss":0}],"is_beta":false,"boss_relics":[{"not_picked":["testmod-IncinerationGenerator","testmod-NegativeEmotionEnhancer"],"picked":"Calling Bell"},{"not_picked":["testmod-Recursion","Tiny House"],"picked":"energizedSpire:OgreHead"}],"items_purged_floors":[13,37],"is_endless":false,"potions_floor_spawned":[6,10,11,18,25,27,33,35,39,47],"ascension_level":4}}