{"host":"3ykswgue17e1ycc2","time":1610983220,"event":{"mods":["BaseMod","Colored Powertips","Dark Map","Downfall","Minty Spire (QoL Compilation)","Quick Restart","Rare Cards Sparkle","StSLib"],"gold_per_floor":[99,116,135,135,135,146,218,218,128,28,59,69,62,88,112,218,218,118,138,138,151,175,201,278,278,311,311,311,311,311],"floor_reached":28,"language":"ENG","playtime":1740,"items_purged":["hexamod:Strike"],"score":240,"play_id":"a9359364-daca-44da-901c-8ee462a9f9e6","local_time":"20210118222020","is_ascension_mode":false,"campfire_choices":[{"floor":1,"key":"RECALL"},{"data":"hexamod:Sear","floor":8,"key":"SMITH"},{"data":"hexamod:InspiringFlames","floor":10,"key":"SMITH"},{"data":"hexamod:Incineration","floor":18,"key":"SMITH"}],"circlet_count":0,"master_deck":["hexamod:Strike","hexamod:Defend+1","hexamod:Defend+1","hexamod:Defend","hexamod:Sear+1","hexamod:Float+1","hexamod:InspiringFlames+1","hexamod:ThermalTransfer+1","hexamod:HauntingEcho+1","hexamod:ShieldOfDarkness+1","hexamod:SecondSeal","hexamod:SoulSteal","hexamod:Incineration+1","hexamod:Firestarter","hexamod:SixthSeal","hexamod:SpectralSpark+1","hexamod:UnleashSpirits+1","hexamod:RetreatToShadows+1","hexamod:Firestarter","hexamod:HexaLevel+1","hexamod:HauntingEcho+1","Writhe"],"relics":["hexamod:SpiritBrand","InkBottle","downfall:HeartBlessingRed","The Courier","Astrolabe","downfall:HeartBlessingGreen","Ornamental Fan","Centennial Puzzle","Smiling Mask","White Beast Statue"],"acts_visited":["Exordium","TheCity"],"potions_floor_usage":[13,16,23,26,26,26,28],"damage_taken":[{"damage":1,"enemies":"Jaw Worm","floor":2,"turns":3},{"damage":0,"enemies":"2 Louse","floor":3,"turns":3},{"damage":0,"enemies":"Cultist","floor":6,"turns":3},{"damage":0,"enemies":"downfall:FleeingMerchant","floor":9,"turns":4},{"damage":18,"enemies":"Lagavulin","floor":11,"turns":6},{"damage":0,"enemies":"Exordium Wildlife","floor":12,"turns":5},{"damage":0,"enemies":"downfall:FleeingMerchant","floor":13,"turns":4},{"damage":0,"enemies":"Blue Slaver","floor":14,"turns":3},{"damage":0,"enemies":"3 Louse","floor":15,"turns":3},{"damage":22,"enemies":"SI_SHIV_ARCHETYPE","floor":16,"turns":6},{"damage":3,"enemies":"Chosen","floor":19,"turns":4},{"damage":3,"enemies":"Snake Plant","floor":21,"turns":3},{"damage":10,"enemies":"Cultist and Chosen","floor":22,"turns":7},{"damage":13,"enemies":"Snecko","floor":23,"turns":4},{"damage":34,"enemies":"Gremlin Leader","floor":26,"turns":10},{"damage":10,"enemies":"Chosen and Byrds","floor":28,"turns":4}],"seed_played":"-619304236962916619","potions_obtained":[{"floor":6,"key":"Regen Potion"},{"floor":11,"key":"Guardian:BlockOnCardUsePotion"},{"floor":12,"key":"hexamod:InfernoChargePotion"},{"floor":15,"key":"hexamod:SoulburnPotion"},{"floor":16,"key":"Explosive Potion"},{"floor":23,"key":"SkillPotion"},{"floor":26,"key":"GamblersBrew"}],"is_trial":false,"path_per_floor":["R","M","M","?","?","M","T","R","$","R","E","M","$","M","M","B",null,"R","M","?","M","M","M","T","?","E","T","M"],"character_chosen":"THE_SPIRIT","items_purchased":[],"campfire_rested":0,"item_purchase_floors":[],"current_hp_per_floor":[70,69,69,69,69,69,69,69,69,69,51,51,65,65,65,43,70,70,67,67,64,54,41,41,41,7,7,0,0,0],"gold":311,"neow_bonus":"UPGRADE_CARD","is_daily":false,"chose_seed":false,"campfire_upgraded":3,"win_rate":0.0,"timestamp":1610983220,"path_taken":["R","M","M","?","?","M","T","R","$","R","E","M","$","M","M","BOSS","R","M","?","M","M","M","T","?","E","?","?"],"items_purchased_type":[],"build_version":"2020-12-22","purchased_purges":1,"victory":false,"max_hp_per_floor":[70,70,70,70,70,70,70,70,70,70,70,70,70,70,70,70,70,70,70,70,70,70,70,70,70,70,70,70,70,70],"card_choices":[{"not_picked":["hexamod:HeatMetal","hexamod:GhostOfSpireFuture"],"picked":"hexamod:InspiringFlames","floor":2},{"not_picked":["hexamod:PhantomCloak","hexamod:NightmareGuise"],"picked":"hexamod:ThermalTransfer","floor":3},{"not_picked":["hexamod:ThirdSeal","hexamod:BurningTouch"],"picked":"hexamod:HauntingEcho","floor":6},{"not_picked":["hexamod:FastForward","hexamod:InspiringFlames"],"picked":"hexamod:ShieldOfDarkness","floor":9},{"not_picked":["hexamod:GhostLash","hexamod:SkipABeat"],"picked":"hexamod:SecondSeal","floor":11},{"not_picked":["hexamod:NightmareStrike","hexamod:CatchUp"],"picked":"hexamod:SoulSteal","floor":12},{"not_picked":["hexamod:FastForward","hexamod:GhostflameInferno"],"picked":"hexamod:Incineration","floor":13},{"not_picked":["hexamod:DynamicBlow","hexamod:SuperheatedStrike"],"picked":"hexamod:Firestarter","floor":14},{"not_picked":["hexamod:HeatShield","hexamod:NightmareStrike","hexamod:HeatMetal"],"picked":"SKIP","floor":15},{"not_picked":["hexamod:UnleashSpirits","hexamod:TimeWarp"],"picked":"hexamod:SixthSeal","floor":16},{"not_picked":["hexamod:RetreatToShadows","hexamod:InspiringFlames","hexamod:FastForward+1"],"picked":"SKIP","floor":19},{"not_picked":["hexamod:GhostShield","hexamod:HauntingEcho"],"picked":"hexamod:Firestarter","floor":21},{"not_picked":["hexamod:SecondSeal","hexamod:RainOfEmbers"],"picked":"hexamod:HexaLevel","floor":22},{"not_picked":["hexamod:EtherealExpedition","hexamod:StepThrough"],"picked":"hexamod:HauntingEcho+1","floor":23},{"not_picked":["hexamod:FastForward","hexamod:AdvancingGuard","hexamod:GhostflameBarrier"],"picked":"SKIP","floor":26}],"player_experience":417928,"relics_obtained":[{"floor":7,"key":"InkBottle"},{"floor":11,"key":"The Courier"},{"floor":24,"key":"Ornamental Fan"},{"floor":26,"key":"Smiling Mask"},{"floor":27,"key":"White Beast Statue"}],"event_choices":[{"damage_healed":0,"gold_gain":0,"player_choice":"Grow","damage_taken":0,"max_hp_gain":0,"max_hp_loss":0,"event_name":"Living Wall","floor":5,"gold_loss":0,"cards_upgraded":["hexamod:ThermalTransfer"]}],"is_beta":false,"boss_relics":[{"not_picked":["Tiny House","SacredBark"],"picked":"Astrolabe"}],"items_purged_floors":[9],"is_endless":false,"potions_floor_spawned":[6,11,12,15,16,22,23,26],"killed_by":"Chosen and Byrds","ascension_level":0}}