{"host":"ababi7n1w04ome7c","time":1610945816,"event":{"mods":["AchievementEnabler","BaseMod","Colored Map","Minty Spire (QoL Compilation)","Permanent Neow","StSLib","everything is the same but u backflip on backflip"],"gold_per_floor":[113,38,38,38,38,70,70,85,85,85,119,119,144,156,156,251,251,262,262,187,202,227,227,244,244,314,337,349,361,387,409,421,433,433],"floor_reached":33,"language":"KOR","playtime":816,"items_purged":[],"score":392,"play_id":"cd0dd3be-b0b6-4b90-ab62-1079b82b7431","local_time":"20210118135656","is_ascension_mode":true,"campfire_choices":[{"data":"Searing Blow+1","floor":7.0,"key":"SMITH"},{"data":"Searing Blow+2","floor":10.0,"key":"SMITH"},{"data":"Searing Blow+3","floor":12.0,"key":"SMITH"},{"data":"Searing Blow+4","floor":15.0,"key":"SMITH"},{"data":"Searing Blow+5","floor":23,"key":"SMITH"},{"data":"Searing Blow+6","floor":25,"key":"SMITH"},{"data":"Searing Blow+7","floor":29,"key":"SMITH"},{"floor":32,"key":"REST"}],"circlet_count":0,"master_deck":["AscendersBane","Strike_R","Strike_R","Strike_R","Strike_R","Strike_R","Defend_R","Defend_R","Defend_R","Defend_R","Pommel Strike","Searing Blow+8","Twin Strike","Bloodletting","Offering","Twin Strike","Fire Breathing","Decay"],"relics":["Burning Blood","Ice Cream","Oddly Smooth Stone","Anchor","StrikeDummy","Sundial","CaptainsWheel","Snecko Eye","Red Mask","HornCleat","MawBank"],"acts_visited":["Exordium","TheCity"],"potions_floor_usage":[33],"damage_taken":[{"damage":9.0,"enemies":"2 Louse","floor":1.0,"turns":4.0},{"damage":28.0,"enemies":"3 Sentries","floor":6.0,"turns":8.0},{"damage":2.0,"enemies":"Jaw Worm","floor":8.0,"turns":2.0},{"damage":8.0,"enemies":"Gremlin Nob","floor":11.0,"turns":3.0},{"damage":23.0,"enemies":"Lagavulin","floor":13.0,"turns":3.0},{"damage":9.0,"enemies":"Cultist","floor":14.0,"turns":1.0},{"damage":21.0,"enemies":"Hexaghost","floor":16.0,"turns":6.0},{"damage":6,"enemies":"3 Byrds","floor":18,"turns":4},{"damage":9,"enemies":"Shell Parasite","floor":21,"turns":3},{"damage":16,"enemies":"Masked Bandits","floor":22,"turns":3},{"damage":9,"enemies":"Snecko","floor":24,"turns":2},{"damage":3,"enemies":"Chosen and Byrds","floor":30,"turns":3},{"damage":11,"enemies":"Centurion and Healer","floor":31,"turns":3},{"damage":63,"enemies":"Automaton","floor":33,"turns":6}],"seed_played":"3821859274378504413","potions_obtained":[{"floor":6.0,"key":"AttackPotion"},{"floor":8.0,"key":"BloodPotion"},{"floor":16.0,"key":"Ancient Potion"},{"floor":18,"key":"Swift Potion"},{"floor":24,"key":"LiquidBronze"}],"is_trial":false,"path_per_floor":["M","$","?","?","$","E","R","M","T","R","E","R","E","M","R","B",null,"M","?","?","M","?","R","M","R","T","T","?","R","M","M","R","B"],"character_chosen":"IRONCLAD","items_purchased":["Searing Blow"],"campfire_rested":1,"item_purchase_floors":[2],"current_hp_per_floor":[69,69,51,51,51,29,29,47,47,47,45,45,28,25,25,10,57,57,57,57,54,44,44,41,41,41,41,41,41,44,39,60,0,0],"gold":433,"neow_bonus":"ONE_RARE_RELIC","is_daily":false,"chose_seed":false,"campfire_upgraded":7,"win_rate":0.0,"timestamp":1610945816,"path_taken":["M","$","?","?","?","E","R","M","T","R","E","R","E","?","R","BOSS","M","?","?","M","?","R","M","R","T","?","?","R","M","M","R","BOSS"],"items_purchased_type":["Card"],"build_version":"2020-12-22","purchased_purges":0,"victory":false,"max_hp_per_floor":[72,72,72,72,72,72,72,72,72,72,72,72,72,72,72,72,72,72,72,72,72,72,72,72,72,72,72,72,72,72,72,72,72,72],"card_choices":[{"not_picked":["Heavy Blade","Anger"],"picked":"Pommel Strike","floor":1.0},{"not_picked":["Carnage","Cleave"],"picked":"Twin Strike","floor":6.0},{"not_picked":["Reckless Charge","Infernal Blade","Sever Soul"],"picked":"SKIP","floor":8.0},{"not_picked":["Warcry","Carnage"],"picked":"Bloodletting","floor":11.0},{"not_picked":["Seeing Red","Cleave"],"picked":"Offering","floor":13.0},{"not_picked":["Anger","Clash"],"picked":"Twin Strike","floor":14.0},{"not_picked":["True Grit","Clash","Flex"],"picked":"SKIP","floor":18},{"not_picked":["Armaments","Clothesline","Reaper"],"picked":"SKIP","floor":21},{"not_picked":["True Grit+1","Cleave","Wild Strike+1"],"picked":"SKIP","floor":24},{"not_picked":["Whirlwind","Pommel Strike","Intimidate"],"picked":"SKIP","floor":30},{"not_picked":["Searing Blow","Flex+1","True Grit"],"picked":"SKIP","floor":31}],"player_experience":328738,"relics_obtained":[{"floor":6.0,"key":"Anchor"},{"floor":9.0,"key":"StrikeDummy"},{"floor":11.0,"key":"Sundial"},{"floor":13.0,"key":"CaptainsWheel"},{"floor":22,"key":"Red Mask"},{"floor":26,"key":"HornCleat"},{"floor":27,"key":"MawBank"}],"event_choices":[{"damage_healed":0.0,"max_hp_gain":0.0,"max_hp_loss":0.0,"gold_gain":0.0,"event_name":"Scrap Ooze","player_choice":"Success","floor":3.0,"gold_loss":0.0,"damage_taken":18.0,"relics_obtained":["Oddly Smooth Stone"]},{"damage_healed":0.0,"max_hp_gain":0.0,"max_hp_loss":0.0,"gold_gain":0.0,"event_name":"Living Wall","player_choice":"Grow","floor":4.0,"gold_loss":0.0,"damage_taken":0.0,"cards_upgraded":["Searing Blow"]},{"damage_healed":0,"gold_gain":0,"player_choice":"Read","damage_taken":0,"max_hp_gain":0,"max_hp_loss":0,"event_name":"The Library","floor":19,"gold_loss":0,"cards_obtained":["Fire Breathing"]},{"cards_removed":["Bash"],"damage_healed":0,"gold_gain":0,"player_choice":"Gave Gold","damage_taken":0,"max_hp_gain":0,"max_hp_loss":0,"event_name":"Beggar","floor":20,"gold_loss":75},{"damage_healed":0,"gold_gain":0,"player_choice":"Fought Bandits","damage_taken":0,"max_hp_gain":0,"max_hp_loss":0,"event_name":"Masked Bandits","floor":22,"gold_loss":0},{"damage_healed":0,"gold_gain":0,"player_choice":"Smashed Altar","damage_taken":0,"max_hp_gain":0,"max_hp_loss":0,"event_name":"Forgotten Altar","floor":28,"gold_loss":0,"cards_obtained":["Decay"]}],"is_beta":false,"boss_relics":[{"not_picked":["Pandora\u0027s Box","Calling Bell"],"picked":"Snecko Eye"}],"items_purged_floors":[],"is_endless":false,"potions_floor_spawned":[6,8,16,18,24,30],"killed_by":"Automaton","ascension_level":10}}