{"host":"oc9z8cublggqyfxu","time":1610948619,"event":{"mods":["AchievementEnabler","Act Like it!","Aspiration","BaseMod","Colored Map","Colored Powertips","Dota2Spire","Friendly Minions","Gensokyo","GifTheSpireLib","Hallownest","Hermit","Highlight Path","KinomotoSakuraMod(木之本樱)","Koishi","Lobotomy","LobotomyExtend","Marisa（F雨　魔理沙）","Minty Spire (QoL Compilation)","Quick Restart","Rare Cards Sparkle","Reimu（博丽灵梦）","Relic Stats","Remilia（蕾米莉亚）","Replay The Spire","RumiaBox-露米娅的神秘盒子","Spicy Shops","StSLib","The Administrix","The Animator","The Blackbeard","The Bug Knight","The Cursed","The Hierophant","The Mystic","The Runesmith","The Servant 0.9.4","Yakumo Yukari mod","Youmu（魂魄妖梦）","Yuyuko","vexMod","【功能Mod】混沌之环修复补丁","【功能Mod】聪明的最终Boss"],"gold_per_floor":[117,117,66,66,83,102,102,120,120,134,134,166,166,14,14,14,14],"floor_reached":16,"language":"ZHS","playtime":1091,"items_purged":[],"score":100,"play_id":"2ec6e4c9-4d17-4b65-99e2-32b4031b4d4d","local_time":"20210118134339","is_ascension_mode":false,"campfire_choices":[{"data":"Eruption","floor":7.0,"key":"SMITH"},{"data":"Pray","floor":13.0,"key":"SMITH"},{"floor":15.0,"key":"REST"}],"circlet_count":0,"master_deck":["Mercenary","Strike_P","Defend_P","WreathOfFlame","Pray+1","FieryBird"],"relics":["PureWater","CogitoBucket","LetterFromLob","Hallownest:DreamNailRelic","HollowMod:LifeEnderRelic","WantedRequest","Gremlin Horn","Membership Card"],"acts_visited":["Hallownest:Greenpath"],"potions_floor_usage":[16],"damage_taken":[{"damage":0.0,"enemies":"Hallownest:monsterHuskWarrior","floor":1.0,"turns":4.0},{"damage":0.0,"enemies":"Hallownest:2_Baldur","floor":5.0,"turns":4.0},{"damage":0.0,"enemies":"2_ Uuma","floor":6.0,"turns":11.0},{"damage":22.0,"enemies":"Hallownest:1_Baldur_1_Crawlid_1_Warrior","floor":8.0,"turns":6.0},{"damage":7.0,"enemies":"Hallownest:monsterMossCharger","floor":10.0,"turns":4.0},{"damage":40.0,"enemies":"Hallownest:eliteMossKnight","floor":12.0,"turns":6.0},{"damage":52,"enemies":"Hallownest:BossBrokenVessel","floor":16,"turns":6}],"seed_played":"-7114176813537909722","potions_obtained":[{"floor":5.0,"key":"Venom Potion"},{"floor":8.0,"key":"Swift Potion"},{"floor":12.0,"key":"Strength Potion"}],"is_trial":false,"path_per_floor":["M","?","$","?","M","M","R","M","T","M","?","E","R","$","R","B"],"character_chosen":"WATCHER","items_purchased":["Protect","Membership Card"],"campfire_rested":1,"item_purchase_floors":[3,14],"current_hp_per_floor":[72,72,72,72,72,72,72,50,50,43,71,31,31,31,52,0,0],"gold":14,"neow_bonus":"","is_daily":false,"chose_seed":false,"campfire_upgraded":2,"win_rate":0.0,"timestamp":1610948619,"path_taken":["M","?","?","?","M","?","R","M","T","M","?","E","R","$","R","BOSS"],"items_purchased_type":["Card","Relic"],"build_version":"2020-12-22","purchased_purges":0,"victory":false,"max_hp_per_floor":[72,72,72,72,72,72,72,72,72,72,72,72,72,72,72,72,72],"relic_stats":{"Gremlin Horn":[2,2],"counters":[7,41],"obtain_stats":[{"CogitoBucket":0,"HollowMod:LifeEnderRelic":9,"Gremlin Horn":12,"LetterFromLob":1,"Hallownest:DreamNailRelic":2,"Membership Card":14,"PureWater":0,"WantedRequest":12},{"CogitoBucket":0,"HollowMod:LifeEnderRelic":4,"Gremlin Horn":6,"LetterFromLob":1,"Hallownest:DreamNailRelic":1,"Membership Card":6,"PureWater":0,"WantedRequest":6},{"CogitoBucket":0,"HollowMod:LifeEnderRelic":25,"Gremlin Horn":35,"LetterFromLob":4,"Hallownest:DreamNailRelic":4,"Membership Card":35,"PureWater":0,"WantedRequest":35}]},"card_choices":[{"not_picked":["FairyFestival","Mercenary"],"picked":"BeautyBeast","floor":1.0},{"not_picked":["Replay:BluntJabs","ThirdEye","FlyingSleeves"],"picked":"SKIP","floor":1.0},{"not_picked":["OSAHOGD","FairyFestival"],"picked":"SnowQueen","floor":5.0},{"not_picked":["ThirdEye","EmptyFist"],"picked":"WreathOfFlame","floor":5.0},{"not_picked":["VoidDream","FairyFestival"],"picked":"OSAHOGD","floor":6.0},{"not_picked":["FollowUp","ThirdEye"],"picked":"Replay:AtTheReady","floor":6.0},{"not_picked":["VoidDream","Scorched"],"picked":"Murderer","floor":8.0},{"not_picked":["Replay:Cycle","Replay:Vibes"],"picked":"Consecrate","floor":8.0},{"not_picked":["Variant","WhitesApple"],"picked":"Mercenary","floor":10.0},{"not_picked":["FlurryOfBlows","Replay:BluntJabs"],"picked":"Pray","floor":10.0},{"not_picked":["MHz","NakedNest"],"picked":"FieryBird","floor":12.0},{"not_picked":["Replay:BluntJabs","Scrawl","CarveReality"],"picked":"SKIP","floor":12.0},{"not_picked":["Replay:BluntJabs","Scrawl","CarveReality"],"picked":"SKIP","floor":12.0}],"player_experience":292549,"relics_obtained":[{"floor":1.0,"key":"LetterFromLob"},{"floor":9.0,"key":"HollowMod:LifeEnderRelic"},{"floor":12.0,"key":"Gremlin Horn"}],"event_choices":[],"is_beta":false,"boss_relics":[],"items_purged_floors":[],"is_endless":false,"potions_floor_spawned":[5,8,12],"killed_by":"Hallownest:BossBrokenVessel","ascension_level":0}}