{"host":"fworv1gvvajf3x0f","time":1610965007,"event":{"mods":["AchievementEnabler","Aspiration","BaseMod","Better Match","Better Note","Better Sensory Stone","Better Third Choice","Better Vampires","Better-Laid Plans","BetterRewards","Colored Map","Colored Powertips","Displayed Cursed Tome","Energized Spire","Good Game Mod","Highlight Path","Infinite Spire","Minty Spire (QoL Compilation)","Poor People Problems","Relic Stats","Replay The Spire","Spicy Shops","StSLib"],"gold_per_floor":[114,132,132,132,145,179,179,179,258,274,42,42,62,75,75,181,131,170,172,172,196,206,206],"floor_reached":22,"language":"ZHS","playtime":1682,"items_purged":["Strike_R"],"score":223,"play_id":"43f3b383-ea61-49d3-ac65-91b87ff3a764","local_time":"20210118181647","is_ascension_mode":true,"campfire_choices":[{"data":"Iron Wave","floor":8.0,"key":"SMITH"},{"data":"Warcry","floor":12.0,"key":"SMITH"}],"circlet_count":0,"master_deck":["Strike_R","Strike_R+1","Strike_R+1","Defend_R","Defend_R","Defend_R","Bash","Machine Learning+1","Iron Wave+1","Warcry+1","Double Tap","Dark Embrace","Feed","Demon Form","Body Slam"],"relics":["Burning Blood","REME:ComplimentaryCards","NeowsBlessing","Whetstone","infinitespire:Midas Blood","Medical Kit","energizedSpire:HugeHouse","aspiration:RitualStick"],"acts_visited":["Exordium","TheCity"],"potions_floor_usage":[21],"damage_taken":[{"damage":0.0,"enemies":"2 Louse","floor":1.0,"turns":1.0},{"damage":0.0,"enemies":"Cultist","floor":2.0,"turns":1.0},{"damage":0.0,"enemies":"Small Slimes","floor":5.0,"turns":1.0},{"damage":32.0,"enemies":"Gremlin Nob","floor":6.0,"turns":6.0},{"damage":6.0,"enemies":"3 Louse","floor":10.0,"turns":5.0},{"damage":15.0,"enemies":"Looter","floor":13.0,"turns":3.0},{"damage":2.0,"enemies":"Exordium Thugs","floor":14.0,"turns":4.0},{"damage":64.0,"enemies":"Slime Boss","floor":16.0,"turns":11.0},{"damage":12,"enemies":"3 Byrds","floor":18,"turns":7},{"damage":29,"enemies":"Shell Parasite","floor":21,"turns":4},{"damage":39,"enemies":"Snake Plant","floor":22,"turns":4}],"seed_played":"-4203383650977019683","potions_obtained":[{"floor":2.0,"key":"FairyPotion"},{"floor":6.0,"key":"SteroidPotion"},{"floor":10.0,"key":"Elixir"},{"floor":18,"key":"Fire Potion"},{"floor":21,"key":"Ancient Potion"}],"is_trial":false,"path_per_floor":["M","M","?","?","M","E","?","R","T","M","$","R","M","M","R_BF","B",null,"M","?","?","M","M"],"character_chosen":"IRONCLAD","items_purchased":["Medical Kit"],"campfire_rested":0,"item_purchase_floors":[11],"current_hp_per_floor":[80,80,73,73,79,53,53,53,53,53,53,53,44,48,72,14,75,72,56,56,33,0,0],"gold":206,"neow_bonus":"THREE_ENEMY_KILL","is_daily":false,"chose_seed":false,"campfire_upgraded":2,"win_rate":0.0,"timestamp":1610965007,"path_taken":["M","M","?","?","?","E","?","R","T","M","$","R","?","?","R_BF","BOSS","M","?","?","?","M"],"items_purchased_type":["Relic"],"build_version":"2020-12-22","purchased_purges":1,"victory":false,"max_hp_per_floor":[80,80,80,80,80,80,80,80,80,80,80,80,80,80,80,80,75,78,78,78,78,78,78],"relic_stats":{"counters":[64,280],"Whetstone":["Strike_R","Strike_R"],"Medical Kit":[0],"obtain_stats":[{"Divine Protection":28,"Calipers":26,"Vampiric Spirits":29,"Whetstone":6,"aspiration:RitualStick":19,"Lizard Tail":9,"aspiration:PoetsPen":51,"MealTicket":13,"aspiration:ArtOfWarUpgrade":10,"Ring of Hypnosis":12,"ReplayTheSpireMod:CursedCoin":10,"aspiration:SeaSaltIceCream":26,"infinitespire:Magic Flask":10,"Akabeko":29,"aspiration:FrozenJewel":47,"Snecko Scales":29,"ReplayTheSpireMod:Ring of Collecting":12,"Bird Faced Urn":0,"Molten Egg 2":7,"CultistMask":14,"Grinning Jar":0,"Unceasing Top":0,"Pocketwatch":0,"energizedSpire:PogoStick":34,"ReplayTheSpireMod:Ring of Exchange":22,"Incense Burner":36,"Empty Cage":17,"PrismaticShard":27,"Smiling Mask":7,"Burning Blood":0,"Replay:Bandana":10,"energizedSpire:CursedPentagram":17,"Chameleon Ring":23,"Ring of Peace":20,"energizedSpire:HugeHouse":17,"aspiration:FutureDiary":26,"infinitespire:Chaos":0,"Ring of the Snake":0,"Gremlin Food":36,"NeowsBlessing":0,"Self Forming Clay":9,"Guide Book":36,"infinitespire:EmptyRelic":0,"infinitespire:Lucky Rock":20,"Medical Kit":11,"White Beast Statue":0,"Mercury Hourglass":23,"Strange Spoon":31,"REME:ComplimentaryCards":0,"aspiration:WatcherSkillbook":34,"Bag of Marbles":41,"Art of War":7,"Membership Card":0,"ReplayTheSpireMod:Ring of Challenge":26,"PureWater":0,"infinitespire:Midas Blood":9},{"Divine Protection":13,"Calipers":33,"Vampiric Spirits":35,"Whetstone":57,"aspiration:RitualStick":62,"Lizard Tail":5,"aspiration:PoetsPen":46,"MealTicket":26,"aspiration:ArtOfWarUpgrade":53,"Ring of Hypnosis":6,"ReplayTheSpireMod:CursedCoin":23,"aspiration:SeaSaltIceCream":12,"infinitespire:Magic Flask":23,"Akabeko":13,"aspiration:FrozenJewel":44,"Snecko Scales":35,"ReplayTheSpireMod:Ring of Collecting":6,"Bird Faced Urn":53,"Molten Egg 2":4,"CultistMask":6,"Grinning Jar":18,"Unceasing Top":18,"Pocketwatch":47,"energizedSpire:PogoStick":14,"ReplayTheSpireMod:Ring of Exchange":30,"Incense Burner":39,"Empty Cage":7,"PrismaticShard":12,"Smiling Mask":23,"Burning Blood":0,"Replay:Bandana":23,"energizedSpire:CursedPentagram":28,"Chameleon Ring":31,"Ring of Peace":9,"energizedSpire:HugeHouse":61,"aspiration:FutureDiary":12,"infinitespire:Chaos":53,"Ring of the Snake":0,"Gremlin Food":39,"NeowsBlessing":0,"Self Forming Clay":53,"Guide Book":39,"infinitespire:EmptyRelic":53,"infinitespire:Lucky Rock":9,"Medical Kit":58,"White Beast Statue":53,"Mercury Hourglass":11,"Strange Spoon":13,"REME:ComplimentaryCards":0,"aspiration:WatcherSkillbook":38,"Bag of Marbles":42,"Art of War":53,"Membership Card":18,"ReplayTheSpireMod:Ring of Challenge":12,"PureWater":53,"infinitespire:Midas Blood":23},{"Divine Protection":55,"Calipers":160,"Vampiric Spirits":170,"Whetstone":242,"aspiration:RitualStick":272,"Lizard Tail":16,"aspiration:PoetsPen":208,"MealTicket":124,"aspiration:ArtOfWarUpgrade":233,"Ring of Hypnosis":18,"ReplayTheSpireMod:CursedCoin":112,"aspiration:SeaSaltIceCream":49,"infinitespire:Magic Flask":112,"Akabeko":55,"aspiration:FrozenJewel":199,"Snecko Scales":170,"ReplayTheSpireMod:Ring of Collecting":18,"Bird Faced Urn":233,"Molten Egg 2":11,"CultistMask":18,"Grinning Jar":95,"Unceasing Top":95,"Pocketwatch":209,"energizedSpire:PogoStick":66,"ReplayTheSpireMod:Ring of Exchange":147,"Incense Burner":184,"Empty Cage":29,"PrismaticShard":49,"Smiling Mask":112,"Burning Blood":0,"Replay:Bandana":112,"energizedSpire:CursedPentagram":138,"Chameleon Ring":153,"Ring of Peace":38,"energizedSpire:HugeHouse":265,"aspiration:FutureDiary":49,"infinitespire:Chaos":233,"Ring of the Snake":0,"Gremlin Food":184,"NeowsBlessing":0,"Self Forming Clay":233,"Guide Book":184,"infinitespire:EmptyRelic":233,"infinitespire:Lucky Rock":38,"Medical Kit":247,"White Beast Statue":233,"Mercury Hourglass":46,"Strange Spoon":55,"REME:ComplimentaryCards":0,"aspiration:WatcherSkillbook":181,"Bag of Marbles":193,"Art of War":233,"Membership Card":95,"ReplayTheSpireMod:Ring of Challenge":49,"PureWater":233,"infinitespire:Midas Blood":112}],"Burning Blood":48,"aspiration:RitualStick":[0]},"card_choices":[{"not_picked":["Abandon","Replay:Undeath\u0027s Touch"],"picked":"Iron Wave","floor":1.0},{"not_picked":["Clothesline","Spot Weakness"],"picked":"Metallicize","floor":2.0},{"not_picked":["Cleave","Run Through","Hemokinesis"],"picked":"SKIP","floor":5.0},{"not_picked":["Reckless Charge","ReplayTheSpireMod:Muscle Training"],"picked":"Warcry","floor":6.0},{"not_picked":["Sword Boomerang","Twin Strike","Warcry"],"picked":"SKIP","floor":10.0},{"not_picked":["Warcry","Pummel"],"picked":"Double Tap","floor":13.0},{"not_picked":["Havoc","True Grit"],"picked":"Dark Embrace","floor":14.0},{"not_picked":["Bludgeon","Eclipse"],"picked":"Feed","floor":16.0},{"not_picked":["Blood for Blood+1","Replay:Undeath\u0027s Touch"],"picked":"Body Slam","floor":18},{"not_picked":["True Grit","Run Through","Pommel Strike+1"],"picked":"SKIP","floor":21}],"player_experience":262957,"relics_obtained":[{"floor":6.0,"key":"Whetstone"},{"floor":9.0,"key":"infinitespire:Midas Blood"}],"event_choices":[{"cards_removed":["Strike_R"],"damage_healed":0.0,"max_hp_gain":0.0,"max_hp_loss":0.0,"gold_gain":0.0,"event_name":"Golden Wing","player_choice":"Card Removal","floor":3.0,"gold_loss":0.0,"damage_taken":7.0},{"cards_removed":["Defend_R"],"damage_healed":0.0,"max_hp_gain":0.0,"max_hp_loss":0.0,"gold_gain":0.0,"event_name":"Purifier","player_choice":"Purged","floor":4.0,"gold_loss":0.0,"damage_taken":0.0},{"damage_healed":0.0,"max_hp_gain":0.0,"max_hp_loss":0.0,"gold_gain":0.0,"event_name":"Upgrade Shrine","player_choice":"Upgraded","floor":7.0,"gold_loss":0.0,"damage_taken":0.0,"cards_upgraded":["Machine Learning"]},{"cards_removed":["Strike_R"],"damage_healed":0,"gold_gain":0,"player_choice":"Offered Basic","damage_taken":0,"max_hp_gain":0,"max_hp_loss":0,"event_name":"Bonfire Elementals","floor":20,"gold_loss":0}],"is_beta":false,"boss_relics":[{"not_picked":["energizedSpire:CursedPentagram","aspiration:SecretTechniqueScroll"],"picked":"energizedSpire:HugeHouse"}],"items_purged_floors":[11],"is_endless":false,"potions_floor_spawned":[2,6,10,18,21],"killed_by":"Snake Plant","ascension_level":4}}