{"host":"ygfasg9u7olr7skw","time":1610952613,"event":{"mods":["AchievementEnabler","BaseMod","Better Note","Better Vampires","Colored Powertips","Minty Spire (QoL Compilation)","Replay The Spire","Spicy Shops","StSLib","The IronCluck"],"gold_per_floor":[118,128,128,30,42,42,76,76,153,179,110,110,121,131,131,230,230,242,242,242],"floor_reached":19,"language":"ENG","playtime":974,"items_purged":["Strike_B","Looming Evil"],"score":221,"play_id":"891c89b6-8d81-44f5-8844-acdf51a09e6e","local_time":"20210118015013","is_ascension_mode":true,"campfire_choices":[{"data":"Zap","floor":6,"key":"SMITH"},{"floor":8,"key":"REST"},{"data":"Dualcast","floor":15,"key":"SMITH"}],"circlet_count":0,"master_deck":["Strike_B","Strike_B","Strike_B","Defend_B","Defend_B","Defend_B","Defend_B","Zap+1","Dualcast+1","Gash","Gash","Gash","Seek"],"relics":["Cracked Core","Blood Vial","Dream Catcher","Quantum Egg","Iron Hammer","ReplayTheSpireMod:CursedCoin","Matryoshka"],"acts_visited":["Exordium","TheCity"],"potions_floor_usage":[7,18,19],"damage_taken":[{"damage":2,"enemies":"Jaw Worm","floor":1,"turns":3},{"damage":1,"enemies":"2 Louse","floor":2,"turns":2},{"damage":1,"enemies":"Cultist","floor":5,"turns":3},{"damage":20,"enemies":"3 Sentries","floor":7,"turns":9},{"damage":48,"enemies":"Lagavulin","floor":10,"turns":7},{"damage":5,"enemies":"Blue Slaver","floor":13,"turns":2},{"damage":3,"enemies":"Exordium Wildlife","floor":14,"turns":4},{"damage":25,"enemies":"The Guardian","floor":16,"turns":9},{"damage":19,"enemies":"Shell Parasite","floor":18,"turns":4},{"damage":41,"enemies":"Masked Bandits","floor":19,"turns":3}],"seed_played":"-2683349046573909901","potions_obtained":[{"floor":1,"key":"DistilledChaos"},{"floor":2,"key":"Energy Potion"},{"floor":14,"key":"SpeedPotion"},{"floor":16,"key":"Languid Potion"}],"is_trial":false,"path_per_floor":["M","M","?","$","M","R","E","R","T","E","$","?","M","M","R","B",null,"M","?"],"character_chosen":"DEFECT","items_purchased":["Gash","ReplayTheSpireMod:CursedCoin","Matryoshka"],"campfire_rested":1,"item_purchase_floors":[4,11,11],"current_hp_per_floor":[80,79,76,76,77,77,59,82,82,34,34,82,77,76,76,53,75,58,19,19],"gold":242,"neow_bonus":"TEN_PERCENT_HP_BONUS","is_daily":false,"chose_seed":false,"campfire_upgraded":2,"win_rate":0.0,"timestamp":1610952613,"path_taken":["M","M","?","$","M","R","E","R","T","E","$","?","M","?","R","BOSS","M","?"],"items_purchased_type":["Card","Relic","Relic"],"build_version":"2020-12-22","purchased_purges":2,"victory":false,"max_hp_per_floor":[82,82,82,82,82,82,82,82,82,82,82,82,82,82,82,82,82,82,82,82],"card_choices":[{"not_picked":["Skim","Force Field","Sweeping Beam"],"picked":"SKIP","floor":1},{"not_picked":["Panic Button","Redo","Darkness"],"picked":"SKIP","floor":2},{"not_picked":["Streamline","Barrage","Reprogram"],"picked":"SKIP","floor":5},{"not_picked":["Streamline","Barrage","Reprogram"],"picked":"SKIP","floor":5},{"not_picked":["Go for the Eyes","BootSequence","Rebound"],"picked":"SKIP","floor":7},{"not_picked":["BasicCrystalCard","ReplayTheSpireMod:Repulse"],"picked":"Gash","floor":8},{"not_picked":["ReplayGash","Blizzard","Coolheaded"],"picked":"SKIP","floor":10},{"not_picked":["Multi-Cast","Time Bomb","Melter"],"picked":"SKIP","floor":13},{"not_picked":["Coolheaded","Force Field"],"picked":"Gash","floor":14},{"not_picked":["Mirror Shield","Electrodynamics"],"picked":"Seek","floor":16},{"not_picked":["Sweeping Beam","Loop","Cold Snap"],"picked":"SKIP","floor":18}],"player_experience":326215,"relics_obtained":[{"floor":7,"key":"Dream Catcher"},{"floor":9,"key":"Quantum Egg"},{"floor":10,"key":"Iron Hammer"}],"event_choices":[{"damage_healed":0,"gold_gain":0,"player_choice":"Success","damage_taken":3,"relics_obtained":["Blood Vial"],"max_hp_gain":0,"max_hp_loss":0,"event_name":"Scrap Ooze","floor":3,"gold_loss":0},{"damage_healed":48,"gold_gain":0,"player_choice":"Full Heal","damage_taken":0,"max_hp_gain":0,"max_hp_loss":0,"event_name":"Wheel of Change","floor":12,"gold_loss":0},{"damage_healed":0,"gold_gain":0,"player_choice":"Fought Bandits","damage_taken":0,"max_hp_gain":0,"max_hp_loss":0,"event_name":"Masked Bandits","floor":19,"gold_loss":0}],"is_beta":false,"boss_relics":[{"not_picked":["Painkiller Herb","Busted Crown","Calling Bell"]}],"items_purged_floors":[4,11],"is_endless":false,"potions_floor_spawned":[1,2,14,16],"killed_by":"Masked Bandits","ascension_level":5}}