{"host":"7tqog9fnhs0gxmti","time":1610972619,"event":{"mods":["AchievementEnabler","Act Like it!","BaseMod","Beaked The Cultist","Colored Map","Colored Powertips","Hermit","Highlight Path","Koishi","Minty Spire (QoL Compilation)","Robot Space Explorer","StSLib","The Gatherer","everything is the same but u backflip on backflip"],"gold_per_floor":[118,193,193,72,72,72,101,101,101,115,131,149,96,107,107,207,207,221,234,159,171,17,17,17],"floor_reached":23,"language":"ENG","playtime":598,"items_purged":[],"score":216,"play_id":"1d5afcdd-379f-4c5d-9210-e20b168071cd","local_time":"20210118202339","is_ascension_mode":false,"campfire_choices":[{"data":"beaked:Foresight","floor":6,"key":"SMITH"},{"data":"beaked:WarriorSpirit","floor":8,"key":"SMITH"},{"data":"beaked:Insight","floor":15,"key":"SMITH"}],"circlet_count":0,"master_deck":["beaked:Strike_Y","beaked:Strike_Y","beaked:Strike_Y","beaked:Strike_Y","beaked:Strike_Y","beaked:Strike_Y","beaked:Defend_Y","beaked:Defend_Y","beaked:Defend_Y","beaked:Defend_Y","beaked:Ceremony","beaked:Ceremony","beaked:Ceremony","beaked:Evade+1","beaked:Foresight+1","beaked:Windmill","beaked:WarriorSpirit+1","beaked:Cower","beaked:MaddeningMurmurs","beaked:Insight+1","beaked:Brace","beaked:Brace+1","beaked:TuckingFeathers","beaked:ScreechingChant"],"relics":["beaked:MendingPlumage","NeowsBlessing","Blood Vial","Bronze Scales","Sozu","Membership Card"],"acts_visited":["Exordium","TheCity"],"potions_floor_usage":[16,16,16],"damage_taken":[{"damage":0,"enemies":"Cultist","floor":1,"turns":1},{"damage":0,"enemies":"Gremlin Nob","floor":7,"turns":1},{"damage":0,"enemies":"Small Slimes","floor":10,"turns":1},{"damage":3,"enemies":"2 Louse","floor":11,"turns":2},{"damage":11,"enemies":"Exordium Wildlife","floor":12,"turns":3},{"damage":20,"enemies":"Large Slime","floor":14,"turns":6},{"damage":43,"enemies":"Hexaghost","floor":16,"turns":10},{"damage":32,"enemies":"Spheric Guardian","floor":18,"turns":5},{"damage":24,"enemies":"Chosen","floor":19,"turns":5},{"damage":40,"enemies":"Sentry and Sphere","floor":21,"turns":5},{"damage":35,"enemies":"Gremlin Leader","floor":23,"turns":2}],"seed_played":"-5582748275284968682","potions_obtained":[{"floor":1,"key":"BlessingOfTheForge"},{"floor":14,"key":"beaked:MendingBrew"},{"floor":16,"key":"Fruit Juice"}],"is_trial":false,"path_per_floor":["M","?","?","$","?","R","E","R","T","M","M","M","$","M","R","B",null,"M","M","?","M","$","E"],"character_chosen":"BEAKED_THE_CULTIST","items_purchased":["beaked:Evade","beaked:Foresight","beaked:Windmill","beaked:Insight","Membership Card"],"campfire_rested":0,"item_purchase_floors":[4,4,4,13,22],"current_hp_per_floor":[50,39,39,39,39,39,40,40,40,44,50,44,44,48,48,55,55,35,32,32,16,16,0,0],"gold":17,"neow_bonus":"THREE_ENEMY_KILL","is_daily":false,"chose_seed":false,"campfire_upgraded":3,"win_rate":0.0,"timestamp":1610972619,"path_taken":["M","?","?","$","?","R","E","R","T","M","M","?","?","?","R","BOSS","M","M","?","M","$","E"],"items_purchased_type":["Card","Card","Card","Card","Relic"],"build_version":"2020-12-22","purchased_purges":0,"victory":false,"max_hp_per_floor":[50,50,50,50,50,50,50,50,50,50,50,50,50,50,50,55,55,55,55,55,55,55,55,55],"card_choices":[{"not_picked":["beaked:Replenish","beaked:DesperateSwing","beaked:Roost"],"picked":"SKIP","floor":1},{"not_picked":["beaked:Daydream","beaked:BloodForTheGods"],"picked":"beaked:WarriorSpirit","floor":7},{"not_picked":["beaked:DesperateSwing","beaked:TuckingFeathers"],"picked":"beaked:Cower","floor":10},{"not_picked":["beaked:Flinch","beaked:Evade"],"picked":"beaked:MaddeningMurmurs","floor":11},{"not_picked":["beaked:StunningBlow","beaked:Struggle"],"picked":"beaked:WildInstinct","floor":12},{"not_picked":["beaked:Overexert","beaked:Redirect"],"picked":"beaked:Brace","floor":14},{"not_picked":["beaked:Tweet","beaked:Windmill"],"picked":"beaked:Brace+1","floor":18},{"not_picked":["beaked:Windmill","beaked:Insight"],"picked":"beaked:TuckingFeathers","floor":19},{"not_picked":["beaked:Pecker","beaked:Daydream"],"picked":"beaked:ScreechingChant","floor":21}],"player_experience":783508,"relics_obtained":[{"floor":7,"key":"Blood Vial"},{"floor":9,"key":"Bronze Scales"}],"event_choices":[{"damage_healed":0,"gold_gain":75,"player_choice":"Gather Gold","damage_taken":11,"max_hp_gain":0,"max_hp_loss":0,"event_name":"World of Goop","floor":2,"gold_loss":0},{"damage_healed":0,"gold_gain":0,"player_choice":"Ignored","damage_taken":0,"max_hp_gain":0,"max_hp_loss":0,"event_name":"Golden Wing","floor":3,"gold_loss":0},{"damage_healed":0,"gold_gain":0,"player_choice":"Forge","damage_taken":0,"max_hp_gain":0,"max_hp_loss":0,"event_name":"Accursed Blacksmith","floor":5,"gold_loss":0,"cards_upgraded":["beaked:Evade"]},{"cards_removed":["beaked:WildInstinct"],"damage_healed":0,"gold_gain":0,"player_choice":"Gave Gold","damage_taken":0,"max_hp_gain":0,"max_hp_loss":0,"event_name":"Beggar","floor":20,"gold_loss":75}],"is_beta":false,"boss_relics":[{"not_picked":["Fusion Hammer","beaked:MawFillet"],"picked":"Sozu"}],"items_purged_floors":[],"is_endless":false,"potions_floor_spawned":[1,14,16,21],"killed_by":"Gremlin Leader","ascension_level":0}}