{"host":"684z1xpuwaoqmmh1","time":1610966880,"event":{"mods":["Bard","BaseMod","Downfall","Hermit","Jorbs\u0027s Wanderer Trilogy","Marisa????????","Minty Spire (QoL Compilation)","Robot Space Explorer","Shade Mod","StSLib","The Bug Knight","The Cursed","The Hayseed","The Hierophant","The Marked","The Mystic","The Runesmith","The Senshi","The Spell Scribe"],"gold_per_floor":[114,114,127,127,52,87,104,132,201,233,243,275,275,287,287,389,389,399,399,414,414,414],"floor_reached":21,"language":"ENG","playtime":992,"items_purged":["theMarked:Strike"],"score":272,"play_id":"68c1c45d-36da-4615-926a-4807941d1b4f","local_time":"20210118124800","is_ascension_mode":true,"campfire_choices":[{"floor":13,"key":"REST"},{"data":"theMarked:Reabsorb","floor":15,"key":"SMITH"}],"circlet_count":0,"master_deck":["theMarked:Strike","theMarked:Strike","theMarked:Defend","theMarked:Defend","theMarked:Defend","theMarked:Defend","theMarked:SoldierOfQuellstein","theMarked:ElementalBlade","theMarked:UnarmedFury","theMarked:HeightenedSenses","theMarked:MysticalArsenal","theMarked:Opportunist","theMarked:TakeOffHeels","theMarked:SelfDefenseTraining","theMarked:Improvise","theMarked:Reabsorb+1","theMarked:Levitate","theMarked:DeterminationOfTheMarked","theMarked:Standoff+1"],"relics":["theMarked:ArtifactOfAir","Bird Faced Urn","Strawberry","InkBottle","White Beast Statue","Potion Belt","SacredBark"],"acts_visited":["Exordium","TheCity"],"potions_floor_usage":[8,12,18,20],"damage_taken":[{"damage":2,"enemies":"Jaw Worm","floor":1,"turns":3},{"damage":3,"enemies":"Small Slimes","floor":3,"turns":2},{"damage":10,"enemies":"3 Sentries","floor":6,"turns":8},{"damage":0,"enemies":"2 Louse","floor":7,"turns":1},{"damage":30,"enemies":"Gremlin Nob","floor":8,"turns":5},{"damage":25,"enemies":"3 Sentries","floor":10,"turns":9},{"damage":11,"enemies":"Lots of Slimes","floor":11,"turns":5},{"damage":22,"enemies":"Gremlin Nob","floor":12,"turns":4},{"damage":4,"enemies":"Exordium Wildlife","floor":14,"turns":4},{"damage":24,"enemies":"Slime Boss","floor":16,"turns":10},{"damage":2,"enemies":"2 Thieves","floor":18,"turns":3},{"damage":12,"enemies":"Snake Plant","floor":20,"turns":7},{"damage":14,"enemies":"3 Cultists","floor":21,"turns":5}],"seed_played":"-3265504188351702017","potions_obtained":[{"floor":1,"key":"Guardian:BlockOnCardUsePotion"},{"floor":3,"key":"FairyPotion"},{"floor":11,"key":"Swift Potion"},{"floor":12,"key":"Fire Potion"},{"floor":14,"key":"FearPotion"},{"floor":16,"key":"ColorlessPotion"},{"floor":18,"key":"EssenceOfSteel"},{"floor":20,"key":"champ:CounterPotion"}],"is_trial":false,"path_per_floor":["M","?","M","?","$","E","M","E","T","E","M","E","R","M","R","B",null,"M","?","M","M"],"character_chosen":"THE_DEFAULT","items_purchased":[],"campfire_rested":1,"item_purchase_floors":[],"current_hp_per_floor":[68,68,65,58,58,48,48,27,27,6,24,6,31,29,29,7,65,63,63,55,49,49],"gold":414,"neow_bonus":"TEN_PERCENT_HP_BONUS","is_daily":false,"chose_seed":false,"campfire_upgraded":1,"win_rate":0.0,"timestamp":1610966880,"path_taken":["M","?","M","?","?","E","M","E","T","E","M","E","R","M","R","BOSS","M","?","M","?"],"items_purchased_type":[],"build_version":"2020-12-22","purchased_purges":1,"victory":false,"max_hp_per_floor":[77,77,77,77,77,77,77,84,84,84,84,84,84,84,84,84,84,84,84,84,84,84],"card_choices":[{"not_picked":["theMarked:ChainLightning","theMarked:WardOff"],"picked":"theMarked:ElementalBlade","floor":1},{"not_picked":["theMarked:ChainLightning","theMarked:TwofoldDefense"],"picked":"theMarked:UnarmedFury","floor":3},{"not_picked":["theMarked:ResourceFulStrike","theMarked:Parkour"],"picked":"theMarked:HeightenedSenses","floor":6},{"not_picked":["theMarked:TwofoldDefense","theMarked:RepellingDischarge"],"picked":"theMarked:MysticalArsenal","floor":7},{"not_picked":["theMarked:ResourceFulStrike","theMarked:Frustration"],"picked":"theMarked:Opportunist","floor":8},{"not_picked":["theMarked:Parry","theMarked:EmpowerWeapon"],"picked":"theMarked:TakeOffHeels","floor":10},{"not_picked":["theMarked:ElementalBlade","theMarked:WardOff"],"picked":"theMarked:SelfDefenseTraining","floor":11},{"not_picked":["theMarked:Seal","theMarked:WardOff"],"picked":"theMarked:Improvise","floor":12},{"not_picked":["theMarked:Overthink","theMarked:ResourceFulStrike"],"picked":"theMarked:Reabsorb","floor":14},{"not_picked":["theMarked:SuspiciousRaven","theMarked:MagicAdept"],"picked":"theMarked:Levitate","floor":16},{"not_picked":["theMarked:Convert","theMarked:WastefulAttack"],"picked":"theMarked:DeterminationOfTheMarked","floor":18},{"not_picked":["theMarked:HeritageOfTheMarked","theMarked:BanishingStrike+1"],"picked":"theMarked:Standoff+1","floor":20}],"player_experience":2873577,"relics_obtained":[{"floor":6,"key":"Bird Faced Urn"},{"floor":8,"key":"Strawberry"},{"floor":9,"key":"InkBottle"},{"floor":10,"key":"White Beast Statue"},{"floor":12,"key":"Potion Belt"}],"event_choices":[{"cards_removed":["theMarked:Strike"],"damage_healed":0,"gold_gain":0,"player_choice":"Card Removal","damage_taken":7,"max_hp_gain":0,"max_hp_loss":0,"event_name":"Golden Wing","floor":4,"gold_loss":0},{"cards_removed":["theMarked:Strike"],"damage_healed":0,"gold_gain":0,"player_choice":"Offered Basic","damage_taken":0,"max_hp_gain":0,"max_hp_loss":0,"event_name":"Bonfire Elementals","floor":19,"gold_loss":0}],"is_beta":false,"boss_relics":[{"not_picked":["Philosopher\u0027s Stone","Black Star"],"picked":"SacredBark"}],"items_purged_floors":[5],"is_endless":false,"potions_floor_spawned":[1,3,11,12,14,16,18,20],"killed_by":"3 Cultists","ascension_level":6}}