{"host":"jvd5k9mqzerszifx","time":1610958515,"event":{"mods":["AchievementEnabler","Act Like it!","BaseMod","Better Note","Better Third Choice","Colored Map","Colored Powertips","Conspire","DeckTracker","Gensokyo","GungeonMod","Hallownest","Hermit","Hubris","Infinite Spire","Jorbs\u0027s Wanderer Trilogy","Koishi","Marisa（F雨　魔理沙）","Minty Spire (QoL Compilation)","MostiFishMod","Relic Stats","Replay The Spire","Reworked Bosses","Spicy Shops","StSLib","The Administrix","The Bug Knight","The Cursed","The Factory","The Hierophant","The Jungle","The Servant 0.9.4","【功能Mod】聪明的最终Boss"],"gold_per_floor":[139,139,184,134,134,209,209,305,380,482,533,533,608,22,22,337,337,385,385,355,412,460,460,565,646,646,742,120,120,120,4,4,316,316,373,373,424,182,0,0,87,180,252,252,152,152,182,182,182,182,182,182,52,133,133],"floor_reached":56,"language":"ZHS","playtime":2937,"items_purged":[],"score":1826,"play_id":"468a29e7-2731-4eba-94fd-4a2511966294","local_time":"20210118162835","is_ascension_mode":true,"campfire_choices":[{"data":"TheCursedMod:Strike_TheCursed","floor":7,"key":"SMITH"},{"data":"TheCursedMod:Strike_TheCursed","floor":7,"key":"PURGE"},{"data":"TheCursedMod:Strike_TheCursed","floor":7,"key":"PURGE"},{"data":"TheCursedMod:Defend_TheCursed","floor":7,"key":"PURGE"},{"data":"TheCursedMod:Defend_TheCursed","floor":7,"key":"PURGE"},{"data":"TheCursedMod:Defend_TheCursed","floor":7,"key":"SMITH"},{"data":"TheCursedMod:CursedWand","floor":7,"key":"SMITH"},{"data":"TheCursedMod:CleanUpWorkshop","floor":7,"key":"SMITH"},{"data":"TheCursedMod:Hemoplague","floor":7,"key":"SMITH"},{"data":"TheCursedMod:VitalStrike","floor":7,"key":"SMITH"},{"data":"TheCursedMod:DoubleShield","floor":7,"key":"SMITH"},{"floor":7,"key":"REST"},{"data":"TheCursedMod:CircleOfAmplification","floor":12,"key":"SMITH"},{"data":"TheCursedMod:SpitefulPlan","floor":12,"key":"SMITH"},{"data":"TheCursedMod:CursedShiv","floor":12,"key":"SMITH"},{"floor":12,"key":"RECALL"},{"data":"TheCursedMod:SmokeScreen","floor":15,"key":"SMITH"},{"floor":15,"key":"REST"},{"data":"TheCursedMod:DemonSword","floor":23,"key":"SMITH"},{"data":"TheCursedMod:CircleOfCorruption","floor":23,"key":"SMITH"},{"data":"Replay:Fractal Strike","floor":23,"key":"SMITH"},{"data":"TheCursedMod:HellfireBreathing","floor":23,"key":"SMITH"},{"floor":23,"key":"REST"},{"data":"TheCursedMod:CircleOfFlame","floor":29,"key":"SMITH"},{"data":"TheCursedMod:CursedSpellbook","floor":29,"key":"SMITH"},{"data":"TheCursedMod:CursedSpellbook","floor":29,"key":"SMITH"},{"data":"hubris:Insight","floor":29,"key":"SMITH"},{"floor":29,"key":"REST"},{"data":"Replay:Sssssssssstrike","floor":32,"key":"SMITH"},{"floor":32,"key":"REST"},{"data":"TheCursedMod:OutForBlood","floor":40,"key":"SMITH"},{"data":"TheCursedMod:SoulReap","floor":40,"key":"SMITH"},{"data":"Swift Strike","floor":40,"key":"SMITH"},{"floor":40,"key":"REST"},{"data":"TheCursedMod:Strike_TheCursed+1","floor":44,"key":"PURGE"},{"data":"TheCursedMod:Defend_TheCursed+1","floor":44,"key":"PURGE"},{"data":"TheCursedMod:CollectTribute","floor":44,"key":"SMITH"},{"floor":44,"key":"REST"},{"floor":49,"key":"REST"},{"floor":52,"key":"REST"}],"circlet_count":0,"master_deck":["TheCursedMod:CursedWand+1","TheCursedMod:CleanUpWorkshop+1","TheCursedMod:Dregs","TheCursedMod:Hemoplague+1","TheCursedMod:VitalStrike+1","TheCursedMod:DoubleShield+1","TheCursedMod:CircleOfAmplification+1","TheCursedMod:SpitefulPlan+1","TheCursedMod:CursedShiv+1","TheCursedMod:SmokeScreen+1","TheCursedMod:DemonSword+1","TheCursedMod:CircleOfCorruption+1","Replay:Fractal Strike+1","TheCursedMod:Torture+1","TheCursedMod:HellfireBreathing+1","TheCursedMod:CursedBoomerang+1","TheCursedMod:CircleOfFlame+1","TheCursedMod:CircleOfCorruption+1","TheCursedMod:CursedSpellbook+1","TheCursedMod:CursedSpellbook+1","hubris:Insight+1","Replay:Sssssssssstrike+1","TheCursedMod:OutForBlood+1","TheCursedMod:PrepareRite+1","TheCursedMod:HellfireBreathing+1","TheCursedMod:SoulReap+1","Swift Strike+1","TheCursedMod:CollectTribute+1","TheCursedMod:Stigma+1","TheCursedMod:CursedBlade+1","TheCursedMod:EmpowerCircles+1","TheCursedMod:SpitefulPray","TheCursedMod:Stretching"],"relics":["Peace Pipe","Ginger","Turnip","Unceasing Top","Omamori","Ice Cream","The Courier","Medical Kit","WingedGreaves","HandDrill","Frozen Eye","Blue Candle","DaveBox","HaiYi:Twilight","Eternal Feather","SynthV:TestCard","ReplayTheSpireMod:Ring of Exchange","infinitespire:Lucky Rock","Regal Pillow","DemoMod:ClearGuonStone","Replay:Bottled Flurry","infinitespire:Lychee Nut","conspire:TreasureMap","Singing Bowl","DemoMod:MemoryAlloy","TheAbacus","Replay:Bronze Core","infinitespire:Broken Mirror","PreservedInsect","hubris:SlimyHat","Pear","DemoMod:GlassGuonStoneRelic","HornCleat","Replay:Bottled Steam","BionicSphere","Bronze Scales","OrangePellets","Strawberry","hubris:TenFootPole","Red Mask","Molten Egg 2","Onion Ring","Replay:Bottled Snecko","DemoMod:OrangeGuonStone","BranchBurnRelic","ReplayTheSpireMod:Lightbulb"],"acts_visited":["Exordium","TheCity","TheBeyond","TheEnding"],"potions_floor_usage":[6,10,25,25,27,50,55,55],"damage_taken":[{"damage":5,"enemies":"Cultist","floor":1,"turns":4},{"damage":0,"enemies":"2 Louse","floor":3,"turns":3},{"damage":15,"enemies":"Lagavulin","floor":6,"turns":6},{"damage":3,"enemies":"Gremlin Nob","floor":8,"turns":4},{"damage":0,"enemies":"Replay:BlueRogue","floor":10,"turns":3},{"damage":0,"enemies":"Small Slimes","floor":11,"turns":2},{"damage":0,"enemies":"Gremlin Nob","floor":13,"turns":4},{"damage":0,"enemies":"Slime Boss","floor":16,"turns":8},{"damage":0,"enemies":"Shell Parasite","floor":18,"turns":5},{"damage":0,"enemies":"3 Byrds","floor":21,"turns":4},{"damage":21,"enemies":"Cultist and Chosen","floor":22,"turns":7},{"damage":0,"enemies":"conspire:Head Lice","floor":24,"turns":4},{"damage":0,"enemies":"Replay:Snechameleon","floor":25,"turns":2},{"damage":8,"enemies":"Gremlin Leader","floor":27,"turns":4},{"damage":0,"enemies":"bossMod:newChamp","floor":33,"turns":4},{"damage":0,"enemies":"Orb Walker","floor":35,"turns":1},{"damage":0,"enemies":"3 Shapes","floor":37,"turns":3},{"damage":0,"enemies":"Reptomancer","floor":41,"turns":3},{"damage":0,"enemies":"Nemesis","floor":42,"turns":1},{"damage":4,"enemies":"Transient","floor":47,"turns":4},{"damage":1,"enemies":"bossMod:newShapes","floor":50,"turns":3},{"damage":0,"enemies":"Shield and Spear","floor":54,"turns":2},{"damage":0,"enemies":"The Heart","floor":55,"turns":3}],"seed_played":"-971158310215693842","potions_obtained":[{"floor":1,"key":"Block Potion"},{"floor":8,"key":"Dexterity Potion"},{"floor":10,"key":"BlessingOfTheForge"},{"floor":20,"key":"DistilledChaos"},{"floor":20,"key":"Cursed Concoction"},{"floor":33,"key":"Dexterity Potion"},{"floor":35,"key":"SteroidPotion"},{"floor":37,"key":"Weak Potion"},{"floor":42,"key":"SpeedPotion"}],"is_trial":false,"path_per_floor":["M","?","M","?","?","E","R","E","T","E","M","R","E","$","R","B",null,"M","AVR","?","M","M","R","E","E","T","E","$","R","?","$","R","B",null,"M","?","M","$","?","R","E","E","T","R","$","T","M","AVR","R","B",null,"R","$","E","B",null],"character_chosen":"THE_CURSED","items_purchased":["conspire:TreasureMap","Singing Bowl","DemoMod:MemoryAlloy","TheAbacus","TheCursedMod:CursedSpellbook","Replay:Bottled Steam","BionicSphere","hubris:Insight","Bronze Scales","Strawberry","hubris:TenFootPole","Swift Strike","Dead Branch","TheCursedMod:EmpowerCircles+1","TheCursedMod:SpitefulPray"],"campfire_rested":9,"item_purchase_floors":[14,14,14,14,28,28,28,28,31,38,38,38,45,53,53],"current_hp_per_floor":[70,70,70,70,70,55,75,72,72,72,72,75,56,56,56,56,56,56,56,56,56,35,56,56,56,66,61,61,66,48,48,66,66,66,66,66,66,73,73,73,73,73,73,73,73,73,71,71,73,73,73,73,73,73,73],"gold":133,"neow_bonus":"BOSS_RELIC","is_daily":false,"chose_seed":false,"campfire_upgraded":24,"win_rate":0.0,"timestamp":1610958515,"path_taken":["M","?","M","?","?","E","R","E","T","E","?","R","E","$","R","BOSS","M","AVR","?","?","?","R","E","E","T","E","$","R","?","?","R","BOSS","M","?","?","?","?","R","E","E","T","R","?","?","?","AVR","R","BOSS","R","$","E","BOSS"],"items_purchased_type":["Relic","Relic","Relic","Relic","Card","Relic","Relic","Card","Relic","Relic","Relic","Card","Relic","Card","Card"],"build_version":"2020-12-22","purchased_purges":0,"victory":true,"max_hp_per_floor":[75,75,75,75,75,75,75,75,75,75,75,75,56,56,56,56,56,56,56,56,56,56,56,56,56,66,66,66,66,66,66,66,66,66,66,66,66,73,73,73,73,73,73,73,73,73,73,73,73,73,73,73,73,73,73],"relic_stats":{"Regal Pillow":0,"Singing Bowl":0,"counters":[23,83],"Blue Candle":[4],"Eternal Feather":37,"PreservedInsect":329,"Ginger":[8],"Medical Kit":[10],"Peace Pipe":6,"OrangePellets":[1],"TheAbacus":[150],"Bronze Scales":[39],"Turnip":[4],"HandDrill":[52],"obtain_stats":[{"Ice Cream":0,"ReplayTheSpireMod:Ring of Exchange":2,"Regal Pillow":8,"DaveBox":0,"Singing Bowl":14,"DemoMod:GlassGuonStoneRelic":1,"hubris:SlimyHat":25,"Ginger":0,"Frozen Eye":0,"BranchBurnRelic":49,"TheAbacus":14,"HornCleat":27,"Replay:Bronze Core":17,"Strawberry":38,"WingedGreaves":0,"HandDrill":0,"Replay:Bottled Flurry":10,"Red Mask":39,"Replay:Bottled Snecko":46,"DemoMod:ClearGuonStone":9,"Replay:Bottled Steam":28,"TheCursedMod:BlackMagic101":0,"conspire:TreasureMap":14,"Pear":26,"DemoMod:MemoryAlloy":14,"Blue Candle":0,"Dead Branch":45,"DemoMod:OrangeGuonStone":48,"Eternal Feather":1,"The Courier":0,"PreservedInsect":24,"Omamori":0,"infinitespire:Lucky Rock":6,"Medical Kit":0,"Peace Pipe":0,"OrangePellets":34,"SynthV:TestCard":1,"HaiYi:Twilight":0,"infinitespire:Lychee Nut":13,"infinitespire:Broken Mirror":19,"BionicSphere":28,"Bronze Scales":31,"Molten Egg 2":41,"Onion Ring":42,"Turnip":0,"hubris:TenFootPole":38,"ReplayTheSpireMod:Lightbulb":54,"Unceasing Top":0},{"Ice Cream":0,"ReplayTheSpireMod:Ring of Exchange":1,"Regal Pillow":4,"DaveBox":0,"Singing Bowl":7,"DemoMod:GlassGuonStoneRelic":1,"hubris:SlimyHat":13,"Ginger":0,"Frozen Eye":0,"BranchBurnRelic":20,"TheAbacus":7,"HornCleat":14,"Replay:Bronze Core":8,"Strawberry":17,"WingedGreaves":0,"HandDrill":0,"Replay:Bottled Flurry":5,"Red Mask":17,"Replay:Bottled Snecko":19,"DemoMod:ClearGuonStone":4,"Replay:Bottled Steam":14,"TheCursedMod:BlackMagic101":0,"conspire:TreasureMap":7,"Pear":13,"DemoMod:MemoryAlloy":7,"Blue Candle":0,"Dead Branch":19,"DemoMod:OrangeGuonStone":20,"Eternal Feather":1,"The Courier":0,"PreservedInsect":12,"Omamori":0,"infinitespire:Lucky Rock":3,"Medical Kit":0,"Peace Pipe":0,"OrangePellets":15,"SynthV:TestCard":1,"HaiYi:Twilight":0,"infinitespire:Lychee Nut":7,"infinitespire:Broken Mirror":9,"BionicSphere":14,"Bronze Scales":14,"Molten Egg 2":18,"Onion Ring":19,"Turnip":0,"hubris:TenFootPole":17,"ReplayTheSpireMod:Lightbulb":22,"Unceasing Top":0},{"Ice Cream":0,"ReplayTheSpireMod:Ring of Exchange":4,"Regal Pillow":17,"DaveBox":0,"Singing Bowl":26,"DemoMod:GlassGuonStoneRelic":4,"hubris:SlimyHat":55,"Ginger":0,"Frozen Eye":0,"BranchBurnRelic":75,"TheAbacus":26,"HornCleat":59,"Replay:Bronze Core":34,"Strawberry":67,"WingedGreaves":0,"HandDrill":0,"Replay:Bottled Flurry":20,"Red Mask":67,"Replay:Bottled Snecko":71,"DemoMod:ClearGuonStone":17,"Replay:Bottled Steam":59,"TheCursedMod:BlackMagic101":0,"conspire:TreasureMap":26,"Pear":55,"DemoMod:MemoryAlloy":26,"Blue Candle":0,"Dead Branch":71,"DemoMod:OrangeGuonStone":75,"Eternal Feather":1,"The Courier":0,"PreservedInsect":54,"Omamori":0,"infinitespire:Lucky Rock":13,"Medical Kit":0,"Peace Pipe":0,"OrangePellets":63,"SynthV:TestCard":4,"HaiYi:Twilight":0,"infinitespire:Lychee Nut":26,"infinitespire:Broken Mirror":39,"BionicSphere":59,"Bronze Scales":59,"Molten Egg 2":70,"Onion Ring":71,"Turnip":0,"hubris:TenFootPole":67,"ReplayTheSpireMod:Lightbulb":80,"Unceasing Top":0}],"Unceasing Top":[36]},"card_choices":[{"not_picked":["TheCursedMod:CircleOfFlame","TheCursedMod:CursedMace"],"picked":"TheCursedMod:Hemoplague","floor":1},{"not_picked":["TheCursedMod:SmokeScreen","TheCursedMod:CircleOfFocus","TheCursedMod:Stretching","TheCursedMod:Stigma"],"picked":"TheCursedMod:VitalStrike","floor":3},{"not_picked":["TheCursedMod:FuryStrike","TheCursedMod:SpitefulPlan","TheCursedMod:EmpowerCircles","TheCursedMod:Torture"],"picked":"TheCursedMod:DoubleShield","floor":6},{"not_picked":["TheCursedMod:FleshFromBone","TheCursedMod:Hemoplague","TheCursedMod:CursedBoomerang","TheCursedMod:CursedMace"],"picked":"TheCursedMod:CircleOfAmplification","floor":8},{"not_picked":["TheCursedMod:StunningStrike","TheCursedMod:CircleOfAmplification","TheCursedMod:SmokeScreen","TheCursedMod:SoulCrush"],"picked":"TheCursedMod:SpitefulPlan","floor":10},{"not_picked":["TheCursedMod:Stigma","TheCursedMod:RapidMovement","TheCursedMod:CursedMace","TheCursedMod:Wield"],"picked":"TheCursedMod:CursedShiv","floor":11},{"not_picked":["TheCursedMod:VitalStrike","TheCursedMod:SurpriseAttack","TheCursedMod:CursedAmulet","TheCursedMod:Stretching"],"picked":"TheCursedMod:SmokeScreen","floor":13},{"not_picked":["TheCursedMod:StunningStrike","TheCursedMod:OutForBlood","TheCursedMod:CursedRelics","TheCursedMod:ManaCirculation"],"picked":"TheCursedMod:DemonSword","floor":16},{"not_picked":["TheCursedMod:Obscuration","TheCursedMod:CursedBoomerang","TheCursedMod:StingEye+1","TheCursedMod:SpitefulStrike"],"picked":"TheCursedMod:CircleOfCorruption","floor":18},{"not_picked":["TheCursedMod:AbyssShockwave+1","TheCursedMod:AntiAging","TheCursedMod:RapidMovement","TheCursedMod:VitalStrike"],"picked":"TheCursedMod:Torture+1","floor":21},{"not_picked":["TheCursedMod:CursedBlade","TheCursedMod:CursedBoomerang","TheCursedMod:RavingStaff","TheCursedMod:WearCloak"],"picked":"TheCursedMod:HellfireBreathing","floor":22},{"not_picked":["TheCursedMod:SpitefulPlan","TheCursedMod:SmokeScreen","TheCursedMod:SoulCrush+1","TheCursedMod:BloodBarrier"],"picked":"TheCursedMod:CursedBoomerang+1","floor":24},{"not_picked":["TheCursedMod:CursedArmor","TheCursedMod:Neurasthenia","TheCursedMod:ReleasedKnowledge","TheCursedMod:WearCloak+1"],"picked":"TheCursedMod:CircleOfFlame","floor":25},{"not_picked":["TheCursedMod:RavingStaff+1","TheCursedMod:AshesToAshes","TheCursedMod:ReleasedStrength","TheCursedMod:SpitefulPlan"],"picked":"TheCursedMod:CircleOfCorruption+1","floor":27},{"not_picked":["TheCursedMod:AntiAging","TheCursedMod:VoidForm","TheCursedMod:ForbiddenAlchemy","TheCursedMod:UltimatePain"],"picked":"TheCursedMod:OutForBlood","floor":33},{"not_picked":["TheCursedMod:CircleOfCorruption+1","TheCursedMod:HellsGateOpen","TheCursedMod:TacticalStrike","TheCursedMod:BloodBarrier+1"],"picked":"TheCursedMod:PrepareRite+1","floor":35},{"not_picked":["TheCursedMod:RapidMovement+1","TheCursedMod:CursedMace","TheCursedMod:PrepareRite","TheCursedMod:SpitefulStrike"],"picked":"TheCursedMod:SoulReap","floor":37},{"not_picked":["TheCursedMod:CursedShiv+1","TheCursedMod:SmokeScreen","TheCursedMod:UltimatePain","TheCursedMod:DoubleShield"],"picked":"TheCursedMod:CollectTribute","floor":41},{"not_picked":["TheCursedMod:RavingStaff+1","TheCursedMod:Obscuration","TheCursedMod:CursedShiv+1","TheCursedMod:Neurasthenia"],"picked":"TheCursedMod:Stigma+1","floor":42},{"not_picked":["TheCursedMod:SpitefulPray","TheCursedMod:BlessingInDisguise","TheCursedMod:CursedStaff+1","TheCursedMod:Stretching"],"picked":"TheCursedMod:CursedBlade+1","floor":47},{"not_picked":["TheCursedMod:RavingStaff+1","TheCursedMod:Wield+1","TheCursedMod:BloodBarrier","TheCursedMod:CursedAmulet+1"],"picked":"TheCursedMod:Stretching","floor":54}],"player_experience":286341,"relics_obtained":[{"floor":1,"key":"SynthV:TestCard"},{"floor":2,"key":"ReplayTheSpireMod:Ring of Exchange"},{"floor":6,"key":"infinitespire:Lucky Rock"},{"floor":8,"key":"Regal Pillow"},{"floor":9,"key":"DemoMod:ClearGuonStone"},{"floor":10,"key":"Replay:Bottled Flurry"},{"floor":13,"key":"infinitespire:Lychee Nut"},{"floor":24,"key":"PreservedInsect"},{"floor":25,"key":"hubris:SlimyHat"},{"floor":26,"key":"Pear"},{"floor":27,"key":"HornCleat"},{"floor":41,"key":"Molten Egg 2"},{"floor":42,"key":"Onion Ring"},{"floor":46,"key":"Replay:Bottled Snecko"},{"floor":54,"key":"ReplayTheSpireMod:Lightbulb"}],"event_choices":[{"cards_removed":["TheCursedMod:Strike_TheCursed"],"damage_healed":0,"gold_gain":0,"player_choice":"Card Removal","damage_taken":0,"max_hp_gain":0,"max_hp_loss":0,"event_name":"The Cleric","floor":4,"gold_loss":50},{"cards_removed":["TheCursedMod:Defend_TheCursed"],"damage_healed":0,"gold_gain":0,"player_choice":"Forget","damage_taken":0,"max_hp_gain":0,"max_hp_loss":0,"event_name":"Living Wall","floor":5,"gold_loss":0},{"damage_healed":0,"gold_gain":0,"player_choice":"Bought 2 Potions","damage_taken":0,"max_hp_gain":0,"max_hp_loss":0,"event_name":"The Woman in Blue","floor":20,"gold_loss":0},{"damage_healed":0,"gold_gain":0,"player_choice":"POTION CARD ","damage_taken":18,"max_hp_gain":0,"max_hp_loss":0,"event_name":"Knowing Skull","floor":30,"potions_obtained":["conspire:TimeTravelPotion"],"gold_loss":0,"cards_obtained":["Replay:Sssssssssstrike"]},{"damage_healed":0,"gold_gain":0,"player_choice":"Copied","damage_taken":0,"max_hp_gain":0,"max_hp_loss":0,"event_name":"Duplicator","floor":36,"gold_loss":0,"cards_obtained":["TheCursedMod:HellfireBreathing"]},{"damage_healed":0,"gold_gain":0,"player_choice":"Paid","damage_taken":0,"relics_obtained":["Red Mask"],"max_hp_gain":0,"max_hp_loss":0,"event_name":"Tomb of Lord Red Mask","floor":39,"gold_loss":182}],"is_beta":false,"boss_relics":[{"not_picked":["hubris:TerracottaHorce","SacredBark"],"picked":"Replay:Bronze Core"},{"not_picked":["Replay:Drink Me","Transparent"],"picked":"OrangePellets"}],"items_purged_floors":[],"is_endless":false,"potions_floor_spawned":[1,8,10,21,22,24,33,35,37,42],"ascension_level":1}}