{"host":"kvq1t47bkvtg8ho9","time":1610933538,"event":{"mods":["Aspiration","Bard","BaseMod","Beaked The Cultist","Better Sensory Stone","Better Third Choice","BetterRewards","Clockwork Mod","Colored Map","Conspire","Downfall","Energized Spire","Friendly Minions","Hermit","HexUI Lib","Highlight Path","Hubris","Infinite Spire","Minty Spire (QoL Compilation)","READ ME - Guardian Mod","Relic Stats","Somnambulant","StSLib","The Bladedancer","The Bug Knight","The Cursed","The Disciple","The Forsaken","The Jungle","The Marked","The Necromancer","The Runesmith"],"gold_per_floor":[99,119,132,132,132,132,132,22,40,55,73,90,90,105,118,216,216,216,234,253,272,282,292,292,56,75,94,94,94,194,194,194],"floor_reached":30,"language":"ENG","playtime":3024,"items_purged":[],"score":255,"play_id":"15184874-7d7e-49fc-be53-d1b024340f8f","local_time":"20210117203218","is_ascension_mode":false,"campfire_choices":[{"data":"champ:Taunt","floor":1,"key":"SMITH"},{"floor":13,"key":"REST"},{"data":"champ:ShieldWall","floor":18,"key":"SMITH"}],"circlet_count":0,"master_deck":["champ:Strike","champ:Strike","champ:Defend","champ:Defend","champ:Defend","champ:Execute","champ:Taunt+1","champ:PerfectedStrike","champ:ArenaPreparation","Injury","champ:ShieldWall+1","champ:StanceDance+1","champ:DeathBlow","champ:Endure+1","champ:GutPunch","champ:BringItOn+1","champ:BladeFlurry","champ:Endure+1","champ:FocusedDefense+1","champ:EnragedBash","champ:LastStand","champ:PreemptiveStrike+1","champ:HeartStrike+1","champ:TripleStrike+1","champ:BerserkersShout+1","champ:EnGarde+1","champ:SkillfulDodge+1","champ:GutPunch+1","champ:PerfectedStrike","champ:StanceDance+1","champ:IronFortress","champ:StanceDance+1","champ:EnGarde+1","champ:CrookedStrike","champ:Circumvent+1","champ:Parry+1"],"relics":["champ:ChampionCrown","hubris:Towel","Toxic Egg 2","Dream Catcher","Astrolabe","theForsaken:ScaryMask","hubris:Icosahedron"],"acts_visited":["Exordium","TheCity"],"potions_floor_usage":[8,11,12,14,21,23,26,30],"damage_taken":[{"damage":10,"enemies":"Small Slimes","floor":2,"turns":3},{"damage":0,"enemies":"2 Louse","floor":3,"turns":3},{"damage":20,"enemies":"downfall:FleeingMerchant","floor":8,"turns":4},{"damage":11,"enemies":"conspire:RoseBush","floor":9,"turns":1},{"damage":30,"enemies":"Gremlin Gang","floor":10,"turns":3},{"damage":0,"enemies":"2 Fungi Beasts","floor":11,"turns":2},{"damage":39,"enemies":"Exordium Wildlife","floor":12,"turns":3},{"damage":10,"enemies":"Large Slime","floor":14,"turns":3},{"damage":20,"enemies":"Exordium Thugs","floor":15,"turns":3},{"damage":106,"enemies":"WA_ARCHETYPE_RETAIN","floor":16,"turns":11},{"damage":28,"enemies":"Spheric Guardian","floor":19,"turns":5},{"damage":30,"enemies":"Chosen","floor":20,"turns":3},{"damage":71,"enemies":"Snake Plant","floor":21,"turns":6},{"damage":20,"enemies":"conspire:HollyBat","floor":22,"turns":8},{"damage":86,"enemies":"Sentry and Sphere","floor":23,"turns":6},{"damage":35,"enemies":"downfall:FleeingMerchant","floor":25,"turns":4},{"damage":75,"enemies":"3 Cultists","floor":26,"turns":7},{"damage":54,"enemies":"Snecko","floor":27,"turns":5},{"damage":25,"enemies":"Centurion and Healer","floor":30,"turns":5}],"seed_played":"7755391164160923849","potions_obtained":[{"floor":3,"key":"Block Potion"},{"floor":6,"key":"Fire Potion"},{"floor":6,"key":"champ:OpenerPotion"},{"floor":9,"key":"champ:OpenerPotion"},{"floor":11,"key":"champ:OpenerPotion"},{"floor":12,"key":"Fire Potion"},{"floor":21,"key":"Weak Potion"},{"floor":22,"key":"FairyPotion"},{"floor":27,"key":"hexamod:SoulburnPotion"}],"is_trial":false,"path_per_floor":["R","M","M","?","?","?","T","$","M","M","M","M","R","M","M","B",null,"R","M","M","M","M","M","T","$","M","M","?","?","M"],"character_chosen":"THE_CHAMP","items_purchased":["champ:StanceDance+1","champ:DeathBlow","champ:IronFortress","champ:StanceDance+1","champ:EnGarde+1","champ:CrookedStrike"],"campfire_rested":1,"item_purchase_floors":[8,8,25,25,25,25],"current_hp_per_floor":[99,99,99,99,99,99,99,99,98,88,88,74,99,99,94,43,99,99,91,91,70,70,45,45,45,44,15,15,15,0,0,0],"gold":194,"neow_bonus":"TEN_PERCENT_HP_BONUS","is_daily":false,"chose_seed":false,"campfire_upgraded":2,"win_rate":0.0,"timestamp":1610933538,"path_taken":["R","M","M","?","?","?","T","$","M","M","M","?","R","M","M","BOSS","R","M","M","M","M","M","T","$","M","M","?","?","M"],"items_purchased_type":["Card","Card","Card","Card","Card","Card"],"build_version":"2020-12-22","purchased_purges":0,"victory":false,"max_hp_per_floor":[99,99,99,99,99,99,99,99,99,99,99,99,99,99,99,99,99,99,99,99,99,99,99,99,99,99,99,99,99,99,99,99],"relic_stats":{"Dream Catcher":1,"counters":[19,85],"Astrolabe":["champ:PreemptiveStrike","champ:HeartStrike","champ:TripleStrike"],"obtain_stats":[{"Dream Catcher":7,"theForsaken:ScaryMask":24,"hubris:Icosahedron":29,"Astrolabe":17,"champ:ChampionCrown":0,"hubris:Towel":4,"Toxic Egg 2":5},{"Dream Catcher":2,"theForsaken:ScaryMask":15,"hubris:Icosahedron":18,"Astrolabe":10,"champ:ChampionCrown":0,"hubris:Towel":2,"Toxic Egg 2":2},{"Dream Catcher":6,"theForsaken:ScaryMask":64,"hubris:Icosahedron":80,"Astrolabe":36,"champ:ChampionCrown":0,"hubris:Towel":6,"Toxic Egg 2":6}]},"card_choices":[{"not_picked":["champ:CalledShot","champ:CrownThrow"],"picked":"champ:PerfectedStrike","floor":2},{"not_picked":["champ:BladeFlurry","champ:PreciseThrust"],"picked":"champ:ArenaPreparation","floor":3},{"not_picked":["champ:Circumvent+1","champ:CalledShot+1"],"picked":"champ:ShieldWall","floor":8},{"not_picked":["champ:AdrenalArmor+1","champ:Parry+1"],"picked":"champ:Endure+1","floor":9},{"not_picked":["champ:BladeFlurry","champ:RecklessLeap"],"picked":"champ:GutPunch","floor":10},{"not_picked":["champ:FanOfKnives","champ:StanceDance+1"],"picked":"champ:BringItOn+1","floor":11},{"not_picked":["champ:PerfectedStrike","champ:FalseCounter+1"],"picked":"champ:BladeFlurry","floor":12},{"not_picked":["champ:AdrenalArmor+1","champ:FlashCut"],"picked":"champ:Endure+1","floor":13},{"not_picked":["champ:FaceSlap","champ:CrookedStrike"],"picked":"champ:FocusedDefense+1","floor":14},{"not_picked":["champ:CrookedStrike","champ:PerfectedStrike"],"picked":"champ:EnragedBash","floor":15},{"not_picked":["champ:SteelEdge","champ:CheapShot"],"picked":"champ:LastStand","floor":16},{"not_picked":["champ:AdrenalArmor+1","champ:PerfectedStrike"],"picked":"champ:BerserkersShout+1","floor":19},{"not_picked":["champ:PreciseThrust","champ:CrownThrow+1"],"picked":"champ:EnGarde+1","floor":20},{"not_picked":["champ:Lariat+1","champ:Parry+1"],"picked":"champ:SkillfulDodge+1","floor":21},{"not_picked":["champ:CalledShot+1","champ:Backstep+1"],"picked":"champ:GutPunch+1","floor":22},{"not_picked":["champ:Endure+1","champ:GutPunch"],"picked":"champ:PerfectedStrike","floor":23},{"not_picked":["champ:EnGarde+1","champ:GladiatorStyle"],"picked":"champ:StanceDance+1","floor":25},{"not_picked":["champ:StanceDance+1","champ:PreciseThrust"],"picked":"champ:Circumvent+1","floor":26},{"not_picked":["champ:Shatter","champ:GutPunch"],"picked":"champ:Parry+1","floor":27}],"player_experience":783174,"relics_obtained":[{"floor":7,"key":"Dream Catcher"},{"floor":24,"key":"theForsaken:ScaryMask"}],"event_choices":[{"damage_healed":0,"gold_gain":0,"player_choice":"Got Potions","damage_taken":0,"max_hp_gain":0,"max_hp_loss":0,"event_name":"Lab","floor":6,"gold_loss":0},{"damage_healed":0,"gold_gain":0,"player_choice":"Leave","damage_taken":0,"max_hp_gain":0,"max_hp_loss":0,"event_name":"conspire:Investor","floor":28,"gold_loss":0}],"is_beta":false,"boss_relics":[{"not_picked":["conspire:SlowCooker","Runic Dome"],"picked":"Astrolabe"}],"items_purged_floors":[],"is_endless":false,"potions_floor_spawned":[3,9,11,12,21,22,27],"killed_by":"Centurion and Healer","ascension_level":0}}