{"host":"egwexuw5uvnxf11j","time":1610939124,"event":{"mods":["2.2 Compatiblity","Aspiration","BaseMod","Better Altar","Better Note","Better Sensory Stone","Better Third Choice","Displayed Cursed Tome","Downfall","Hermit","Key Reminder","Koishi","Marisa????????","Minty Spire (QoL Compilation)","Quick Restart","Shade Mod","Spicy Shops","StSLib","The Construct","The Cursed","The Hierophant","The Runesmith","The Senshi","The Servant 0.9.4","Transform Curses"],"gold_per_floor":[111,110,110,128,102,102,102,142,142,190,190,248,284,284],"floor_reached":13,"language":"ENG","playtime":949,"items_purged":[],"score":120,"play_id":"7a9e41b9-8838-4e12-b3b3-cf71abc9d53d","local_time":"20210117220524","is_ascension_mode":true,"campfire_choices":[{"floor":6,"key":"REST"},{"floor":11,"key":"REST"}],"circlet_count":0,"master_deck":["hierophant:Strike_Hierophant","hierophant:Strike_Hierophant","hierophant:Strike_Hierophant","hierophant:Strike_Hierophant","hierophant:Punish","hierophant:Defend_Hierophant","hierophant:Defend_Hierophant","hierophant:Defend_Hierophant","hierophant:Defend_Hierophant","hierophant:ChurchCoffers","hierophant:EyeForCoin","hierophant:Doubloon","hierophant:Chorus","hierophant:RustyCrate","hierophant:Doubloon","hierophant:Doubloon","hierophant:Doubloon","hierophant:Sermon","hierophant:Doubloon","hierophant:Kindle","hierophant:Doubloon","hierophant:ArchangelShield","hierophant:Doubloon","hierophant:OrnateBuckler","hierophant:Doubloon"],"relics":["hierophant:PropheticMaskRelic","Omamori","construct:RocketBooster","Slimebound:PreparedRelic"],"acts_visited":["Exordium"],"potions_floor_usage":[13,13],"damage_taken":[{"damage":7,"enemies":"Jaw Worm","floor":1,"turns":3},{"damage":1,"enemies":"Cultist","floor":2,"turns":4},{"damage":0,"enemies":"2 Louse","floor":4,"turns":2},{"damage":31,"enemies":"Exordium Thugs","floor":5,"turns":4},{"damage":8,"enemies":"2 Fungi Beasts","floor":8,"turns":4},{"damage":22,"enemies":"Red Slaver","floor":10,"turns":4},{"damage":25,"enemies":"Gremlin Gang","floor":12,"turns":5},{"damage":40,"enemies":"Gremlin Nob","floor":13,"turns":3}],"seed_played":"-7117788476324144981","potions_obtained":[{"floor":1,"key":"SkillPotion"},{"floor":2,"key":"Regen Potion"},{"floor":8,"key":"LiquidBronze"}],"is_trial":false,"path_per_floor":["M","M","?","M","M","R","?","M","T","M","R","M","E"],"character_chosen":"HIEROPHANT","items_purchased":[],"campfire_rested":2,"item_purchase_floors":[],"current_hp_per_floor":[68,67,60,60,29,51,59,51,51,29,51,26,0,0],"gold":284,"neow_bonus":"RANDOM_COMMON_RELIC","is_daily":false,"chose_seed":false,"campfire_upgraded":0,"win_rate":0.0,"timestamp":1610939124,"path_taken":["M","M","?","M","M","R","?","M","T","?","R","M","E"],"items_purchased_type":[],"build_version":"2020-12-22","purchased_purges":0,"victory":false,"max_hp_per_floor":[75,75,75,75,75,75,75,75,75,75,75,75,75,75],"card_choices":[{"not_picked":["hierophant:Upheaval","hierophant:TollTheBells"],"picked":"hierophant:EyeForCoin","floor":1},{"not_picked":["hierophant:DisplayOfPower","hierophant:Patience"],"picked":"hierophant:Chorus","floor":2},{"not_picked":["hierophant:Shelter","hierophant:Doubloon"],"picked":"hierophant:RustyCrate","floor":4},{"not_picked":["hierophant:RepressedViolence","hierophant:Blessing"],"picked":"hierophant:Sermon","floor":5},{"not_picked":["hierophant:Martyrdom","hierophant:SealAway"],"picked":"hierophant:Kindle","floor":8},{"not_picked":["hierophant:Shelter","hierophant:PristineSoul"],"picked":"hierophant:ArchangelShield","floor":10},{"not_picked":["hierophant:DisplayOfPower","hierophant:SecretStash"],"picked":"hierophant:OrnateBuckler","floor":12}],"player_experience":2247103,"relics_obtained":[{"floor":9,"key":"Slimebound:PreparedRelic"}],"event_choices":[{"damage_healed":0,"gold_gain":0,"player_choice":"Relic ","damage_taken":7,"max_hp_gain":0,"max_hp_loss":0,"event_name":"betterThird:BetterScrap","floor":3,"gold_loss":0,"cards_obtained":["Fasting2"]}],"is_beta":false,"boss_relics":[],"items_purged_floors":[],"is_endless":false,"potions_floor_spawned":[1,2,8],"killed_by":"Gremlin Nob","ascension_level":4}}