{"host":"77pvex58kafzx78l","time":1610956921,"event":{"mods":["BaseMod","Better Vampires","DeckTracker","Googly Eyes","Minty Spire (QoL Compilation)","Quick Restart","StSLib","SuperFastMode"],"gold_per_floor":[118,118,118,118,137,170,170,214,264,264,288,321,119,135,135,263,263,288,288,288,91,91,91,135,5,77,77,92,110,110,151,151,280,280,295,166,76,92,92,133,149,149,197,147,166,166,116,131,131,131,131,131,48,89,89],"floor_reached":56,"language":"ENG","playtime":1806,"items_purged":["Defend_P","Strike_P","Defend_P","Strike_P","Strike_P+1","FlyingSleeves+1","Defend_P+1"],"score":1302,"play_id":"bd3c9b63-574f-41f9-b78f-4973e2ccd537","local_time":"20210118160201","is_ascension_mode":true,"campfire_choices":[{"data":"Eruption","floor":7.0,"key":"SMITH"},{"data":"Adaptation","floor":10.0,"key":"SMITH"},{"data":"Wallop","floor":15.0,"key":"SMITH"},{"floor":23.0,"key":"RECALL"},{"floor":27.0,"key":"REST"},{"floor":32.0,"key":"REST"},{"floor":42.0,"key":"REST"},{"floor":46.0,"key":"REST"},{"floor":49,"key":"REST"},{"floor":52,"key":"REST"}],"circlet_count":0,"master_deck":["Eruption+1","Vigilance+1","Wallop+1","Adaptation+1","InnerPeace+1","Adaptation+1","LessonLearned+1","Fasting2+1","Fasting2+1","Vault+1","TalkToTheHand+1","TalkToTheHand+1","Adaptation+1","Study+1","Scrawl+1","Indignation+1"],"relics":["PureWater","NeowsBlessing","Golden Idol","Potion Belt","Pantograph","Smiling Mask","MealTicket","Fusion Hammer","OrangePellets","Dream Catcher","Boot","VioletLotus","Bag of Preparation","Strawberry","Pen Nib"],"acts_visited":["Exordium","TheCity","TheBeyond","TheEnding"],"potions_floor_usage":[55,55,55,55,55,55,55,55,55,55],"damage_taken":[{"damage":0.0,"enemies":"Small Slimes","floor":1.0,"turns":1.0},{"damage":0.0,"enemies":"Jaw Worm","floor":5.0,"turns":1.0},{"damage":0.0,"enemies":"3 Sentries","floor":6.0,"turns":1.0},{"damage":17.0,"enemies":"Gremlin Nob","floor":8.0,"turns":6.0},{"damage":0.0,"enemies":"Cultist","floor":11.0,"turns":2.0},{"damage":9.0,"enemies":"Lagavulin","floor":12.0,"turns":7.0},{"damage":12.0,"enemies":"Large Slime","floor":14.0,"turns":5.0},{"damage":13.0,"enemies":"The Guardian","floor":16.0,"turns":12.0},{"damage":18.0,"enemies":"Chosen","floor":18.0,"turns":6.0},{"damage":18.0,"enemies":"Book of Stabbing","floor":24.0,"turns":7.0},{"damage":8.0,"enemies":"3 Byrds","floor":28.0,"turns":6.0},{"damage":0.0,"enemies":"Centurion and Healer","floor":29.0,"turns":3.0},{"damage":20.0,"enemies":"Slavers","floor":31.0,"turns":5.0},{"damage":16.0,"enemies":"Collector","floor":33.0,"turns":9.0},{"damage":2.0,"enemies":"Orb Walker","floor":35.0,"turns":4.0},{"damage":0.0,"enemies":"3 Darklings","floor":38.0,"turns":5.0},{"damage":42.0,"enemies":"Nemesis","floor":40.0,"turns":5.0},{"damage":22.0,"enemies":"Sphere and 2 Shapes","floor":41.0,"turns":5.0},{"damage":4.0,"enemies":"Writhing Mass","floor":45.0,"turns":4.0},{"damage":0,"enemies":"4 Shapes","floor":48,"turns":4},{"damage":26,"enemies":"Time Eater","floor":50,"turns":5},{"damage":10,"enemies":"Shield and Spear","floor":54,"turns":3},{"damage":31,"enemies":"The Heart","floor":55,"turns":6}],"seed_played":"1927828923470043767","potions_obtained":[{"floor":6.0,"key":"PowerPotion"},{"floor":11.0,"key":"Energy Potion"},{"floor":12.0,"key":"Dexterity Potion"},{"floor":14.0,"key":"Strength Potion"},{"floor":24.0,"key":"BottledMiracle"},{"floor":33.0,"key":"LiquidMemories"},{"floor":35.0,"key":"Explosive Potion"},{"floor":40.0,"key":"Fire Potion"},{"floor":54,"key":"EntropicBrew"}],"is_trial":false,"path_per_floor":["M","?","?","?","M","E","R","E","T","R","M","E","$","M","R","B",null,"M","?","?","$","?","R","E","$","T","R","M","M","?","E","R","B",null,"M","$","?","M","?","E","M","R","T","$","M","R","$","M","R","B",null,"R","$","E","B",null],"character_chosen":"WATCHER","items_purchased":["Adaptation","LessonLearned","OrangePellets","Fasting2","Adaptation","Indignation"],"campfire_rested":6,"item_purchase_floors":[13,13,21,25,36,53],"current_hp_per_floor":[72,67,60,60,60,60,60,43,43,43,43,34,49,37,37,49,67,49,37,37,52,52,52,34,49,49,70,62,62,62,42,63,56,72,70,72,72,72,72,30,8,29,36,51,47,70,79,79,79,53,79,79,79,69,62],"gold":89,"neow_bonus":"THREE_ENEMY_KILL","is_daily":false,"chose_seed":false,"campfire_upgraded":3,"win_rate":0.0,"timestamp":1610956921,"path_taken":["M","?","?","?","M","E","R","E","T","R","?","E","$","M","R","BOSS","M","?","?","$","?","R","E","$","T","R","M","?","?","E","R","BOSS","M","$","?","?","?","E","M","R","T","$","M","R","$","M","R","BOSS","R","$","E","BOSS"],"items_purchased_type":["Card","Card","Relic","Card","Card","Card"],"build_version":"2020-12-22","purchased_purges":7,"victory":true,"max_hp_per_floor":[72,67,67,67,67,67,67,67,67,67,67,67,67,67,67,67,67,67,72,72,72,72,72,72,72,72,72,72,72,72,72,72,72,72,72,72,72,72,72,72,72,72,79,79,79,79,79,79,79,79,79,79,79,79,79],"card_choices":[{"not_picked":["EmptyFist","CrushJoints","Halt"],"picked":"SKIP","floor":1.0},{"not_picked":["Collect","LikeWater"],"picked":"Wallop","floor":5.0},{"not_picked":["Halt","SashWhip"],"picked":"FlyingSleeves","floor":6.0},{"not_picked":["Weave","Consecrate"],"picked":"Adaptation","floor":8.0},{"not_picked":["Wallop","Evaluate","PathToVictory"],"picked":"SKIP","floor":11.0},{"not_picked":["Nirvana","SashWhip"],"picked":"InnerPeace","floor":12.0},{"not_picked":["ClearTheMind","Perseverance","Halt"],"picked":"SKIP","floor":14.0},{"not_picked":["Ragnarok","LessonLearned"],"picked":"Vault","floor":16.0},{"not_picked":["EmptyFist","Pray","Evaluate+1"],"picked":"SKIP","floor":18.0},{"not_picked":["JustLucky","WaveOfTheHand","Protect+1"],"picked":"SKIP","floor":24.0},{"not_picked":["Prostrate","Halt"],"picked":"Fasting2","floor":28.0},{"not_picked":["DeceiveReality","Weave","EmptyMind"],"picked":"SKIP","floor":29.0},{"not_picked":["DevaForm","Meditate"],"picked":"TalkToTheHand","floor":31.0},{"not_picked":["FollowUp","Weave"],"picked":"TalkToTheHand+1","floor":32.0},{"not_picked":["Conclude","CutThroughFate+1","CrushJoints"],"picked":"SKIP","floor":35.0},{"not_picked":["Meditate","CutThroughFate","FlurryOfBlows"],"picked":"SKIP","floor":38.0},{"not_picked":["Protect","EmptyMind+1"],"picked":"Study","floor":40.0},{"not_picked":["Protect+1","ReachHeaven","EmptyBody"],"picked":"SKIP","floor":41.0},{"not_picked":["CrushJoints+1","FollowUp+1","EmptyBody"],"picked":"SKIP","floor":45.0},{"not_picked":["Evaluate","EmptyFist+1"],"picked":"Scrawl","floor":48},{"not_picked":["PathToVictory+1","FlyingSleeves","CutThroughFate+1"],"picked":"SKIP","floor":54}],"player_experience":236652,"relics_obtained":[{"floor":6.0,"key":"Potion Belt"},{"floor":8.0,"key":"Pantograph"},{"floor":9.0,"key":"Smiling Mask"},{"floor":12.0,"key":"MealTicket"},{"floor":24.0,"key":"Dream Catcher"},{"floor":31.0,"key":"Boot"},{"floor":40.0,"key":"Bag of Preparation"},{"floor":43.0,"key":"Strawberry"},{"floor":54,"key":"Pen Nib"}],"event_choices":[{"damage_healed":0.0,"max_hp_gain":0.0,"max_hp_loss":5.0,"gold_gain":0.0,"event_name":"Golden Idol","player_choice":"Lose Max HP","floor":2.0,"gold_loss":0.0,"damage_taken":0.0,"relics_obtained":["Golden Idol"]},{"cards_removed":["Defend_P"],"damage_healed":0.0,"max_hp_gain":0.0,"max_hp_loss":0.0,"gold_gain":0.0,"event_name":"Golden Wing","player_choice":"Card Removal","floor":3.0,"gold_loss":0.0,"damage_taken":7.0},{"damage_healed":0.0,"max_hp_gain":0.0,"max_hp_loss":0.0,"gold_gain":0.0,"event_name":"WeMeetAgain","player_choice":"Ignored","floor":4.0,"gold_loss":0.0,"damage_taken":0.0},{"damage_healed":0.0,"max_hp_gain":5.0,"max_hp_loss":0.0,"gold_gain":0.0,"event_name":"Forgotten Altar","player_choice":"Shed Blood","floor":19.0,"gold_loss":0.0,"damage_taken":17.0},{"damage_healed":0.0,"max_hp_gain":0.0,"max_hp_loss":0.0,"gold_gain":0.0,"event_name":"The Mausoleum","player_choice":"Ignored","floor":20.0,"gold_loss":0.0,"damage_taken":0.0},{"damage_healed":0.0,"max_hp_gain":0.0,"max_hp_loss":0.0,"gold_gain":0.0,"event_name":"Vampires","player_choice":"Ignored","floor":22.0,"gold_loss":0.0,"damage_taken":0.0},{"damage_healed":0.0,"max_hp_gain":0.0,"max_hp_loss":0.0,"gold_gain":0.0,"event_name":"The Library","player_choice":"Read","floor":30.0,"gold_loss":0.0,"damage_taken":0.0,"cards_obtained":["Vault"]},{"cards_removed":["Strike_P"],"damage_healed":0.0,"max_hp_gain":0.0,"max_hp_loss":0.0,"gold_gain":0.0,"event_name":"Designer","player_choice":"Upgrade and Remove","floor":37.0,"gold_loss":90.0,"damage_taken":0.0,"cards_upgraded":["Vault"]},{"cards_removed":["Vault"],"damage_healed":0.0,"max_hp_gain":0.0,"max_hp_loss":0.0,"gold_gain":0.0,"event_name":"Falling","player_choice":"Removed Skill","floor":39.0,"gold_loss":0.0,"damage_taken":0.0}],"is_beta":false,"boss_relics":[{"not_picked":["Philosopher\u0027s Stone","Tiny House"],"picked":"Fusion Hammer"},{"not_picked":["SacredBark","Velvet Choker"],"picked":"VioletLotus"}],"items_purged_floors":[13,21,25,36,44,47,53],"is_endless":false,"potions_floor_spawned":[6,11,12,14,24,33,35,40,54],"ascension_level":1}}