{"host":"krqozg1tp0zpuvz3","time":1610934616,"event":{"mods":["AchievementEnabler","BaseMod","Better Altar","Better Match","Better Note","Better Sensory Stone","Better Third Choice","BetterRewards","Colored Map","DeckTracker","Keyboard Shortcuts","Minty Spire (QoL Compilation)","Permanent Neow","Relic Stats","Shop Mod","StSLib","SuperFastMode"],"gold_per_floor":[118,133,133,33,44,44,59,20,20,39,57,57,71,96,96,170,170,185,214,89,108,119,119,129,154,154,183,183,195,195,195,195,271,271,286,299,149,174,189,189,221,221,221,256,256,256,276,276,276,276],"floor_reached":51,"language":"KOR","playtime":1948,"items_purged":["Strike_P","Strike_P","Defend_P","Strike_P"],"score":1406,"play_id":"62946366-50df-485b-9a4a-c68d03069231","local_time":"20210118105016","is_ascension_mode":true,"campfire_choices":[{"floor":6,"key":"REST"},{"data":"Adaptation","floor":12,"key":"SMITH"},{"data":"Scrawl","floor":15,"key":"SMITH"},{"data":"ClearTheMind","floor":23,"key":"SMITH"},{"data":"FearNoEvil","floor":28,"key":"SMITH"},{"data":"TalkToTheHand","floor":30,"key":"SMITH"},{"data":"Scrawl","floor":32,"key":"SMITH"},{"data":"Crescendo","floor":40,"key":"SMITH"},{"data":"EmptyMind","floor":42,"key":"SMITH"},{"data":"MentalFortress","floor":46,"key":"SMITH"},{"data":"Tantrum","floor":49,"key":"SMITH"}],"circlet_count":0,"master_deck":["AscendersBane","Defend_P","Eruption+1","Vigilance+1","ClearTheMind+1","Crescendo+1","Tantrum+1","ClearTheMind+1","FearNoEvil+1","Adaptation+1","Scrawl+1","EmptyMind+1","TalkToTheHand+1","Scrawl+1","PathToVictory+1","Crescendo+1","SpiritShield+1","MentalFortress+1"],"relics":["PureWater","CloakClasp","Blood Vial","Mummified Hand","Sling","Sundial","Strawberry","Sozu","Red Mask","Bird Faced Urn","Bag of Marbles","Regal Pillow","Astrolabe","Ginger","Juzu Bracelet","War Paint","Toxic Egg 2"],"acts_visited":["Exordium","TheCity","TheBeyond"],"potions_floor_usage":[11,13,18,41],"damage_taken":[{"damage":2,"enemies":"Small Slimes","floor":1,"turns":5},{"damage":0,"enemies":"Cultist","floor":2,"turns":2},{"damage":1,"enemies":"Jaw Worm","floor":5,"turns":3},{"damage":0,"enemies":"2 Fungi Beasts","floor":7,"turns":5},{"damage":1,"enemies":"Exordium Wildlife","floor":10,"turns":3},{"damage":0,"enemies":"Large Slime","floor":11,"turns":4},{"damage":0,"enemies":"3 Louse","floor":13,"turns":3},{"damage":0,"enemies":"Gremlin Nob","floor":14,"turns":2},{"damage":32,"enemies":"The Guardian","floor":16,"turns":7},{"damage":0,"enemies":"Shell Parasite","floor":18,"turns":2},{"damage":0,"enemies":"Masked Bandits","floor":19,"turns":2},{"damage":0,"enemies":"Chosen","floor":21,"turns":1},{"damage":1,"enemies":"Snake Plant","floor":22,"turns":2},{"damage":0,"enemies":"Centurion and Healer","floor":24,"turns":2},{"damage":13,"enemies":"Slavers","floor":25,"turns":2},{"damage":0,"enemies":"Gremlin Leader","floor":27,"turns":2},{"damage":0,"enemies":"3 Cultists","floor":29,"turns":2},{"damage":1,"enemies":"Champ","floor":33,"turns":2},{"damage":0,"enemies":"Orb Walker","floor":35,"turns":2},{"damage":0,"enemies":"3 Darklings","floor":36,"turns":2},{"damage":0,"enemies":"Mind Bloom Boss Battle","floor":38,"turns":3},{"damage":2,"enemies":"Writhing Mass","floor":39,"turns":2},{"damage":0,"enemies":"Reptomancer","floor":41,"turns":2},{"damage":0,"enemies":"Nemesis","floor":44,"turns":1},{"damage":0,"enemies":"Jaw Worm Horde","floor":47,"turns":2},{"damage":14,"enemies":"Awakened One","floor":50,"turns":3}],"seed_played":"-8706140288755661308","potions_obtained":[{"floor":7,"key":"Swift Potion"},{"floor":10,"key":"Regen Potion"},{"floor":11,"key":"Weak Potion"},{"floor":16,"key":"Fire Potion"}],"is_trial":false,"path_per_floor":["M","M","?","$","M","R","M","$","T","M","M","R","M","E","R","B",null,"M","?","$","M","M","R","M","E","T","E","R","M","R","?","R","B",null,"M","M","$","?","M","R","E","R","T","E","?","R","M","?","R","B",null],"character_chosen":"WATCHER","items_purchased":["ClearTheMind","Crescendo","Blood Vial","Mummified Hand","Sling","Adaptation"],"campfire_rested":1,"item_purchase_floors":[0,0,0,0,0,8],"current_hp_per_floor":[33,35,35,35,36,57,59,59,59,60,72,72,72,79,79,47,71,73,75,75,77,78,78,79,66,66,70,70,74,74,74,74,77,79,79,79,79,79,79,79,79,79,79,79,75,75,75,75,75,61],"gold":276,"neow_bonus":"","is_daily":false,"chose_seed":false,"campfire_upgraded":10,"win_rate":0.0,"timestamp":1610934616,"path_taken":["M","M","?","$","M","R","?","?","T","M","M","R","M","E","R","BOSS","M","?","$","M","M","R","M","E","T","E","R","M","R","?","R","BOSS","M","M","$","?","M","R","E","R","T","E","?","R","M","?","R","BOSS"],"items_purchased_type":["Card","Card","Relic","Relic","Relic","Card"],"build_version":"2020-12-22","purchased_purges":4,"victory":true,"max_hp_per_floor":[72,72,72,72,72,72,72,72,72,72,72,72,72,79,79,79,79,79,79,79,79,79,79,79,79,79,79,79,79,79,79,79,79,79,79,79,79,79,79,79,79,79,79,79,75,75,75,75,75,75],"relic_stats":{"Regal Pillow":0,"counters":[26,68],"Astrolabe":["PathToVictory","Crescendo","SpiritShield"],"CloakClasp":[168],"Juzu Bracelet":0,"Ginger":[0],"War Paint":["ClearTheMind","Vigilance"],"Blood Vial":27,"Sozu":7,"Mummified Hand":[33],"Sundial":[76],"Bird Faced Urn":[8],"obtain_stats":[{"Regal Pillow":27,"Astrolabe":34,"Incense Burner":0,"CloakClasp":0,"Juzu Bracelet":41,"Ginger":38,"War Paint":43,"Sling":0,"Blood Vial":0,"Sozu":17,"Mummified Hand":0,"Sundial":9,"Bird Faced Urn":0,"Strawberry":14,"Turnip":0,"Red Mask":19,"Bag of Marbles":26,"PureWater":0,"Toxic Egg 2":44},{"Regal Pillow":16,"Astrolabe":18,"Incense Burner":0,"CloakClasp":0,"Juzu Bracelet":23,"Ginger":21,"War Paint":23,"Sling":0,"Blood Vial":0,"Sozu":9,"Mummified Hand":0,"Sundial":4,"Bird Faced Urn":0,"Strawberry":8,"Turnip":0,"Red Mask":11,"Bag of Marbles":15,"PureWater":0,"Toxic Egg 2":24},{"Regal Pillow":47,"Astrolabe":51,"Incense Burner":0,"CloakClasp":0,"Juzu Bracelet":62,"Ginger":58,"War Paint":62,"Sling":0,"Blood Vial":0,"Sozu":34,"Mummified Hand":0,"Sundial":15,"Bird Faced Urn":0,"Strawberry":27,"Turnip":0,"Red Mask":38,"Bag of Marbles":45,"PureWater":0,"Toxic Egg 2":63}]},"card_choices":[{"not_picked":["CarveReality","JustLucky"],"picked":"Tantrum","floor":1},{"not_picked":["EmptyFist","WindmillStrike","Study"],"picked":"SKIP","floor":2},{"not_picked":["JustLucky","Collect"],"picked":"ClearTheMind","floor":5},{"not_picked":["FollowUp","JustLucky"],"picked":"FearNoEvil","floor":7},{"not_picked":["Protect","Wallop","Worship"],"picked":"SKIP","floor":10},{"not_picked":["Crescendo","PathToVictory"],"picked":"Scrawl","floor":11},{"not_picked":["ThirdEye","CutThroughFate","JustLucky"],"picked":"SKIP","floor":13},{"not_picked":["FollowUp","ClearTheMind","DeceiveReality"],"picked":"SKIP","floor":14},{"not_picked":["CrushJoints","JustLucky","Crescendo"],"picked":"SKIP","floor":18},{"not_picked":["Pray","BowlingBash"],"picked":"EmptyMind","floor":19},{"not_picked":["FlyingSleeves+1","Weave","SashWhip+1"],"picked":"SKIP","floor":21},{"not_picked":["ThirdEye+1","CrushJoints","FollowUp"],"picked":"SKIP","floor":22},{"not_picked":["Fasting2","Alpha"],"picked":"TalkToTheHand","floor":24},{"not_picked":["EmptyMind","Brilliance","Tantrum"],"picked":"SKIP","floor":25},{"not_picked":["SignatureMove","Protect","WindmillStrike"],"picked":"SKIP","floor":27},{"not_picked":["Consecrate","FlyingSleeves","Collect"],"picked":"SKIP","floor":29},{"not_picked":["CutThroughFate","EmptyFist"],"picked":"MentalFortress","floor":35},{"not_picked":["WaveOfTheHand+1","SandsOfTime","DeceiveReality"],"picked":"SKIP","floor":36},{"not_picked":["CrushJoints","WheelKick","JustLucky"],"picked":"SKIP","floor":39},{"not_picked":["ClearTheMind+1","Indignation","BowlingBash"],"picked":"SKIP","floor":41},{"not_picked":["Halt+1","WreathOfFlame+1","Fasting2"],"picked":"SKIP","floor":44},{"not_picked":["Evaluate+1","Prostrate+1","MentalFortress+1"],"picked":"SKIP","floor":47}],"player_experience":340372,"relics_obtained":[{"floor":9,"key":"Sundial"},{"floor":14,"key":"Strawberry"},{"floor":19,"key":"Red Mask"},{"floor":25,"key":"Bird Faced Urn"},{"floor":26,"key":"Bag of Marbles"},{"floor":27,"key":"Regal Pillow"},{"floor":38,"key":"Ginger"},{"floor":41,"key":"Juzu Bracelet"},{"floor":43,"key":"War Paint"},{"floor":44,"key":"Toxic Egg 2"}],"event_choices":[{"damage_healed":0,"gold_gain":0,"player_choice":"Forge","damage_taken":0,"max_hp_gain":0,"max_hp_loss":0,"event_name":"Accursed Blacksmith","floor":3,"gold_loss":0,"cards_upgraded":["Eruption"]},{"damage_healed":0,"gold_gain":0,"player_choice":"Fought Bandits","damage_taken":0,"max_hp_gain":0,"max_hp_loss":0,"event_name":"Masked Bandits","floor":19,"gold_loss":0},{"damage_healed":0,"gold_gain":0,"player_choice":"Read","damage_taken":0,"max_hp_gain":0,"max_hp_loss":0,"event_name":"The Library","floor":31,"gold_loss":0,"cards_obtained":["Scrawl"]},{"damage_healed":0,"gold_gain":0,"player_choice":"Fight","damage_taken":0,"max_hp_gain":0,"max_hp_loss":0,"event_name":"MindBloom","floor":38,"gold_loss":0},{"damage_healed":0,"gold_gain":0,"player_choice":"Max HP","damage_taken":0,"max_hp_gain":0,"max_hp_loss":4,"event_name":"Winding Halls","floor":45,"gold_loss":0},{"damage_healed":0,"gold_gain":0,"player_choice":"Ignored","damage_taken":0,"max_hp_gain":0,"max_hp_loss":0,"event_name":"Mysterious Sphere","floor":48,"gold_loss":0}],"is_beta":false,"boss_relics":[{"not_picked":["SacredBark","Runic Dome"],"picked":"Sozu"},{"not_picked":["SlaversCollar","Coffee Dripper"],"picked":"Astrolabe"}],"items_purged_floors":[0,4,20,37],"is_endless":false,"potions_floor_spawned":[7,10,11,16,22,25,29,33,39,44,47],"ascension_level":13}}