{"host":"bplbr8uekuotory4","time":1610971494,"event":{"mods":["Act Like it!","BaseMod","Custom Start","Gensokyo","GungeonMod","Hermit","KinomotoSakuraMod(ƒæ÷Æ±æ”£)","Marisa£®ÏF”Í°°ƒß¿Ì…≥£©","Minty Spire (QoL Compilation)","Prisma Mod","Quick Restart","Reimu£®≤©¿ˆ¡È√Œ£©","Replay The Spire","SOS£®Àπ∞Õ¥Ô÷Æ◊”£©","Spicy Shops","StSLib","TestMod","The Blackbeard","The Cursed","The Marked","The Mystic","The Poker Player","The Runesmith","The Saiyan","The Senshi","The Servant 0.9.4","Yuri Mod","[IsaacMod]“‘»ˆº‚À˛"],"gold_per_floor":[109,59,66,86,86,120,120,138,209,209,224,224,262,281,281,383,383,400,421,503,346,371,414,414,449,449],"floor_reached":25,"language":"ZHS","playtime":468,"items_purged":["Strike_B","Defend_B"],"score":459,"play_id":"a9bcc3b2-aad6-490d-92fb-875e3de43c13","local_time":"20210118200454","is_ascension_mode":true,"campfire_choices":[{"data":"Zap","floor":7,"key":"SMITH"},{"data":"Auto Shields","floor":12,"key":"SMITH"},{"data":"Defragment","floor":15,"key":"SMITH"},{"data":"ReplayRNGCard","floor":24,"key":"SMITH"}],"circlet_count":0,"master_deck":["AscendersBane","Strike_B","Strike_B","Defend_B","Zap+1","Defragment+1","Cold Snap","Auto Shields+1","Defragment+1","ReplayRNGCard+1","Conserve Battery","Reboot","ReplayTheSpireMod:Omega Cannon"],"relics":["Cracked Core","testmod-TestBox","HushsDoor","SalivaCoin","testmod-Brilliant","NeowsBlessing","DemoMod:ClearGuonStone","Meat on the Bone","Unceasing Top","Empty Cage","Replay:Wax Seal","Durian"],"acts_visited":["Exordium","TheCity"],"potions_floor_usage":[13,16],"damage_taken":[{"damage":0,"enemies":"Jaw Worm","floor":1,"turns":1},{"damage":0,"enemies":"2 Louse","floor":4,"turns":1},{"damage":0,"enemies":"3 Sentries","floor":6,"turns":1},{"damage":0,"enemies":"Small Slimes","floor":8,"turns":1},{"damage":0,"enemies":"Exordium Wildlife","floor":11,"turns":1},{"damage":2,"enemies":"Gremlin Nob","floor":13,"turns":4},{"damage":0,"enemies":"Looter","floor":14,"turns":2},{"damage":0,"enemies":"Slime Boss","floor":16,"turns":3},{"damage":5,"enemies":"Chosen","floor":18,"turns":6},{"damage":1,"enemies":"Spheric Guardian","floor":19,"turns":4},{"damage":7,"enemies":"Snecko","floor":22,"turns":4},{"damage":12,"enemies":"Gremlin Leader","floor":23,"turns":3},{"damage":46,"enemies":"Book of Stabbing","floor":25,"turns":3}],"seed_played":"8458663638770511978","potions_obtained":[{"floor":4,"key":"Ancient Potion"},{"floor":6,"key":"Weak Potion"},{"floor":8,"key":"Strength Potion"},{"floor":14,"key":"Regen Potion"},{"floor":18,"key":"SteroidPotion"}],"is_trial":false,"path_per_floor":["M","?","?","M","$","E","R","M","T","?","M","R","E","M","R","B",null,"M","M","?","$","M","E","R","E"],"character_chosen":"DEFECT","items_purchased":["Replay:Wax Seal"],"campfire_rested":0,"item_purchase_floors":[21],"current_hp_per_floor":[68,68,61,61,61,61,61,61,61,61,61,61,59,59,59,68,70,65,64,57,57,50,43,43,0,0],"gold":449,"neow_bonus":"THREE_ENEMY_KILL","is_daily":false,"chose_seed":false,"campfire_upgraded":4,"win_rate":0.0,"timestamp":1610971494,"path_taken":["M","?","?","M","?","E","R","?","T","?","M","R","E","M","R","BOSS","M","?","?","?","?","E","R","E"],"items_purchased_type":["Relic"],"build_version":"2020-12-22","purchased_purges":2,"victory":false,"max_hp_per_floor":[75,75,75,75,75,75,75,75,75,75,75,75,75,75,75,75,70,70,70,70,70,70,75,75,75,75],"card_choices":[{"not_picked":["Compile Driver","Blizzard"],"picked":"Bomb","floor":1},{"not_picked":["Beam Cell","Coolheaded","Stack"],"picked":"SKIP","floor":4},{"not_picked":["Capacitor","FTL"],"picked":"Defragment","floor":6},{"not_picked":["BasicCrystalCard","Sweeping Beam"],"picked":"Cold Snap","floor":8},{"not_picked":["Hologram","Cancel"],"picked":"Auto Shields","floor":11},{"not_picked":["ReplayTheSpireMod:Calculation Training","Melter"],"picked":"Defragment","floor":13},{"not_picked":["BasicCrystalCard","Buffer"],"picked":"Bomb","floor":14},{"not_picked":["ElectricPowerLearning","Thunder Strike"],"picked":"ReplayRNGCard","floor":16},{"not_picked":["Leap","Steam"],"picked":"Conserve Battery","floor":18},{"not_picked":["Cold Snap","Force Field"],"picked":"Reboot","floor":19},{"not_picked":["BasicCrystalCard","Rebound","Streamline+1"],"picked":"SKIP","floor":22},{"not_picked":["BasicCrystalCard","Go for the Eyes"],"picked":"ReplayTheSpireMod:Omega Cannon","floor":23}],"player_experience":1183033,"relics_obtained":[{"floor":6,"key":"DemoMod:ClearGuonStone"},{"floor":9,"key":"Meat on the Bone"},{"floor":13,"key":"Unceasing Top"},{"floor":23,"key":"Durian"}],"event_choices":[{"cards_removed":["Dualcast"],"damage_healed":0,"gold_gain":0,"player_choice":"Card Removal","damage_taken":0,"max_hp_gain":0,"max_hp_loss":0,"event_name":"The Cleric","floor":2,"gold_loss":50},{"cards_removed":["Defend_B"],"damage_healed":0,"gold_gain":0,"player_choice":"Card Removal","damage_taken":7,"max_hp_gain":0,"max_hp_loss":0,"event_name":"Golden Wing","floor":3,"gold_loss":0},{"damage_healed":0,"gold_gain":0,"player_choice":"Grow","damage_taken":0,"max_hp_gain":0,"max_hp_loss":0,"event_name":"Living Wall","floor":10,"gold_loss":0,"cards_upgraded":["Defragment"]},{"damage_healed":0,"gold_gain":75,"player_choice":"Touch","damage_taken":7,"max_hp_gain":0,"max_hp_loss":0,"event_name":"FaceTrader","floor":20,"gold_loss":0}],"is_beta":false,"boss_relics":[{"not_picked":["SlaversCollar","Astrolabe"],"picked":"Empty Cage"},{"not_picked":[]}],"items_purged_floors":[17,21],"is_endless":false,"potions_floor_spawned":[4,6,8,14,18,22],"killed_by":"Book of Stabbing","ascension_level":10}}