{"host":"t7mx8yfj1no5p62f","time":1610946329,"event":{"mods":["BaseMod","Bestiary","Colored Map","Colored Powertips","Minty Spire (QoL Compilation)","Relic Stats","StSLib","ojb\u0027s Info Mod"],"gold_per_floor":[111,111,122,133,149,149,174,174,174,199,209,238,137,157,157,235,285,299,299,319,333,333,333,258,258,258],"floor_reached":25,"language":"ENG","playtime":776,"items_purged":["Strike_R"],"score":546,"play_id":"825b4564-c279-4887-b802-5474a5aa45a9","local_time":"20210118000529","is_ascension_mode":true,"campfire_choices":[{"data":"Clothesline","floor":6.0,"key":"SMITH"},{"data":"Perfected Strike","floor":8.0,"key":"SMITH"},{"data":"Inflame","floor":15.0,"key":"SMITH"},{"data":"Dark Embrace","floor":23,"key":"SMITH"}],"circlet_count":0,"master_deck":["AscendersBane","Strike_R","Strike_R","Strike_R+1","Defend_R","Defend_R","Defend_R","Defend_R","Bash","Twin Strike+1","Twin Strike","Clothesline+1","Feel No Pain","Perfected Strike+1","Berserk","Shockwave","Headbutt","Inflame+1","Corruption","Dark Embrace+1","Rage","Sentinel","Intimidate"],"relics":["Burning Blood","Sundial","FossilizedHelix","TungstenRod","Juzu Bracelet","Tiny House"],"acts_visited":["Exordium","TheCity"],"potions_floor_usage":[20,25],"damage_taken":[{"damage":18.0,"enemies":"Jaw Worm","floor":1.0,"turns":7.0},{"damage":1.0,"enemies":"Cultist","floor":3.0,"turns":3.0},{"damage":7.0,"enemies":"2 Louse","floor":4.0,"turns":2.0},{"damage":10.0,"enemies":"Lots of Slimes","floor":5.0,"turns":5.0},{"damage":6.0,"enemies":"Gremlin Nob","floor":7.0,"turns":3.0},{"damage":22.0,"enemies":"3 Sentries","floor":10.0,"turns":8.0},{"damage":0.0,"enemies":"Exordium Thugs","floor":11.0,"turns":2.0},{"damage":20.0,"enemies":"Gremlin Nob","floor":12.0,"turns":4.0},{"damage":0.0,"enemies":"Looter","floor":14.0,"turns":2.0},{"damage":0.0,"enemies":"Slime Boss","floor":16.0,"turns":4.0},{"damage":20,"enemies":"Spheric Guardian","floor":18,"turns":4},{"damage":13,"enemies":"3 Byrds","floor":20,"turns":8},{"damage":11,"enemies":"Snecko","floor":21,"turns":4},{"damage":50,"enemies":"Slavers","floor":25,"turns":6}],"seed_played":"-2636019062354764104","potions_obtained":[{"floor":3.0,"key":"Ancient Potion"},{"floor":5.0,"key":"ColorlessPotion"},{"floor":14.0,"key":"AttackPotion"},{"floor":16.0,"key":"AttackPotion"}],"is_trial":false,"path_per_floor":["M","?","M","M","M","R","E","R","T","E","M","E","$","M","R","B",null,"M","?","M","M","?","R","?","E"],"character_chosen":"IRONCLAD","items_purchased":["Headbutt"],"campfire_rested":0,"item_purchase_floors":[13],"current_hp_per_floor":[63,63,68,67,63,63,63,63,63,47,53,39,39,45,45,51,79,65,65,58,53,43,43,43,0,0],"gold":258,"neow_bonus":"TEN_PERCENT_HP_BONUS","is_daily":false,"chose_seed":false,"campfire_upgraded":4,"win_rate":0.0,"timestamp":1610946329,"path_taken":["M","?","M","?","M","R","E","R","T","E","M","E","$","M","R","BOSS","M","?","M","M","?","R","?","E"],"items_purchased_type":["Card"],"build_version":"2020-12-22","purchased_purges":1,"victory":false,"max_hp_per_floor":[82,82,82,82,82,82,82,82,82,82,82,82,82,82,82,82,87,87,87,87,87,87,87,87,87,87],"relic_stats":{"counters":[14,62],"Sundial":[2],"Juzu Bracelet":1,"obtain_stats":[{"Tiny House":17,"Sundial":7,"Juzu Bracelet":12,"Burning Blood":0,"FossilizedHelix":9,"TungstenRod":10},{"Tiny House":10,"Sundial":5,"Juzu Bracelet":8,"Burning Blood":0,"FossilizedHelix":5,"TungstenRod":6},{"Tiny House":40,"Sundial":20,"Juzu Bracelet":34,"Burning Blood":0,"FossilizedHelix":20,"TungstenRod":28}],"Burning Blood":78,"TungstenRod":32},"card_choices":[{"not_picked":["Pommel Strike","Thunderclap"],"picked":"Twin Strike","floor":1.0},{"not_picked":["Sword Boomerang","Headbutt"],"picked":"Twin Strike","floor":3.0},{"not_picked":["Intimidate","Shrug It Off"],"picked":"Clothesline","floor":4.0},{"not_picked":["Flame Barrier","Armaments"],"picked":"Feel No Pain","floor":5.0},{"not_picked":["Shockwave","Fiend Fire"],"picked":"Perfected Strike","floor":7.0},{"not_picked":["Rupture","Twin Strike"],"picked":"Berserk","floor":10.0},{"not_picked":["Warcry","Perfected Strike"],"picked":"Shockwave","floor":11.0},{"not_picked":["Cleave","Flex","Wild Strike"],"picked":"SKIP","floor":12.0},{"not_picked":["Twin Strike","Anger"],"picked":"Inflame","floor":14.0},{"not_picked":["Barricade","Limit Break"],"picked":"Corruption","floor":16.0},{"not_picked":["Warcry","Sword Boomerang"],"picked":"Dark Embrace","floor":17},{"not_picked":["Hemokinesis","Thunderclap","Reckless Charge"],"picked":"SKIP","floor":18},{"not_picked":["Headbutt","Rage"],"picked":"Sentinel","floor":20},{"not_picked":["Seeing Red","Perfected Strike"],"picked":"Intimidate","floor":21}],"player_experience":1781216,"relics_obtained":[{"floor":7.0,"key":"Sundial"},{"floor":9.0,"key":"FossilizedHelix"},{"floor":10.0,"key":"TungstenRod"},{"floor":12.0,"key":"Juzu Bracelet"}],"event_choices":[{"damage_healed":0.0,"max_hp_gain":0.0,"max_hp_loss":0.0,"gold_gain":0.0,"event_name":"Upgrade Shrine","player_choice":"Upgraded","floor":2.0,"gold_loss":0.0,"damage_taken":0.0,"cards_upgraded":["Twin Strike"]},{"damage_healed":0,"gold_gain":0,"player_choice":"Read","damage_taken":0,"max_hp_gain":0,"max_hp_loss":0,"event_name":"The Library","floor":19,"gold_loss":0,"cards_obtained":["Rage"]},{"damage_healed":0,"gold_gain":0,"player_choice":"POTION ","damage_taken":12,"max_hp_gain":0,"max_hp_loss":0,"event_name":"Knowing Skull","floor":22,"potions_obtained":["Energy Potion"],"gold_loss":0,"cards_obtained":[]},{"cards_removed":["Strike_R"],"damage_healed":0,"gold_gain":0,"player_choice":"Gave Gold","damage_taken":0,"max_hp_gain":0,"max_hp_loss":0,"event_name":"Beggar","floor":24,"gold_loss":75}],"is_beta":false,"boss_relics":[{"not_picked":["Ectoplasm","Busted Crown"],"picked":"Tiny House"}],"items_purged_floors":[13],"is_endless":false,"potions_floor_spawned":[3,5,14,16],"killed_by":"Slavers","ascension_level":20}}