{"host":"bplbr8uekuotory4","time":1610973037,"event":{"mods":["Act Like it!","BaseMod","Custom Start","Gensokyo","GungeonMod","Hermit","KinomotoSakuraMod(木之本樱)","Marisa（F雨　魔理沙）","Minty Spire (QoL Compilation)","Prisma Mod","Quick Restart","Reimu（博丽灵梦）","Replay The Spire","SOS（斯巴达之子）","Spicy Shops","StSLib","TestMod","The Blackbeard","The Cursed","The Marked","The Mystic","The Poker Player","The Runesmith","The Saiyan","The Senshi","The Servant 0.9.4","Yuri Mod","[IsaacMod]以撒尖塔"],"gold_per_floor":[113,113,213,232,232,276,276,296,296,322,4,46,46,65,65,183,245,263,331,424,424,484,484,484,16,90,90,109,109,109,136,192,263,263,366,465,608,659,676,512,606,679,698,521,521,509,551,560,560,636,636,636,636,636,519,546,546],"floor_reached":58,"language":"ZHS","playtime":1490,"items_purged":["Delirium","Defend_B","Dualcast","Strike_B","Defend_B","Defend_B","Strike_B","Defend_B","Strike_B","Ball Lightning+1"],"score":2470,"play_id":"04ccfba6-0c66-4160-a9b6-a010334a1134","local_time":"20210118203037","is_ascension_mode":true,"campfire_choices":[{"data":"Rip and Tear","floor":7,"key":"SMITH"},{"data":"Zap","floor":15,"key":"SMITH"},{"data":"Go for the Eyes","floor":24,"key":"SMITH"},{"data":"testmod-FightingIntention","floor":27,"key":"SMITH"},{"floor":34,"key":"RECALL"},{"data":"Melter","floor":51,"key":"SMITH"},{"floor":54,"key":"REST"}],"circlet_count":0,"master_deck":["AscendersBane","Strike_B+1","Zap+1","Rip and Tear+1","Go for the Eyes+1","Melter+1","Beam Cell+1","testmod-FightingIntention+1","Leap+1","Ball Lightning+1","White Noise+1"],"relics":["Cracked Core","testmod-TestBox","HushsDoor","testmod-TheFather","NeowsBlessing","ReplayTheSpireMod:Ring of Collecting","Bloody Idol","DemoMod:PinkGuonStone","Ring of Hypnosis","Singing Bowl","testmod-Charity","BloodDonationBag","Medical Kit","Omamori","DeathBook","Ancient Tea Set","theSenshi:SailorFukuRelic","ReplayTheSpireMod:Ring of Exchange","Tiny House","GuppysTail","SatanicBible","testmod-ArcanaOfDestiny","ReplayTheSpireMod:Ring of Challenge","yuri:PortableGlitches","Pen Nib","Molten Egg 2","Cables","BelialBook","Replay:Wanted Poster","GuppysPaw","RuthlessExorcism:ReiMu","Potion Belt","Garlic","DemoMod:JetPack","testmod-Muramasa","Ring of Shattering","Ornamental Fan","DemoMod:GundromedaStrain","DemoMod:GlassGuonStoneRelic","Boot","ReplayTheSpireMod:TigerMarble","Runesmith:AutoHammer"],"acts_visited":["Exordium","TheCity","TheBeyond","TheEnding"],"potions_floor_usage":[16,16,16,25,35,57,57,57,57,57,57,57,57,57,57],"damage_taken":[{"damage":0,"enemies":"Small Slimes","floor":1,"turns":1},{"damage":0,"enemies":"Jaw Worm","floor":4,"turns":1},{"damage":0,"enemies":"Gremlin Nob","floor":6,"turns":1},{"damage":0,"enemies":"2 Louse","floor":8,"turns":2},{"damage":0,"enemies":"Looter","floor":10,"turns":2},{"damage":0,"enemies":"3 Sentries","floor":12,"turns":1},{"damage":9,"enemies":"Exordium Wildlife","floor":14,"turns":2},{"damage":0,"enemies":"Hexaghost","floor":16,"turns":7},{"damage":0,"enemies":"3 Byrds","floor":18,"turns":2},{"damage":1,"enemies":"Chosen","floor":22,"turns":3},{"damage":0,"enemies":"Sentry and Sphere","floor":28,"turns":2},{"damage":0,"enemies":"Slavers","floor":31,"turns":1},{"damage":2,"enemies":"3 Cultists","floor":32,"turns":1},{"damage":28,"enemies":"Book of Stabbing","floor":33,"turns":3},{"damage":0,"enemies":"Collector","floor":35,"turns":2},{"damage":0,"enemies":"3 Darklings","floor":37,"turns":1},{"damage":6,"enemies":"Orb Walker","floor":38,"turns":2},{"damage":61,"enemies":"R_Hoarder","floor":42,"turns":6},{"damage":14,"enemies":"Writhing Mass","floor":43,"turns":3},{"damage":0,"enemies":"4 Shapes","floor":47,"turns":1},{"damage":0,"enemies":"Spire Growth","floor":48,"turns":1},{"damage":0,"enemies":"Reptomancer","floor":50,"turns":1},{"damage":0,"enemies":"Donu and Deca","floor":52,"turns":1},{"damage":0,"enemies":"Shield and Spear","floor":56,"turns":1},{"damage":7,"enemies":"The Heart","floor":57,"turns":2}],"seed_played":"-2388024178894537278","potions_obtained":[{"floor":1,"key":"DemoMod:BlankPotion"},{"floor":6,"key":"FearPotion"},{"floor":8,"key":"DemoMod:LeadSkinPotion"},{"floor":12,"key":"ColorlessPotion"},{"floor":17,"key":"Strength Potion"},{"floor":28,"key":"Explosive Potion"},{"floor":33,"key":"Strength Potion"},{"floor":35,"key":"Adrenaline Potion"},{"floor":42,"key":"Ancient Potion"},{"floor":43,"key":"Regen Potion"},{"floor":50,"key":"PowerPotion"}],"is_trial":false,"path_per_floor":["M","?","?","M","?","E","R","M","T","M","$","E","T","M","R","B",null,"M","T","?","?","M","?","R","$","T","R","M","PTL","PTL","E","M","E","R","B",null,"M","M","?","$","?","E","M","$","T","$","M","M","?","E","R","B",null,"R","$","E","B",null],"character_chosen":"DEFECT","items_purchased":["testmod-Charity","Medical Kit","Omamori","DeathBook","Ancient Tea Set","GuppysTail","SatanicBible","EntropicBrew","FairyPotion","Melter","yuri:PortableGlitches","testmod-SpacePotion","testmod-FightingIntention","Pen Nib","GuppysPaw","Potion Belt","Garlic","Ball Lightning+1","testmod-Muramasa","ReplayTheSpireMod:TigerMarble"],"campfire_rested":1,"item_purchase_floors":[11,11,11,11,11,17,17,17,17,17,25,25,25,25,36,40,40,40,44,55],"current_hp_per_floor":[68,68,68,68,50,57,57,57,57,59,59,65,65,63,63,75,214,225,226,212,212,253,253,253,410,411,411,414,414,414,426,444,430,430,464,448,499,508,389,658,649,653,659,722,722,876,884,888,890,911,911,932,932,932,994,1006,1012],"gold":546,"neow_bonus":"THREE_ENEMY_KILL","is_daily":false,"chose_seed":false,"campfire_upgraded":5,"win_rate":0.0,"timestamp":1610973037,"path_taken":["M","?","?","M","?","E","R","M","T","?","$","E","?","M","R","BOSS","M","?","?","?","?","?","R","$","T","R","M","PTL","PTL","E","M","E","R","BOSS","M","M","?","$","?","E","M","$","T","$","M","?","?","E","R","BOSS","R","$","E","BOSS"],"items_purchased_type":["Relic","Relic","Relic","Relic","Relic","Relic","Relic","Potion","Potion","Card","Relic","Potion","Card","Relic","Relic","Relic","Relic","Card","Relic","Relic"],"build_version":"2020-12-22","purchased_purges":10,"victory":true,"max_hp_per_floor":[75,75,75,75,75,82,82,82,82,84,261,267,267,274,274,286,258,269,270,271,271,278,278,278,410,411,411,414,414,414,426,444,453,453,464,448,499,508,511,658,659,674,679,722,722,876,884,888,890,911,911,932,932,932,994,1006,1012],"card_choices":[{"not_picked":["Stack","Rebound"],"picked":"Rip and Tear","floor":1},{"not_picked":["Self Repair","Panic Button"],"picked":"Bomb","floor":4},{"not_picked":["Stack","Capacitor"],"picked":"Go for the Eyes","floor":6},{"not_picked":["BasicCrystalCard","Compile Driver","Sunder"],"picked":"SKIP","floor":8},{"not_picked":["Aggregate","Melter","Darkness"],"picked":"Singing Bowl","floor":10},{"not_picked":["Undo","Time Bomb","Stack"],"picked":"Singing Bowl","floor":12},{"not_picked":["Force Field","Barrage","Sweeping Beam"],"picked":"Singing Bowl","floor":14},{"not_picked":["ReplayRNGCard","Multi-Cast","Machine Learning"],"picked":"Singing Bowl","floor":16},{"not_picked":["Distribution","Sweeping Beam","Hello World"],"picked":"Singing Bowl","floor":17},{"not_picked":["Barrage+1","Distribution","Redo"],"picked":"Singing Bowl","floor":18},{"not_picked":["Storm","Loop"],"picked":"Beam Cell+1","floor":22},{"not_picked":["Recycle","Blizzard+1"],"picked":"Leap+1","floor":28},{"not_picked":["ElectricPowerLearning","Buffer","Go for the Eyes+1"],"picked":"Singing Bowl","floor":31},{"not_picked":["Fan","Loop","Lockon+1"],"picked":"Singing Bowl","floor":32},{"not_picked":["Rainbow","ReplayTheSpireMod:Repulse","Genetic Algorithm+1"],"picked":"Singing Bowl","floor":33},{"not_picked":["Multi-Cast","Reboot","Buffer"],"picked":"Singing Bowl","floor":35},{"not_picked":["Go for the Eyes+1","Redo","BasicCrystalCard"],"picked":"Singing Bowl","floor":37},{"not_picked":["ReplayTheSpireMod:Reroute Power","Hologram+1","Rebound+1"],"picked":"Singing Bowl","floor":38},{"not_picked":["Darkness+1","Sweeping Beam+1","BasicCrystalCard+1"],"picked":"Singing Bowl","floor":39},{"not_picked":["Redo+1","Self Repair+1","Scrape+1"],"picked":"Singing Bowl","floor":42},{"not_picked":["Compile Driver+1","Coolheaded+1","Reinforced Body+1"],"picked":"Singing Bowl","floor":43},{"not_picked":["ReplayTheSpireMod:Reroute Power","Turbo+1","Pulse+1"],"picked":"Singing Bowl","floor":47},{"not_picked":["Fan","Aggregate"],"picked":"White Noise+1","floor":48},{"not_picked":["Dark Shackles","testmod-Automaton+1","testmod-BackupPower"],"picked":"Singing Bowl","floor":49},{"not_picked":["BasicCrystalCard+1","Conserve Battery+1","Reprogram"],"picked":"Singing Bowl","floor":50},{"not_picked":["Sweeping Beam+1","Streamline+1","FTL+1"],"picked":"Singing Bowl","floor":56}],"player_experience":1183033,"relics_obtained":[{"floor":2,"key":"Ring of Shattering"},{"floor":2,"key":"ReplayTheSpireMod:Ring of Collecting"},{"floor":6,"key":"DemoMod:PinkGuonStone"},{"floor":9,"key":"Ring of Hypnosis"},{"floor":9,"key":"Singing Bowl"},{"floor":12,"key":"theSenshi:SailorFukuRelic"},{"floor":13,"key":"ReplayTheSpireMod:Ring of Exchange"},{"floor":19,"key":"testmod-ArcanaOfDestiny"},{"floor":19,"key":"ReplayTheSpireMod:Ring of Challenge"},{"floor":26,"key":"Molten Egg 2"},{"floor":31,"key":"Cables"},{"floor":33,"key":"BelialBook"},{"floor":37,"key":"RuthlessExorcism:ReiMu"},{"floor":42,"key":"DemoMod:JetPack"},{"floor":45,"key":"Ring of Shattering"},{"floor":45,"key":"Ornamental Fan"},{"floor":47,"key":"DemoMod:GundromedaStrain"},{"floor":50,"key":"Boot"},{"floor":56,"key":"Runesmith:AutoHammer"}],"event_choices":[{"damage_healed":0,"gold_gain":100,"player_choice":"Sell","damage_taken":0,"max_hp_gain":0,"max_hp_loss":0,"event_name":"恩洛斯的盘子","floor":3,"relics_lost":["Ring of Shattering"],"gold_loss":0},{"damage_healed":0,"gold_gain":0,"player_choice":"Take Damage","damage_taken":18,"relics_obtained":["Golden Idol"],"max_hp_gain":0,"max_hp_loss":0,"event_name":"Golden Idol","floor":5,"gold_loss":0},{"damage_healed":0,"gold_gain":0,"player_choice":"Gave Idol","damage_taken":0,"relics_obtained":["Bloody Idol"],"max_hp_gain":0,"max_hp_loss":0,"event_name":"Forgotten Altar","floor":21,"relics_lost":["Golden Idol"],"gold_loss":0},{"damage_healed":0,"gold_gain":0,"player_choice":"Bought 0 Potions","damage_taken":0,"max_hp_gain":0,"max_hp_loss":0,"event_name":"The Woman in Blue","floor":23,"gold_loss":0},{"damage_healed":0,"gold_gain":0,"player_choice":"Memory 1","damage_taken":0,"max_hp_gain":0,"max_hp_loss":0,"event_name":"SensoryStone","floor":49,"gold_loss":0}],"is_beta":false,"boss_relics":[{"not_picked":["DollysMirror","testmod-BloodSacrificeSpiritualization"],"picked":"Tiny House"},{"not_picked":[]},{"not_picked":["DemoMod:MeatBun","Cursed Key"],"picked":"Replay:Wanted Poster"},{"not_picked":[]}],"items_purged_floors":[11,17,25,25,36,40,44,46,46,55],"is_endless":false,"potions_floor_spawned":[1,6,8,12,18,28,33,35,38,42,43,50],"ascension_level":10}}