{"host":"6p0attdrtjqaih7v","time":1610954595,"event":{"mods":["2.2 Compatiblity","AchievementEnabler","Bard","BaseMod","Better Skull","Better Third Choice","Colored Powertips","Hermit","Highlight Path","Jorbs\u0027s Wanderer Trilogy","Key Reminder","Minty Spire (QoL Compilation)","Permanent Neow","Quick Restart","Random Character Button","Relic Stats","Replay The Spire","Robot Space Explorer","StSLib"],"gold_per_floor":[113,24,39,52,127,156,173,173,220,220,220,220,220],"floor_reached":12,"language":"ENG","playtime":406,"items_purged":[],"score":156,"play_id":"045fb590-119c-41dc-90e8-9f41503a7826","local_time":"20210118022315","is_ascension_mode":true,"campfire_choices":[{"data":"Combust","floor":8,"key":"SMITH"},{"data":"Rampage","floor":10,"key":"SMITH"}],"circlet_count":0,"master_deck":["AscendersBane","Strike_R","Strike_R","Strike_R","Strike_R","Strike_R","Defend_R","Defend_R","Defend_R","Defend_R","Bash","Feed","Replay:Undeath\u0027s Touch","Combust+1","Rampage+1","Dual Wield","Clothesline","Headbutt"],"relics":["Burning Blood","Shuriken","Omamori","Golden Idol"],"acts_visited":["Exordium"],"potions_floor_usage":[6,12],"damage_taken":[{"damage":1,"enemies":"Small Slimes","floor":1,"turns":4},{"damage":21,"enemies":"Jaw Worm","floor":3,"turns":5},{"damage":6,"enemies":"2 Louse","floor":4,"turns":3},{"damage":23,"enemies":"Gremlin Nob","floor":6,"turns":4},{"damage":8,"enemies":"Looter","floor":7,"turns":3},{"damage":35,"enemies":"Replay:BlueRogue","floor":12,"turns":7}],"seed_played":"-6548389360405623153","potions_obtained":[{"floor":1,"key":"LifebloodPotion"},{"floor":3,"key":"BloodPotion"}],"is_trial":false,"path_per_floor":["M","$","M","M","?","E","M","R","T","R","?","E"],"character_chosen":"IRONCLAD","items_purchased":["Combust"],"campfire_rested":0,"item_purchase_floors":[2],"current_hp_per_floor":[58,58,43,46,35,18,19,19,19,19,19,0,0],"gold":220,"neow_bonus":"THREE_RARE_CARDS","is_daily":false,"chose_seed":false,"campfire_upgraded":2,"win_rate":0.0,"timestamp":1610954595,"path_taken":["M","$","M","M","?","E","M","R","T","R","?","E"],"items_purchased_type":["Card"],"build_version":"2020-12-22","purchased_purges":0,"victory":false,"max_hp_per_floor":[78,78,78,81,81,81,84,84,84,84,84,84,84],"relic_stats":{"counters":[6,26],"Shuriken":[2],"Golden Idol":0,"obtain_stats":[{"Shuriken":6,"Golden Idol":11,"Omamori":9,"Burning Blood":0},{"Shuriken":4,"Golden Idol":5,"Omamori":5,"Burning Blood":0},{"Shuriken":16,"Golden Idol":19,"Omamori":19,"Burning Blood":0}],"Burning Blood":30},"card_choices":[{"not_picked":["Limit Break","Impervious"],"picked":"Feed","floor":0},{"not_picked":["Seeing Red","Headbutt"],"picked":"Replay:Undeath\u0027s Touch","floor":1},{"not_picked":["Cleave","Flex"],"picked":"Rampage","floor":3},{"not_picked":["Evolve","Perfected Strike"],"picked":"Dual Wield","floor":4},{"not_picked":["Havoc","Entrench"],"picked":"Clothesline","floor":6},{"not_picked":["Iron Wave","Wild Strike"],"picked":"Headbutt","floor":7}],"player_experience":869196,"relics_obtained":[{"floor":6,"key":"Shuriken"},{"floor":9,"key":"Omamori"}],"event_choices":[{"damage_healed":0,"gold_gain":75,"player_choice":"Gather Gold","damage_taken":11,"max_hp_gain":0,"max_hp_loss":0,"event_name":"World of Goop","floor":5,"gold_loss":0},{"damage_healed":0,"gold_gain":0,"player_choice":"Take Wound","damage_taken":0,"relics_obtained":["Golden Idol"],"max_hp_gain":0,"max_hp_loss":0,"event_name":"Golden Idol","floor":11,"gold_loss":0,"cards_obtained":["Injury"]}],"is_beta":false,"boss_relics":[],"items_purged_floors":[],"is_endless":false,"potions_floor_spawned":[1,3],"killed_by":"Replay:BlueRogue","ascension_level":20}}