{"host":"rq107ve574byxhfs","time":1610981584,"event":{"mods":["AchievementEnabler","BaseMod","Colored Map","Minty Spire (QoL Compilation)","StSLib","SuperFastMode","everything is the same but u backflip on backflip"],"gold_per_floor":[17,67,78,89,100,100,127,52,75,95,113,113,113,130,130,130,130],"floor_reached":16,"language":"KOR","playtime":342,"items_purged":["Strike_B"],"score":208,"play_id":"f1b4ffd7-b2af-47cc-9195-2770e37115ba","local_time":"20210118235304","is_ascension_mode":true,"campfire_choices":[{"data":"Sunder","floor":6.0,"key":"SMITH"},{"data":"Streamline","floor":15.0,"key":"SMITH"}],"circlet_count":0,"master_deck":["AscendersBane","Strike_B","Strike_B","Defend_B","Defend_B","Defend_B+1","Zap","Dualcast+1","Streamline+1","Rebound","Ball Lightning","Sunder+1","Consume","Coolheaded","Beam Cell"],"relics":["Cracked Core","War Paint","Vajra"],"acts_visited":["Exordium"],"potions_floor_usage":[16,16],"damage_taken":[{"damage":0.0,"enemies":"2 Louse","floor":1.0,"turns":3.0},{"damage":0.0,"enemies":"Cultist","floor":3.0,"turns":3.0},{"damage":6.0,"enemies":"Jaw Worm","floor":4.0,"turns":3.0},{"damage":6.0,"enemies":"Looter","floor":5.0,"turns":2.0},{"damage":32.0,"enemies":"Gremlin Nob","floor":7.0,"turns":4.0},{"damage":4.0,"enemies":"Large Slime","floor":10.0,"turns":3.0},{"damage":0.0,"enemies":"Exordium Wildlife","floor":11.0,"turns":2.0},{"damage":5.0,"enemies":"Gremlin Gang","floor":14.0,"turns":3.0},{"damage":0,"enemies":"The Guardian","floor":16,"turns":4}],"seed_played":"-7946127813806312351","potions_obtained":[{"floor":3.0,"key":"SkillPotion"},{"floor":4.0,"key":"Swift Potion"},{"floor":7.0,"key":"DistilledChaos"}],"is_trial":false,"path_per_floor":["M","?","M","M","M","R","E","$","T","M","M","?","?","M","R","B"],"character_chosen":"DEFECT","items_purchased":[],"campfire_rested":0,"item_purchase_floors":[],"current_hp_per_floor":[64,64,64,58,52,52,20,20,20,16,16,9,9,4,4,4,4],"gold":130,"neow_bonus":"TRANSFORM_TWO_CARDS","is_daily":false,"chose_seed":false,"campfire_upgraded":2,"win_rate":0.0,"timestamp":1610981584,"path_taken":["M","?","M","M","M","R","E","?","T","?","M","?","?","M","R","BOSS"],"items_purchased_type":[],"build_version":"2020-12-22","purchased_purges":1,"victory":false,"max_hp_per_floor":[71,71,71,71,71,71,71,71,71,71,71,71,71,71,71,71,71],"card_choices":[{"not_picked":["Barrage","Static Discharge","Scrape"],"picked":"SKIP","floor":1.0},{"not_picked":["Force Field","Static Discharge"],"picked":"Rebound","floor":3.0},{"not_picked":["Capacitor","Steam"],"picked":"Ball Lightning","floor":4.0},{"not_picked":["Conserve Battery","White Noise"],"picked":"Sunder","floor":5.0},{"not_picked":["Leap","Stack","Ball Lightning"],"picked":"SKIP","floor":7.0},{"not_picked":["Multi-Cast","Barrage"],"picked":"Consume","floor":10.0},{"not_picked":["Melter","Skim"],"picked":"Coolheaded","floor":11.0},{"not_picked":["Steam","Rebound","Beam Cell"],"picked":"SKIP","floor":14.0},{"not_picked":["Steam","Rebound"],"picked":"Beam Cell","floor":14.0}],"player_experience":1337159,"relics_obtained":[{"floor":7.0,"key":"War Paint"},{"floor":9.0,"key":"Vajra"}],"event_choices":[{"damage_healed":0.0,"max_hp_gain":0.0,"max_hp_loss":0.0,"gold_gain":50.0,"event_name":"Golden Shrine","player_choice":"Pray","floor":2.0,"gold_loss":0.0,"damage_taken":0.0},{"cards_removed":["Reprogram"],"damage_healed":0.0,"max_hp_gain":0.0,"max_hp_loss":0.0,"gold_gain":0.0,"event_name":"Golden Wing","player_choice":"Card Removal","floor":12.0,"gold_loss":0.0,"damage_taken":7.0},{"damage_healed":0.0,"max_hp_gain":0.0,"max_hp_loss":0.0,"gold_gain":0.0,"event_name":"Shining Light","player_choice":"Ignored","floor":13.0,"gold_loss":0.0,"damage_taken":0.0}],"is_beta":false,"boss_relics":[],"items_purged_floors":[8],"is_endless":false,"potions_floor_spawned":[3,4,7],"killed_by":"The Guardian","ascension_level":20}}