{"host":"i7jfea87xc8lz16p","time":1610929945,"event":{"mods":["AchievementEnabler","BaseMod","Colored Powertips","Minty Spire (QoL Compilation)","Relic Stats"],"gold_per_floor":[112,31,42,42,42,77,97,97,97,97,141,162,237,14,14,14,14],"floor_reached":16,"language":"ENG","playtime":558,"items_purged":["Strike_B"],"score":216,"play_id":"1700d049-e5ea-4ef3-9a96-5b469bb3854d","local_time":"20210118013225","is_ascension_mode":true,"campfire_choices":[{"data":"Lockon","floor":8,"key":"SMITH"},{"data":"Glacier","floor":10,"key":"SMITH"},{"floor":15,"key":"REST"}],"circlet_count":0,"master_deck":["AscendersBane","Strike_B","Strike_B","Strike_B","Defend_B","Defend_B","Defend_B","Defend_B","Zap","Dualcast","Lockon+1","Glacier+1","White Noise","Conserve Battery","Ball Lightning","Self Repair"],"relics":["Runic Pyramid","Golden Idol","Mercury Hourglass","Centennial Puzzle","Meat on the Bone"],"acts_visited":["Exordium"],"potions_floor_usage":[11,11,16,16],"damage_taken":[{"damage":4,"enemies":"Small Slimes","floor":1,"turns":4},{"damage":2,"enemies":"Jaw Worm","floor":3,"turns":3},{"damage":12,"enemies":"Lagavulin","floor":6,"turns":7},{"damage":0,"enemies":"2 Louse","floor":7,"turns":1},{"damage":37,"enemies":"Gremlin Nob","floor":11,"turns":4},{"damage":0,"enemies":"Blue Slaver","floor":12,"turns":4},{"damage":32,"enemies":"Slime Boss","floor":16,"turns":10}],"seed_played":"-328650802096558652","potions_obtained":[{"floor":3,"key":"Energy Potion"},{"floor":7,"key":"FearPotion"}],"is_trial":false,"path_per_floor":["M","$","M","?","?","E","M","R","T","R","E","M","?","$","R","B"],"character_chosen":"DEFECT","items_purchased":["Glacier","Self Repair","Block Potion","SkillPotion"],"campfire_rested":1,"item_purchase_floors":[2,14,14,14],"current_hp_per_floor":[60,60,58,58,58,46,46,46,46,46,9,21,10,10,29,0,0],"gold":14,"neow_bonus":"BOSS_RELIC","is_daily":false,"chose_seed":false,"campfire_upgraded":2,"win_rate":0.0,"timestamp":1610929945,"path_taken":["M","$","M","?","?","E","M","R","T","R","E","M","?","$","R","BOSS"],"items_purchased_type":["Card","Card","Potion","Potion"],"build_version":"2020-12-22","purchased_purges":1,"victory":false,"max_hp_per_floor":[71,71,71,64,64,64,64,64,64,64,64,64,64,64,64,64,64],"relic_stats":{"Centennial Puzzle":[6],"counters":[7,32],"Golden Idol":24,"obtain_stats":[{"Centennial Puzzle":9,"Golden Idol":4,"Cracked Core":0,"Runic Pyramid":0,"Mercury Hourglass":6,"Meat on the Bone":11},{"Centennial Puzzle":4,"Golden Idol":2,"Cracked Core":0,"Runic Pyramid":0,"Mercury Hourglass":3,"Meat on the Bone":5},{"Centennial Puzzle":15,"Golden Idol":7,"Cracked Core":0,"Runic Pyramid":0,"Mercury Hourglass":14,"Meat on the Bone":18}],"Mercury Hourglass":[79],"Meat on the Bone":12},"card_choices":[{"not_picked":["Redo","Skim"],"picked":"Lockon","floor":1},{"not_picked":["Melter","FTL"],"picked":"White Noise","floor":3},{"not_picked":["Rebound","Streamline"],"picked":"Conserve Battery","floor":6},{"not_picked":["Leap","Storm","Skim"],"picked":"SKIP","floor":7},{"not_picked":["Hologram","Genetic Algorithm"],"picked":"Ball Lightning","floor":11},{"not_picked":["Meteor Strike","Beam Cell","Streamline"],"picked":"SKIP","floor":12}],"player_experience":1803638,"relics_obtained":[{"floor":6,"key":"Mercury Hourglass"},{"floor":9,"key":"Centennial Puzzle"},{"floor":11,"key":"Meat on the Bone"}],"event_choices":[{"damage_healed":0,"gold_gain":0,"player_choice":"Lose Max HP","damage_taken":0,"relics_obtained":["Golden Idol"],"max_hp_gain":0,"max_hp_loss":7,"event_name":"Golden Idol","floor":4,"gold_loss":0},{"damage_healed":0,"gold_gain":0,"player_choice":"Ignored","damage_taken":0,"max_hp_gain":0,"max_hp_loss":0,"event_name":"Liars Game","floor":5,"gold_loss":0},{"damage_healed":0,"gold_gain":75,"player_choice":"Gather Gold","damage_taken":11,"max_hp_gain":0,"max_hp_loss":0,"event_name":"World of Goop","floor":13,"gold_loss":0}],"is_beta":false,"boss_relics":[],"items_purged_floors":[14],"is_endless":false,"potions_floor_spawned":[3,7],"killed_by":"Slime Boss","ascension_level":20}}