{"host":"rjfefv2ruvigm2gb","time":1610974426,"event":{"mods":["AchievementEnabler","AlwaysNeverKeys","Arknights The Spire","BaseMod","Card Forge","Curses Come First","Displayed Cursed Tome","Evolution","Fox Events","Gold Saver","Googly Eyes","HexUI Lib","Ironclad Rager","Mad Scientist","Minty Spire (QoL Compilation)","Permanent Neow","Poor People Problems","Quick Restart","Shop Mod","StS++","StSLib","SuperFastMode","The Sage","Virulent Crown"],"gold_per_floor":[400,251,262,262,276,303,303,334,412,444,470,492,492,529,529,642,642,665,665,693,768,514,553,138,175,246,246,286,286,286,308,308,420,420,444,469,360,382,395,442,442,442,442,504,528,528,551,563,563,575,575,575,575,605,605],"floor_reached":56,"language":"ENG","playtime":2354,"items_purged":[],"score":1978,"play_id":"eb20cf48-2519-4de3-a837-a950db91a4f9","local_time":"20210118065346","is_ascension_mode":true,"campfire_choices":[{"floor":7,"key":"REST"},{"data":"Flex","floor":15,"key":"SMITH"},{"floor":27,"key":"REST"},{"floor":30,"key":"REST"},{"floor":32,"key":"REST"},{"floor":42,"key":"REST"},{"floor":49,"key":"REST"},{"floor":52,"key":"REST"}],"circlet_count":0,"master_deck":["Barricade+1","Entrench+1","Impervious+1","Flame Barrier+1","Seeing Red+1","Seeing Red+1","Double Energy+1","StSpp:Succumb+1","StSpp:Succumb+1","StSpp:Succumb+1","StSpp:Succumb+1"],"relics":["Cracked Core","Hammer of Thor","Seething Fire","Anvil of the Gods","EVO:Axolotl","Runic Capacitor","Torii","Vajra","StSpp:PetrifiedCaterpillar","Whetstone","SacredBark","Letter Opener","StSpp:XCola","Shuriken","Mercury Hourglass","StSpp:Monolith","Omamori","Nuclear Battery","MerchantsRug","InkBottle","HornCleat","CaptainsWheel","sagemod:Singing_Vial"],"acts_visited":["Exordium","TheCity","TheBeyond","TheEnding"],"potions_floor_usage":[1,48,54,54,54,54],"damage_taken":[{"damage":0,"enemies":"2 Louse","floor":1,"turns":1},{"damage":0,"enemies":"Cultist","floor":3,"turns":1},{"damage":0,"enemies":"Small Slimes","floor":5,"turns":1},{"damage":0,"enemies":"Gremlin Nob","floor":6,"turns":1},{"damage":0,"enemies":"Lagavulin","floor":8,"turns":1},{"damage":0,"enemies":"Looter","floor":10,"turns":1},{"damage":0,"enemies":"Blue Slaver","floor":11,"turns":1},{"damage":0,"enemies":"3 Louse","floor":12,"turns":1},{"damage":0,"enemies":"3 Sentries","floor":14,"turns":1},{"damage":0,"enemies":"Slime Boss","floor":16,"turns":1},{"damage":0,"enemies":"Shell Parasite","floor":18,"turns":1},{"damage":0,"enemies":"Spheric Guardian","floor":20,"turns":1},{"damage":0,"enemies":"Slavers","floor":23,"turns":1},{"damage":0,"enemies":"Book of Stabbing","floor":25,"turns":1},{"damage":0,"enemies":"Slavers","floor":28,"turns":1},{"damage":0,"enemies":"Snake Plant","floor":31,"turns":1},{"damage":0,"enemies":"Champ","floor":33,"turns":1},{"damage":0,"enemies":"Orb Walker","floor":35,"turns":1},{"damage":0,"enemies":"3 Shapes","floor":36,"turns":1},{"damage":0,"enemies":"Maw","floor":38,"turns":1},{"damage":4,"enemies":"Sphere and 2 Shapes","floor":39,"turns":1},{"damage":0,"enemies":"Giant Head","floor":40,"turns":1},{"damage":0,"enemies":"Mind Bloom Boss Battle","floor":44,"turns":1},{"damage":0,"enemies":"Writhing Mass","floor":45,"turns":1},{"damage":0,"enemies":"Spire Growth","floor":47,"turns":1},{"damage":0,"enemies":"4 Shapes","floor":48,"turns":1},{"damage":0,"enemies":"Awakened One","floor":50,"turns":2},{"damage":63,"enemies":"Shield and Spear","floor":54,"turns":3},{"damage":2,"enemies":"The Heart","floor":55,"turns":15}],"seed_played":"-6798803844678516385","potions_obtained":[{"floor":0,"key":"FocusPotion"},{"floor":0,"key":"Fruit Juice"},{"floor":0,"key":"EntropicBrew"},{"floor":3,"key":"PowerPotion"},{"floor":16,"key":"SmokeBomb"}],"is_trial":false,"path_per_floor":["M","$","M","$","M","E","R","E","T","M","M","M","?","E","R","B",null,"M","$","M","?","$","E","$","E","T","R","E","?","R","M","R","B",null,"M","M","$","M","M","E","?","R","T","?","M","?","M","M","R","B",null,"R","$","E","B",null],"character_chosen":"DEFECT","items_purchased":["Runic Capacitor","Letter Opener","Juzu Bracelet","Shuriken","MerchantsRug"],"campfire_rested":7,"item_purchase_floors":[2,22,24,24,37],"current_hp_per_floor":[80,80,80,80,80,80,80,80,80,80,80,80,85,85,85,85,85,85,85,85,77,77,77,77,77,77,85,85,69,90,90,90,90,90,90,90,90,90,86,86,86,90,90,90,90,85,85,85,85,85,85,85,85,22,20],"gold":605,"neow_bonus":"THREE_SMALL_POTIONS","is_daily":false,"chose_seed":false,"campfire_upgraded":1,"win_rate":0.0,"timestamp":1610974426,"path_taken":["M","$","M","$","M","E","R","E","T","M","M","M","?","E","R","BOSS","M","$","M","?","$","E","?","E","T","R","E","?","R","M","R","BOSS","M","M","$","M","M","E","?","R","T","?","M","?","M","M","R","BOSS","R","$","E","BOSS"],"items_purchased_type":["Relic","Relic","Relic","Relic","Relic"],"build_version":"2020-12-22","purchased_purges":0,"victory":true,"max_hp_per_floor":[80,80,80,80,80,80,80,80,80,80,80,80,85,85,85,85,85,85,85,85,85,85,85,85,85,85,85,85,90,90,90,90,90,90,90,90,90,90,90,90,90,90,90,90,90,85,85,85,85,85,85,85,85,85,85],"card_choices":[{"not_picked":["Streamline","Turbo","Redo"],"picked":"SKIP","floor":1},{"not_picked":["Sweeping Beam","Turbo"],"picked":"Gash","floor":3},{"not_picked":["Redo","Hyperbeam","Rebound"],"picked":"SKIP","floor":5},{"not_picked":["Compile Driver","Beam Cell","Streamline"],"picked":"SKIP","floor":6},{"not_picked":["Ball Lightning","Beam Cell","Echo Form"],"picked":"SKIP","floor":8},{"not_picked":["Double Energy","Redo","Storm"],"picked":"SKIP","floor":10},{"not_picked":["StSpp:TargetLocked","Darkness","Gash"],"picked":"SKIP","floor":11},{"not_picked":["Force Field","Redo","Fusion"],"picked":"SKIP","floor":12},{"not_picked":["Compile Driver","Darkness","Go for the Eyes"],"picked":"SKIP","floor":14},{"not_picked":["Beam Cell","Ball Lightning+1","Rebound"],"picked":"SKIP","floor":18},{"not_picked":["StSpp:Fierceness","Reinforced Body","Loop"],"picked":"SKIP","floor":20},{"not_picked":["Aggregate","Gash+1","Lockon+1"],"picked":"SKIP","floor":23},{"not_picked":["Chill","Sweeping Beam+1","Blizzard"],"picked":"SKIP","floor":25},{"not_picked":["Coolheaded","Reinforced Body","Stack+1"],"picked":"SKIP","floor":28},{"not_picked":["Beam Cell+1","Turbo","Ball Lightning"],"picked":"SKIP","floor":31},{"not_picked":["Beam Cell","Coolheaded","Conserve Battery+1"],"picked":"SKIP","floor":35},{"not_picked":["Gash+1","Aggregate+1","Barrage+1"],"picked":"SKIP","floor":36},{"not_picked":["Sweeping Beam","Steam","Skim+1"],"picked":"SKIP","floor":38},{"not_picked":["Barrage+1","Cold Snap","Redo+1"],"picked":"SKIP","floor":39},{"not_picked":["Gash+1","StSpp:Igniter","StSpp:Pointer"],"picked":"SKIP","floor":40},{"not_picked":["StSpp:Pointer+1","Steam","Streamline"],"picked":"SKIP","floor":45},{"not_picked":["Cold Snap+1","StSpp:Converter","Steam"],"picked":"SKIP","floor":47},{"not_picked":["Streamline+1","Lockon","Doom and Gloom+1"],"picked":"SKIP","floor":54}],"player_experience":990039,"relics_obtained":[{"floor":6,"key":"Torii"},{"floor":8,"key":"Vajra"},{"floor":9,"key":"StSpp:PetrifiedCaterpillar"},{"floor":14,"key":"Whetstone"},{"floor":23,"key":"StSpp:XCola"},{"floor":25,"key":"Mercury Hourglass"},{"floor":26,"key":"StSpp:Monolith"},{"floor":28,"key":"Omamori"},{"floor":40,"key":"InkBottle"},{"floor":43,"key":"HornCleat"},{"floor":44,"key":"CaptainsWheel"},{"floor":54,"key":"sagemod:Singing_Vial"}],"event_choices":[{"damage_healed":0,"gold_gain":0,"player_choice":"Donut","damage_taken":0,"max_hp_gain":5,"max_hp_loss":0,"event_name":"Big Fish","floor":13,"gold_loss":0},{"damage_healed":0,"gold_gain":75,"player_choice":"Touch","damage_taken":8,"max_hp_gain":0,"max_hp_loss":0,"event_name":"FaceTrader","floor":21,"gold_loss":0},{"damage_healed":0,"gold_gain":0,"player_choice":"Shed Blood","damage_taken":21,"max_hp_gain":5,"max_hp_loss":0,"event_name":"Forgotten Altar","floor":29,"gold_loss":0},{"damage_healed":0,"gold_gain":0,"player_choice":"Ignored","damage_taken":0,"max_hp_gain":0,"max_hp_loss":0,"event_name":"Tomb of Lord Red Mask","floor":41,"gold_loss":0},{"damage_healed":0,"gold_gain":0,"player_choice":"Fight","damage_taken":0,"max_hp_gain":0,"max_hp_loss":0,"event_name":"MindBloom","floor":44,"gold_loss":0},{"damage_healed":0,"gold_gain":0,"player_choice":"Max HP","damage_taken":0,"max_hp_gain":0,"max_hp_loss":5,"event_name":"Winding Halls","floor":46,"gold_loss":0}],"is_beta":false,"boss_relics":[{"not_picked":["StSpp:CrystalBall","Runic Pyramid"],"picked":"SacredBark"},{"not_picked":["Cursed Key","Runic Dome"],"picked":"Nuclear Battery"}],"items_purged_floors":[],"is_endless":false,"potions_floor_spawned":[3,5,6,11,16,20,28,31,36,39,47],"ascension_level":4}}