{"host":"9jj9tzo2iym4bpat","time":1610990613,"event":{"mods":["Act Like it!","BaseMod","CapriCore","Colored Map","Dark Map","Luminous","Minty Spire (QoL Compilation)","Permanent Neow","StSLib","Td1madao Mod","The Animator","The Immortal","The Marked","The Servant 0.9.4","Yakumo Yukari mod"],"gold_per_floor":[117,176,176,3,22,51,51,51,51,61,78,78,96,96,96,200,200,214,230,230,230,241,241,241,241,241,0,0,0,0,13,13,13,13],"floor_reached":33,"language":"ENG","playtime":900,"items_purged":[],"score":292,"play_id":"9e9a8bd1-35cb-45af-8fbb-14f00aa99cbe","local_time":"20210118112333","is_ascension_mode":true,"campfire_choices":[{"floor":8,"key":"REST"},{"floor":12,"key":"REST"},{"floor":15,"key":"REST"},{"floor":23,"key":"REST"},{"data":"Infinite Blades","floor":28,"key":"SMITH"},{"data":"Neutralize","floor":30,"key":"SMITH"},{"floor":32,"key":"REST"}],"circlet_count":0,"master_deck":["Strike_G+1","Strike_G+1","Strike_G+1","Defend_G+1","Defend_G+1","Defend_G+1","Defend_G+1","Survivor","Neutralize+1","Die Die Die","Blade Dance","Poisoned Stab","Deadly Poison","Deflect","Cloak And Dagger","Infinite Blades+1","Adrenaline","Deflect+1","Bane","Necronomicurse","Slice","Calculated Gamble","All Out Attack","Shame","Catalyst"],"relics":["Ring of the Serpent","Snake Skull","Letter Opener","Meat on the Bone","FaceOfCleric","Necronomicon","Frozen Egg 2","Ninja Scroll","Tingsha"],"acts_visited":["Exordium","TheCity"],"potions_floor_usage":[22,33,33],"damage_taken":[{"damage":5,"enemies":"Cultist","floor":1,"turns":4},{"damage":0,"enemies":"Small Slimes","floor":5,"turns":1},{"damage":33,"enemies":"Lagavulin","floor":6,"turns":6},{"damage":1,"enemies":"Jaw Worm","floor":10,"turns":2},{"damage":0,"enemies":"Gremlin Gang","floor":11,"turns":2},{"damage":0,"enemies":"Large Slime","floor":13,"turns":4},{"damage":10,"enemies":"The Guardian","floor":16,"turns":10},{"damage":19,"enemies":"Chosen","floor":18,"turns":5},{"damage":0,"enemies":"3 Byrds","floor":19,"turns":4},{"damage":15,"enemies":"Snake Plant","floor":22,"turns":4},{"damage":24,"enemies":"Centurion and Healer","floor":31,"turns":5},{"damage":73,"enemies":"Collector","floor":33,"turns":8}],"seed_played":"8745861745575040982","potions_obtained":[{"floor":11,"key":"Ancient Potion"},{"floor":13,"key":"Ancient Potion"},{"floor":19,"key":"PowerPotion"},{"floor":31,"key":"Strength Potion"}],"is_trial":false,"path_per_floor":["M","?","?","$","M","E","?","R","T","M","M","R","M","?","R","B",null,"M","M","?","?","M","R","?","?","T","$","R","?","R","M","R","B"],"character_chosen":"THE_SILENT","items_purchased":["Snake Skull","Deadly Poison","Ninja Scroll"],"campfire_rested":5,"item_purchase_floors":[4,4,27],"current_hp_per_floor":[65,65,65,65,65,32,18,39,39,38,38,59,59,59,70,61,71,53,54,38,38,36,58,58,58,58,58,58,58,58,47,69,0,0],"gold":13,"neow_bonus":"ONE_RANDOM_RARE_CARD","is_daily":false,"chose_seed":false,"campfire_upgraded":2,"win_rate":0.0,"timestamp":1610990613,"path_taken":["M","?","?","$","M","E","?","R","T","M","?","R","?","?","R","BOSS","M","M","?","?","M","R","?","?","T","$","R","?","R","M","R","BOSS"],"items_purchased_type":["Relic","Card","Relic"],"build_version":"2020-12-22","purchased_purges":0,"victory":false,"max_hp_per_floor":[70,70,70,70,70,70,70,70,70,70,70,70,70,70,70,71,71,72,73,73,73,74,74,74,74,74,74,74,74,74,75,75,75,75],"card_choices":[{"not_picked":["Poisoned Stab","PiercingWail"],"picked":"Blade Dance","floor":1},{"not_picked":["Quick Slash","Dodge and Roll","Flying Knee"],"picked":"SKIP","floor":5},{"not_picked":["Predator","Poisoned Stab"],"picked":"Deflect","floor":6},{"not_picked":["Dagger Throw","Deadly Poison"],"picked":"Cloak And Dagger","floor":10},{"not_picked":["Expertise","Eviscerate","Escape Plan"],"picked":"SKIP","floor":11},{"not_picked":["Escape Plan","Dagger Spray"],"picked":"Infinite Blades","floor":13},{"not_picked":["Grand Finale","Storm of Steel"],"picked":"Adrenaline","floor":16},{"not_picked":["PiercingWail","Dagger Spray"],"picked":"Deflect+1","floor":18},{"not_picked":["Sucker Punch","PiercingWail+1"],"picked":"Bane","floor":19},{"not_picked":["Flying Knee+1","Cloak And Dagger"],"picked":"Slice","floor":22},{"not_picked":["Dash","Riddle With Holes+1"],"picked":"Catalyst","floor":31}],"player_experience":279310,"relics_obtained":[{"floor":6,"key":"Letter Opener"},{"floor":9,"key":"Meat on the Bone"},{"floor":20,"key":"Necronomicon"},{"floor":26,"key":"Frozen Egg 2"}],"event_choices":[{"damage_healed":0,"gold_gain":59,"player_choice":"Gained Gold","damage_taken":0,"max_hp_gain":0,"max_hp_loss":0,"event_name":"Golden Wing","floor":2,"gold_loss":0},{"damage_healed":0,"gold_gain":0,"cards_transformed":["Strike_G"],"player_choice":"Change","damage_taken":0,"max_hp_gain":0,"max_hp_loss":0,"event_name":"Living Wall","floor":3,"gold_loss":0,"cards_obtained":["Poisoned Stab"]},{"damage_healed":0,"gold_gain":0,"player_choice":"Entered Light","damage_taken":14,"max_hp_gain":0,"max_hp_loss":0,"event_name":"Shining Light","floor":7,"gold_loss":0,"cards_upgraded":["Strike_G","Defend_G"]},{"damage_healed":0,"gold_gain":0,"player_choice":"Trade","damage_taken":0,"relics_obtained":["FaceOfCleric"],"max_hp_gain":0,"max_hp_loss":0,"event_name":"FaceTrader","floor":14,"gold_loss":0},{"damage_healed":0,"gold_gain":0,"player_choice":"Obtained Book","damage_taken":16,"max_hp_gain":0,"max_hp_loss":0,"event_name":"Cursed Tome","floor":20,"gold_loss":0},{"damage_healed":0,"gold_gain":0,"player_choice":"Ignored","damage_taken":0,"max_hp_gain":0,"max_hp_loss":0,"event_name":"Ghosts","floor":21,"gold_loss":0},{"damage_healed":0,"gold_gain":0,"player_choice":"Simplicity","damage_taken":0,"max_hp_gain":0,"max_hp_loss":0,"event_name":"Back to Basics","floor":24,"gold_loss":0,"cards_upgraded":["Strike_G","Strike_G","Strike_G","Defend_G","Defend_G","Defend_G","Defend_G"]},{"damage_healed":0,"gold_gain":0,"cards_transformed":["Defend_G","Strike_G"],"player_choice":"Became Test Subject","damage_taken":0,"max_hp_gain":0,"max_hp_loss":0,"event_name":"Drug Dealer","floor":25,"gold_loss":0,"cards_obtained":["Calculated Gamble","All Out Attack"]},{"damage_healed":0,"gold_gain":0,"player_choice":"Stole Relic","damage_taken":0,"relics_obtained":["Tingsha"],"max_hp_gain":0,"max_hp_loss":0,"event_name":"Addict","floor":29,"gold_loss":0,"cards_obtained":["Shame"]}],"is_beta":false,"boss_relics":[{"not_picked":["Busted Crown","Tiny House"],"picked":"Ring of the Serpent"}],"items_purged_floors":[],"is_endless":false,"potions_floor_spawned":[11,13,19,31],"killed_by":"Collector","ascension_level":4}}