{"host":"axuns55dzq466eei","time":1610973510,"event":{"mods":["BaseMod","Colored Map","Keyboard Shortcuts","Minty Spire (QoL Compilation)","StSLib","SuperFastMode"],"gold_per_floor":[119,119,119,44,58,89,89,8,8,23,23,49,49,49,49,120,120,135,135,135,185,185,185,217,217,217,217,73,73,90,108,108,193,193,215,232,241,241,241,241,274,274,353,373,408,461,478,137,137,137,137,137,137,12,47,47,47],"floor_reached":56,"language":"KOR","playtime":1880,"items_purged":["Strike_B","Dualcast","Melter"],"score":1900,"play_id":"cc3ac1a3-485e-4d82-b74a-e2ad854a3a91","local_time":"20210118213830","is_ascension_mode":true,"campfire_choices":[{"data":"Chaos","floor":7.0,"key":"SMITH"},{"data":"Defragment","floor":11.0,"key":"SMITH"},{"data":"Zap","floor":13.0,"key":"SMITH"},{"data":"Thunder Strike","floor":15.0,"key":"SMITH"},{"data":"Fission","floor":23.0,"key":"SMITH"},{"data":"Heatsinks","floor":25,"key":"SMITH"},{"data":"Coolheaded","floor":27,"key":"SMITH"},{"data":"Tempest","floor":29,"key":"SMITH"},{"data":"Force Field","floor":32,"key":"SMITH"},{"data":"Buffer","floor":40,"key":"SMITH"},{"data":"Electrodynamics","floor":42,"key":"SMITH"},{"floor":49,"key":"RECALL"},{"data":"Glacier","floor":53,"key":"SMITH"}],"circlet_count":0,"master_deck":["AscendersBane","Zap+1","Chaos+1","Electrodynamics+1","Glacier+1","Defragment+1","Thunder Strike+1","Fission+1","Tempest+1","Force Field+1","Glacier","Machine Learning","Self Repair","Coolheaded+1","Heatsinks+1","Finesse","Buffer+1","Coolheaded+1","Flash of Steel","Echo Form","Heatsinks","Compile Driver","Heatsinks"],"relics":["Cracked Core","NeowsBlessing","StrikeDummy","Dream Catcher","Centennial Puzzle","Pandora\u0027s Box","Bottled Tornado","CeramicFish","Nuclear Battery","Anchor","Lantern","Pocketwatch","Runic Capacitor","Eternal Feather"],"acts_visited":["Exordium","TheCity","TheBeyond","TheEnding"],"potions_floor_usage":[33,33,51,56,56],"damage_taken":[{"damage":0.0,"enemies":"Cultist","floor":1.0,"turns":1.0},{"damage":0.0,"enemies":"2 Louse","floor":5.0,"turns":1.0},{"damage":0.0,"enemies":"Lagavulin","floor":6.0,"turns":1.0},{"damage":0.0,"enemies":"Jaw Worm","floor":10.0,"turns":4.0},{"damage":10.0,"enemies":"3 Sentries","floor":12.0,"turns":3.0},{"damage":11.0,"enemies":"Hexaghost","floor":16.0,"turns":8.0},{"damage":6.0,"enemies":"3 Byrds","floor":18.0,"turns":2.0},{"damage":15.0,"enemies":"Slavers","floor":24.0,"turns":3.0},{"damage":0,"enemies":"Shell Parasite","floor":30,"turns":4},{"damage":0,"enemies":"Snecko","floor":31,"turns":2},{"damage":31,"enemies":"Automaton","floor":33,"turns":7},{"damage":0,"enemies":"Orb Walker","floor":35,"turns":2},{"damage":0,"enemies":"3 Darklings","floor":36,"turns":2},{"damage":14,"enemies":"Reptomancer","floor":41,"turns":5},{"damage":0,"enemies":"Jaw Worm Horde","floor":44,"turns":2},{"damage":7,"enemies":"Nemesis","floor":45,"turns":5},{"damage":8,"enemies":"2 Orb Walkers","floor":46,"turns":2},{"damage":0,"enemies":"Maw","floor":47,"turns":6},{"damage":6,"enemies":"Donu and Deca","floor":50,"turns":7},{"damage":20,"enemies":"Awakened One","floor":51,"turns":13},{"damage":58,"enemies":"Shield and Spear","floor":55,"turns":6},{"damage":25,"enemies":"The Heart","floor":56,"turns":9}],"seed_played":"-4672287288537783757","potions_obtained":[{"floor":5.0,"key":"ColorlessPotion"},{"floor":6.0,"key":"Regen Potion"},{"floor":18.0,"key":"Block Potion"},{"floor":41,"key":"DuplicationPotion"},{"floor":44,"key":"BlessingOfTheForge"},{"floor":55,"key":"DuplicationPotion"}],"is_trial":false,"path_per_floor":["M","?","?","$","M","E","R","$","T","M","R","E","R","$","R","B",null,"M","?","?","?","$","R","E","R","T","R","$","R","M","M","R","B",null,"M","M","?","?","?","R","E","R","T","M","E","?","M","$","R","B","B",null,"R","$","E","B"],"character_chosen":"DEFECT","items_purchased":["Defragment","Finesse","PowerPotion","Runic Capacitor","Compile Driver","Heatsinks"],"campfire_rested":0,"item_purchase_floors":[8,28,28,48,48,48],"current_hp_per_floor":[64,43,43,43,43,43,43,43,43,43,43,33,33,33,33,37,63,64,44,44,44,44,44,36,36,36,36,36,36,43,43,43,19,62,69,76,66,66,66,66,59,59,59,66,66,65,72,72,72,76,70,75,75,75,24,0,0],"gold":47,"neow_bonus":"THREE_ENEMY_KILL","is_daily":false,"chose_seed":false,"campfire_upgraded":12,"win_rate":0.0,"timestamp":1610973510,"path_taken":["M","?","?","$","M","E","R","$","T","M","R","E","R","?","R","BOSS","M","?","?","?","$","R","E","R","T","R","$","R","M","?","R","BOSS","M","M","?","?","?","R","E","R","T","M","E","?","M","$","R","BOSS","BOSS","R","$","E","BOSS"],"items_purchased_type":["Card","Card","Potion","Relic","Card","Card"],"build_version":"2020-12-22","purchased_purges":3,"victory":false,"max_hp_per_floor":[71,71,71,71,71,71,71,71,71,71,71,71,71,71,71,71,71,71,76,76,76,76,76,76,76,76,76,76,76,76,76,76,76,76,76,76,76,76,76,76,76,76,76,76,76,76,76,76,76,76,76,76,76,76,76,76,76],"card_choices":[{"not_picked":["Go for the Eyes","Barrage"],"picked":"Chaos","floor":1.0},{"not_picked":["Steam","Streamline"],"picked":"Electrodynamics","floor":5.0},{"not_picked":["Coolheaded","Capacitor"],"picked":"Glacier","floor":6.0},{"not_picked":["Gash","Stack"],"picked":"Darkness","floor":10.0},{"not_picked":["Self Repair","Stack"],"picked":"Thunder Strike","floor":12.0},{"not_picked":["Hyperbeam","Multi-Cast"],"picked":"Fission","floor":16.0},{"not_picked":["Go for the Eyes","Steam"],"picked":"Coolheaded","floor":18.0},{"not_picked":["Blizzard","Hello World"],"picked":"Heatsinks","floor":24},{"not_picked":["Hologram","Conserve Battery","Stack"],"picked":"SKIP","floor":30},{"not_picked":["Cold Snap","Chill","Redo"],"picked":"SKIP","floor":31},{"not_picked":["Thunder Strike","Creative AI"],"picked":"Buffer","floor":33},{"not_picked":["Turbo","Rebound"],"picked":"Coolheaded+1","floor":35},{"not_picked":["Sunder","Go for the Eyes","Coolheaded"],"picked":"SKIP","floor":36},{"not_picked":["Jack Of All Trades","Panacea"],"picked":"Flash of Steel","floor":37},{"not_picked":["Stack","White Noise","Rebound+1"],"picked":"SKIP","floor":41},{"not_picked":["Steam Power+1","Go for the Eyes+1"],"picked":"Echo Form","floor":44},{"not_picked":["Lockon","Turbo"],"picked":"Heatsinks","floor":45},{"not_picked":["Coolheaded","Turbo","Streamline"],"picked":"SKIP","floor":47},{"not_picked":["Melter","Doom and Gloom+1","Turbo"],"picked":"SKIP","floor":55}],"player_experience":1083050,"relics_obtained":[{"floor":6.0,"key":"StrikeDummy"},{"floor":9.0,"key":"Dream Catcher"},{"floor":12.0,"key":"Centennial Puzzle"},{"floor":24,"key":"Bottled Tornado"},{"floor":26,"key":"CeramicFish"},{"floor":41,"key":"Anchor"},{"floor":45,"key":"Lantern"},{"floor":46,"key":"Pocketwatch"},{"floor":55,"key":"Eternal Feather"}],"event_choices":[{"damage_healed":0.0,"max_hp_gain":0.0,"max_hp_loss":0.0,"gold_gain":0.0,"event_name":"Shining Light","player_choice":"Entered Light","floor":2.0,"gold_loss":0.0,"damage_taken":21.0,"cards_upgraded":["Defend_B","Strike_B"]},{"damage_healed":0.0,"max_hp_gain":0.0,"max_hp_loss":0.0,"gold_gain":0.0,"event_name":"Golden Idol","player_choice":"Ignored","floor":3.0,"gold_loss":0.0,"damage_taken":0.0},{"damage_healed":0.0,"max_hp_gain":5.0,"max_hp_loss":0.0,"gold_gain":0.0,"event_name":"Forgotten Altar","player_choice":"Shed Blood","floor":19.0,"gold_loss":0.0,"damage_taken":25.0},{"cards_removed":["Darkness"],"damage_healed":0.0,"max_hp_gain":0.0,"max_hp_loss":0.0,"gold_gain":0.0,"event_name":"Back to Basics","player_choice":"Elegance","floor":20.0,"gold_loss":0.0,"damage_taken":0.0},{"damage_healed":0.0,"max_hp_gain":0.0,"max_hp_loss":0.0,"gold_gain":100.0,"event_name":"The Joust","player_choice":"Bet on Murderer","floor":21.0,"gold_loss":50.0,"damage_taken":0.0},{"damage_healed":0,"gold_gain":0,"player_choice":"Memory 3","damage_taken":10,"max_hp_gain":0,"max_hp_loss":0,"event_name":"SensoryStone","floor":37,"gold_loss":0},{"cards_removed":["Lockon"],"damage_healed":0,"gold_gain":0,"player_choice":"Removed Attack","damage_taken":0,"max_hp_gain":0,"max_hp_loss":0,"event_name":"Falling","floor":38,"gold_loss":0},{"damage_healed":0,"gold_gain":0,"player_choice":"Ignored","damage_taken":0,"max_hp_gain":0,"max_hp_loss":0,"event_name":"Tomb of Lord Red Mask","floor":39,"gold_loss":0},{"damage_healed":0,"gold_gain":0,"player_choice":"Fight","damage_taken":0,"max_hp_gain":0,"max_hp_loss":0,"event_name":"Mysterious Sphere","floor":46,"gold_loss":0}],"is_beta":false,"boss_relics":[{"not_picked":["Cursed Key","Sozu"],"picked":"Pandora\u0027s Box"},{"not_picked":["Calling Bell","Runic Dome"],"picked":"Nuclear Battery"}],"items_purged_floors":[4,48,54],"is_endless":false,"potions_floor_spawned":[5,6,18,30,31,41,44,46,55],"killed_by":"The Heart","ascension_level":20}}