{"host":"u0u9cmyarolwe3xc","time":1610994217,"event":{"mods":["AchievementEnabler","Aspiration","BaseMod","Better Note","BetterRewards","Card Forge","Colored Powertips","Hermit","Minty Spire (QoL Compilation)","Permanent Neow","Quick Restart","Rare Cards Sparkle","Shop Mod","StSLib"],"gold_per_floor":[110,60,60,75,93,93,123,123,168,10,10,28,46,81,81,185,185,204,221,97,111,111,111],"floor_reached":22,"language":"ENG","playtime":1125,"items_purged":["hermit:Strike_Hermit","hermit:Defend_Hermit"],"score":221,"play_id":"c41a7111-ba96-4165-a9ff-ad8874f94b08","local_time":"20210119022337","is_ascension_mode":false,"campfire_choices":[{"data":"hermit:Midnight","floor":6,"key":"SMITH"},{"floor":11,"key":"REST"},{"floor":15,"key":"RECALL"}],"circlet_count":0,"master_deck":["hermit:Strike_Hermit","hermit:Defend_Hermit","hermit:Snapshot","hermit:Covet","hermit:Feint","hermit:Headshot","hermit:HighCaliber","hermit:Spite","hermit:Midnight+1","hermit:SprayPray","hermit:Malice","Injury","hermit:HeroicBravado+1","hermit:Quickdraw","hermit:OverwhelmingPower","hermit:Quickdraw","hermit:Purgatory","hermit:Deadeye+1","hermit:TakeAim","hermit:Snipe+1","hermit:CursedWeapon+1"],"relics":["hermit:Momento","Hammer of Thor","Seething Fire","Anvil of the Gods","aspiration:Lifesprig","Anchor","Toxic Egg 2","Regal Pillow","Fusion Hammer"],"acts_visited":["Exordium","TheCity"],"potions_floor_usage":[7,14,16,22],"damage_taken":[{"damage":1,"enemies":"Cultist","floor":1,"turns":3},{"damage":7,"enemies":"2 Louse","floor":4,"turns":2},{"damage":4,"enemies":"Jaw Worm","floor":5,"turns":2},{"damage":12,"enemies":"3 Sentries","floor":7,"turns":6},{"damage":0,"enemies":"Gremlin Gang","floor":12,"turns":1},{"damage":0,"enemies":"Exordium Thugs","floor":13,"turns":2},{"damage":0,"enemies":"Gremlin Nob","floor":14,"turns":2},{"damage":28,"enemies":"Slime Boss","floor":16,"turns":11},{"damage":32,"enemies":"Shell Parasite","floor":18,"turns":4},{"damage":15,"enemies":"Spheric Guardian","floor":19,"turns":3},{"damage":23,"enemies":"Chosen and Byrds","floor":21,"turns":3},{"damage":6,"enemies":"Snake Plant","floor":22,"turns":2}],"seed_played":"-1179252219747752726","potions_obtained":[{"floor":1,"key":"SneckoOil"},{"floor":4,"key":"ColorlessPotion"},{"floor":7,"key":"FearPotion"},{"floor":13,"key":"EssenceOfSteel"},{"floor":19,"key":"BlessingOfTheForge"}],"is_trial":false,"path_per_floor":["M","?","?","M","M","R","E","?","T","$","R","M","M","E","R","B",null,"M","M","$","M","M"],"character_chosen":"HERMIT","items_purchased":["hermit:Feint","hermit:Headshot","hermit:HighCaliber","hermit:Spite","hermit:HeroicBravado+1","hermit:Snipe+1"],"campfire_rested":1,"item_purchase_floors":[0,0,0,0,10,20],"current_hp_per_floor":[74,74,71,64,60,60,48,48,48,48,70,70,70,70,70,42,75,43,28,28,5,0,0],"gold":111,"neow_bonus":"","is_daily":false,"chose_seed":false,"campfire_upgraded":1,"win_rate":0.0,"timestamp":1610994217,"path_taken":["M","?","?","M","M","R","E","?","T","?","R","M","M","E","R","BOSS","M","?","$","M","?"],"items_purchased_type":["Card","Card","Card","Card","Card","Card"],"build_version":"2020-12-22","purchased_purges":2,"victory":false,"max_hp_per_floor":[75,75,75,75,75,75,75,75,75,75,75,75,75,75,75,75,75,75,75,75,75,75,75],"card_choices":[{"not_picked":["hermit:Quickdraw","hermit:Gestalt"],"picked":"hermit:Midnight","floor":1},{"not_picked":["hermit:Coalescence","hermit:Grudge"],"picked":"hermit:SprayPray","floor":4},{"not_picked":["hermit:LoneWolf","hermit:Misfire","hermit:CalledShot"],"picked":"SKIP","floor":5},{"not_picked":["hermit:Horror","hermit:SprayPray"],"picked":"hermit:Malice","floor":7},{"not_picked":["hermit:Roulette","hermit:BodyArmor+1"],"picked":"hermit:Quickdraw","floor":12},{"not_picked":["hermit:Desperado","hermit:ItchyTrigger"],"picked":"hermit:OverwhelmingPower","floor":13},{"not_picked":["hermit:Ricochet","hermit:Vantage+1"],"picked":"hermit:Quickdraw","floor":14},{"not_picked":["hermit:FatalDesire","hermit:FromBeyond+1"],"picked":"hermit:Purgatory","floor":16},{"not_picked":["hermit:LowProfile+1","hermit:Ricochet+1"],"picked":"hermit:Deadeye+1","floor":18},{"not_picked":["hermit:Misfire","hermit:Malice+1"],"picked":"hermit:TakeAim","floor":19},{"not_picked":["hermit:LowProfile+1","hermit:HoleUp+1"],"picked":"hermit:CursedWeapon+1","floor":21}],"player_experience":37395,"relics_obtained":[{"floor":7,"key":"Anchor"},{"floor":14,"key":"Regal Pillow"}],"event_choices":[{"cards_removed":["hermit:Defend_Hermit"],"damage_healed":0,"gold_gain":0,"player_choice":"Card Removal","damage_taken":0,"max_hp_gain":0,"max_hp_loss":0,"event_name":"The Cleric","floor":2,"gold_loss":50},{"damage_healed":0,"gold_gain":0,"player_choice":"Success","damage_taken":3,"relics_obtained":["aspiration:Lifesprig"],"max_hp_gain":0,"max_hp_loss":0,"event_name":"Scrap Ooze","floor":3,"gold_loss":0}],"is_beta":false,"boss_relics":[{"not_picked":["Empty Cage","hermit:ClaspedLocket"],"picked":"Fusion Hammer"}],"items_purged_floors":[0,20],"is_endless":false,"potions_floor_spawned":[1,4,7,13,19],"killed_by":"Snake Plant","ascension_level":0}}