{"host":"h0xw20cia6ppa69g","time":1610969264,"event":{"mods":["AchievementEnabler","BaseMod","Colored Map","Filter the Spire","Googly Eyes","Minty Spire (QoL Compilation)","Relic Stats","StSLib","The Awakened One except there are too many feathers","everything is the same but u backflip on backflip"],"gold_per_floor":[112,187,187,203,51,80,99,114,114,126,126,155,205,205,205,307,307,317,343,363,363,11,37,56,84,84,98,141,56,99,117,117,224,224,243,243,1260,1260,840,865,865,900,912,924,955,1006,1018,1030,1042,1054,1066,1078,154,191,191],"floor_reached":56,"language":"ENG","playtime":3461,"items_purged":["Zap","Normality","Normality"],"score":1626,"play_id":"dc2b5550-eb7c-4c42-8777-048b2e31d795","local_time":"20210118052744","is_ascension_mode":true,"campfire_choices":[{"floor":11,"key":"REST"},{"floor":15,"key":"REST"},{"data":"Hologram","floor":32,"key":"SMITH"},{"floor":44,"key":"RECALL"},{"data":"Turbo","floor":47,"key":"SMITH"},{"data":"Echo Form","floor":49,"key":"SMITH"},{"data":"Force Field","floor":52,"key":"SMITH"}],"circlet_count":0,"master_deck":["Dualcast+1","Streamline","Cold Snap","Core Surge","Recycle+1","Core Surge","Creative AI","Coolheaded","Turbo+1","Hologram+1","Echo Form+1","Conserve Battery","Force Field+1","Leap","Buffer","All For One+1","Force Field+1","Conserve Battery+1","Storm","BootSequence","Go for the Eyes+1","Self Repair","Glacier","Fusion+1","Amplify","Coolheaded+1","Stack","Creative AI","Glacier+1","Go for the Eyes+1","Double Energy+1","PanicButton","Skim","Compile Driver+1","Heatsinks","Magnetism","Beam Cell+1"],"relics":["Pandora\u0027s Box","OrangePellets","Tiny Chest","Centennial Puzzle","Molten Egg 2","Bag of Marbles","Du-Vu Doll","Black Star","Bottled Flame","Mummified Hand","Potion Belt","InkBottle","Akabeko","TungstenRod","Blood Vial","Pen Nib","CeramicFish","Boot","Art of War","PreservedInsect","SlaversCollar","Gremlin Horn","DataDisk","DollysMirror","Vajra","Thread and Needle","MawBank","Nunchaku","Strawberry","Happy Flower","Smiling Mask","Pear","Bag of Preparation","TheAbacus","Toy Ornithopter","Ornamental Fan","HornCleat"],"acts_visited":["Exordium","TheCity","TheBeyond","TheEnding"],"potions_floor_usage":[10,10,23,24,31,46,55,55,55,55],"damage_taken":[{"damage":5,"enemies":"2 Louse","floor":1,"turns":2},{"damage":9,"enemies":"Jaw Worm","floor":4,"turns":3},{"damage":6,"enemies":"Lagavulin","floor":6,"turns":6},{"damage":6,"enemies":"Cultist","floor":7,"turns":3},{"damage":10,"enemies":"Looter","floor":8,"turns":4},{"damage":9,"enemies":"Large Slime","floor":10,"turns":7},{"damage":20,"enemies":"Gremlin Nob","floor":12,"turns":5},{"damage":0,"enemies":"Slime Boss","floor":16,"turns":7},{"damage":3,"enemies":"3 Byrds","floor":18,"turns":6},{"damage":1,"enemies":"Chosen","floor":20,"turns":6},{"damage":18,"enemies":"Gremlin Leader","floor":23,"turns":5},{"damage":21,"enemies":"Snake Plant","floor":24,"turns":3},{"damage":22,"enemies":"Slavers","floor":25,"turns":6},{"damage":0,"enemies":"Snecko","floor":27,"turns":5},{"damage":7,"enemies":"Gremlin Leader","floor":28,"turns":6},{"damage":3,"enemies":"Slavers","floor":30,"turns":7},{"damage":2,"enemies":"3 Cultists","floor":31,"turns":6},{"damage":7,"enemies":"Automaton","floor":33,"turns":13},{"damage":7,"enemies":"Orb Walker","floor":35,"turns":5},{"damage":4,"enemies":"Nemesis","floor":40,"turns":7},{"damage":0,"enemies":"Giant Head","floor":42,"turns":7},{"damage":4,"enemies":"3 Darklings","floor":45,"turns":6},{"damage":0,"enemies":"Nemesis","floor":46,"turns":7},{"damage":1,"enemies":"Awakened One","floor":50,"turns":15},{"damage":0,"enemies":"Shield and Spear","floor":54,"turns":5},{"damage":1,"enemies":"The Heart","floor":55,"turns":10}],"seed_played":"7978178516086776297","potions_obtained":[{"floor":6,"key":"Regen Potion"},{"floor":8,"key":"AttackPotion"},{"floor":10,"key":"PowerPotion"},{"floor":12,"key":"Explosive Potion"},{"floor":18,"key":"FocusPotion"},{"floor":24,"key":"FearPotion"},{"floor":28,"key":"SkillPotion"},{"floor":31,"key":"SkillPotion"},{"floor":33,"key":"SpeedPotion"},{"floor":42,"key":"SkillPotion"},{"floor":45,"key":"Fruit Juice"},{"floor":46,"key":"Dexterity Potion"}],"is_trial":false,"path_per_floor":["M","?","?","M","$","E","M","M","T","M","R","E","T","?","R","B",null,"M","T","M","T","$","E","M","E","T","M","E","?","E","M","R","B",null,"M","T","?","?","$","E","?","E","T","R","M","E","R","T","R","B",null,"R","$","E","B",null],"character_chosen":"DEFECT","items_purchased":["OrangePellets","Mummified Hand","Storm","DataDisk","Stack","DollysMirror","Bag of Preparation","TheAbacus","Toy Ornithopter","PanicButton","Skim","Compile Driver+1","Heatsinks","FocusPotion","Magnetism"],"campfire_rested":2,"item_purchase_floors":[5,22,22,39,39,39,53,53,53,53,53,53,53,53,53],"current_hp_per_floor":[70,59,44,35,35,29,23,13,13,19,41,21,21,14,36,36,75,72,72,71,71,71,53,32,10,10,12,14,14,27,34,34,36,75,75,75,75,75,75,75,75,75,82,82,78,87,87,97,97,96,97,97,97,97,97],"gold":191,"neow_bonus":"BOSS_RELIC","is_daily":false,"chose_seed":false,"campfire_upgraded":4,"win_rate":0.0,"timestamp":1610969264,"path_taken":["M","?","?","M","$","E","M","?","T","M","R","E","?","?","R","BOSS","M","?","?","?","$","E","M","E","T","M","E","?","E","M","R","BOSS","M","?","?","?","$","E","?","E","T","R","M","E","R","?","R","BOSS","R","$","E","BOSS"],"items_purchased_type":["Relic","Relic","Card","Relic","Card","Relic","Relic","Relic","Relic","Card","Card","Card","Card","Potion","Card"],"build_version":"2020-12-22","purchased_purges":3,"victory":true,"max_hp_per_floor":[75,75,75,75,75,75,75,75,75,75,75,75,75,75,75,75,75,75,75,75,75,75,75,75,75,75,75,75,75,75,75,75,75,75,75,75,75,75,75,75,75,75,82,82,82,87,87,97,97,97,97,97,97,97,97],"relic_stats":{"Gremlin Horn":[6,6],"CeramicFish":153,"Bag of Preparation":[4],"Boot":[32],"Smiling Mask":75,"Blood Vial":12,"Centennial Puzzle":[48],"Nunchaku":[7],"TheAbacus":[36],"Mummified Hand":[288],"Tiny Chest":3,"InkBottle":[65],"Happy Flower":[10],"counters":[26,162],"Pen Nib":[13],"PreservedInsect":287,"MawBank":132,"OrangePellets":[6],"Ornamental Fan":[20],"Pandora\u0027s Box":["Streamline","Cold Snap","Core Surge","Static Discharge","Recycle","Core Surge","Creative AI","Coolheaded"],"Black Star":8,"Art of War":[18],"obtain_stats":[{"Gremlin Horn":36,"CeramicFish":28,"Vajra":40,"Bag of Preparation":53,"Boot":29,"Smiling Mask":46,"Blood Vial":26,"Centennial Puzzle":9,"Nunchaku":42,"TheAbacus":53,"HornCleat":54,"Mummified Hand":22,"DollysMirror":39,"Strawberry":43,"Tiny Chest":6,"Cracked Core":0,"InkBottle":23,"Potion Belt":23,"Pear":48,"Happy Flower":46,"Thread and Needle":40,"Pen Nib":28,"PreservedInsect":30,"MawBank":42,"Akabeko":25,"Du-Vu Doll":14,"OrangePellets":5,"SlaversCollar":34,"Bottled Flame":21,"DataDisk":39,"Ornamental Fan":54,"Pandora\u0027s Box":0,"Molten Egg 2":12,"Bag of Marbles":13,"Black Star":17,"Art of War":30,"TungstenRod":25,"Toy Ornithopter":53},{"Gremlin Horn":19,"CeramicFish":15,"Vajra":20,"Bag of Preparation":24,"Boot":15,"Smiling Mask":23,"Blood Vial":13,"Centennial Puzzle":5,"Nunchaku":21,"TheAbacus":24,"HornCleat":25,"Mummified Hand":10,"DollysMirror":19,"Strawberry":21,"Tiny Chest":3,"Cracked Core":0,"InkBottle":11,"Potion Belt":11,"Pear":23,"Happy Flower":23,"Thread and Needle":20,"Pen Nib":15,"PreservedInsect":16,"MawBank":21,"Akabeko":13,"Du-Vu Doll":7,"OrangePellets":2,"SlaversCollar":18,"Bottled Flame":10,"DataDisk":19,"Ornamental Fan":25,"Pandora\u0027s Box":0,"Molten Egg 2":7,"Bag of Marbles":7,"Black Star":8,"Art of War":16,"TungstenRod":13,"Toy Ornithopter":24},{"Gremlin Horn":105,"CeramicFish":74,"Vajra":112,"Bag of Preparation":147,"Boot":74,"Smiling Mask":132,"Blood Vial":63,"Centennial Puzzle":18,"Nunchaku":119,"TheAbacus":147,"HornCleat":152,"Mummified Hand":49,"DollysMirror":105,"Strawberry":119,"Tiny Chest":11,"Cracked Core":0,"InkBottle":54,"Potion Belt":54,"Pear":132,"Happy Flower":132,"Thread and Needle":112,"Pen Nib":74,"PreservedInsect":81,"MawBank":119,"Akabeko":63,"Du-Vu Doll":30,"OrangePellets":5,"SlaversCollar":100,"Bottled Flame":49,"DataDisk":105,"Ornamental Fan":152,"Pandora\u0027s Box":0,"Molten Egg 2":30,"Bag of Marbles":30,"Black Star":37,"Art of War":81,"TungstenRod":63,"Toy Ornithopter":147}],"TungstenRod":16,"Toy Ornithopter":0},"card_choices":[{"not_picked":["Redo","Tempest"],"picked":"Turbo","floor":1},{"not_picked":["Rebound","Sunder"],"picked":"Hologram","floor":4},{"not_picked":["Redo","Leap"],"picked":"Echo Form","floor":6},{"not_picked":["Compile Driver","Sunder"],"picked":"Conserve Battery","floor":7},{"not_picked":["Steam","Sweeping Beam"],"picked":"Force Field","floor":8},{"not_picked":["Chaos","Storm"],"picked":"Leap","floor":10},{"not_picked":["Conserve Battery","Blizzard+1"],"picked":"Buffer","floor":12},{"not_picked":["Buffer","Core Surge+1"],"picked":"All For One+1","floor":16},{"not_picked":["Rebound+1","Compile Driver+1"],"picked":"Force Field+1","floor":18},{"not_picked":["Barrage+1","Loop"],"picked":"Conserve Battery+1","floor":20},{"not_picked":["Steam","Hello World","Cold Snap+1"],"picked":"SKIP","floor":23},{"not_picked":["Consume","Beam Cell+1"],"picked":"BootSequence","floor":24},{"not_picked":["Multi-Cast","Loop"],"picked":"Go for the Eyes+1","floor":25},{"not_picked":["Steam","Hologram"],"picked":"Self Repair","floor":27},{"not_picked":["Hologram+1","Streamline+1"],"picked":"Glacier","floor":28},{"not_picked":["Sweeping Beam+1","Coolheaded+1"],"picked":"Fusion+1","floor":30},{"not_picked":["FTL+1","Scrape+1","Rip and Tear+1"],"picked":"SKIP","floor":31},{"not_picked":["Machine Learning","Thunder Strike+1"],"picked":"Amplify","floor":33},{"not_picked":["White Noise","Leap+1"],"picked":"Coolheaded+1","floor":35},{"not_picked":["Ball Lightning+1","Redo+1","Streamline+1"],"picked":"SKIP","floor":40},{"not_picked":["Rebound+1","Compile Driver+1"],"picked":"Glacier+1","floor":42},{"not_picked":["Rebound+1","Stack+1"],"picked":"Go for the Eyes+1","floor":45},{"not_picked":["Gash+1","Rip and Tear+1"],"picked":"Double Energy+1","floor":46},{"not_picked":["Gash+1","FTL+1"],"picked":"Beam Cell+1","floor":54}],"player_experience":3721909,"relics_obtained":[{"floor":6,"key":"Tiny Chest"},{"floor":9,"key":"Centennial Puzzle"},{"floor":12,"key":"Molten Egg 2"},{"floor":13,"key":"Bag of Marbles"},{"floor":21,"key":"Bottled Flame"},{"floor":23,"key":"Potion Belt"},{"floor":23,"key":"InkBottle"},{"floor":25,"key":"Akabeko"},{"floor":25,"key":"TungstenRod"},{"floor":26,"key":"Blood Vial"},{"floor":28,"key":"Pen Nib"},{"floor":28,"key":"CeramicFish"},{"floor":30,"key":"Art of War"},{"floor":30,"key":"PreservedInsect"},{"floor":36,"key":"Gremlin Horn"},{"floor":40,"key":"Vajra"},{"floor":40,"key":"Thread and Needle"},{"floor":42,"key":"MawBank"},{"floor":42,"key":"Nunchaku"},{"floor":43,"key":"Strawberry"},{"floor":46,"key":"Happy Flower"},{"floor":46,"key":"Smiling Mask"},{"floor":48,"key":"Pear"},{"floor":54,"key":"Ornamental Fan"},{"floor":54,"key":"HornCleat"}],"event_choices":[{"damage_healed":0,"gold_gain":75,"player_choice":"Gather Gold","damage_taken":11,"max_hp_gain":0,"max_hp_loss":0,"event_name":"World of Goop","floor":2,"gold_loss":0},{"damage_healed":0,"gold_gain":0,"player_choice":"Entered Light","damage_taken":15,"max_hp_gain":0,"max_hp_loss":0,"event_name":"Shining Light","floor":3,"gold_loss":0,"cards_upgraded":["Dualcast","Recycle"]},{"damage_healed":0,"gold_gain":0,"player_choice":"Success","damage_taken":7,"relics_obtained":["Du-Vu Doll"],"max_hp_gain":0,"max_hp_loss":0,"event_name":"Scrap Ooze","floor":14,"gold_loss":0},{"damage_healed":0,"gold_gain":0,"player_choice":"Obtained Relic","damage_taken":0,"relics_obtained":["Boot"],"max_hp_gain":0,"max_hp_loss":0,"event_name":"Addict","floor":29,"gold_loss":85},{"damage_healed":0,"gold_gain":999,"player_choice":"Gold","damage_taken":0,"max_hp_gain":0,"max_hp_loss":0,"event_name":"MindBloom","floor":37,"gold_loss":0,"cards_obtained":["Normality","Normality"]},{"damage_healed":0,"gold_gain":0,"player_choice":"Ignored","damage_taken":0,"max_hp_gain":0,"max_hp_loss":0,"event_name":"Tomb of Lord Red Mask","floor":38,"gold_loss":0},{"cards_removed":["Static Discharge"],"damage_healed":0,"gold_gain":0,"player_choice":"Removed Power","damage_taken":0,"max_hp_gain":0,"max_hp_loss":0,"event_name":"Falling","floor":41,"gold_loss":0}],"is_beta":false,"boss_relics":[{"not_picked":["SacredBark","Cursed Key"],"picked":"Black Star"},{"not_picked":["Astrolabe","Fusion Hammer"],"picked":"SlaversCollar"}],"items_purged_floors":[22,39,53],"is_endless":false,"potions_floor_spawned":[6,8,10,12,18,24,28,31,33,42,45,46],"ascension_level":1}}