{"host":"wyloba13dxa5qu9d","time":1610981580,"event":{"mods":["100% Spire Juice","AchievementEnabler","BaseMod","Colored Map","Colored Powertips","Downfall","Lobotomy","Marked Mod","Minty Spire (QoL Compilation)","Quick Restart","StSLib","SuperFastMode"],"gold_per_floor":[99,111,111,4,17,17,92,104,2,14,28,42,22,35,50,50,50],"floor_reached":16,"language":"ZHS","playtime":558,"items_purged":[],"score":100,"play_id":"a1a7fbe4-055b-4ced-ae63-266a3204a640","local_time":"20210118225300","is_ascension_mode":false,"campfire_choices":[{"data":"Blind","floor":1.0,"key":"SMITH"},{"data":"Moonworks:JonathanRush","floor":6.0,"key":"SMITH"}],"circlet_count":0,"master_deck":["Moonworks:Strike","Moonworks:Strike","Moonworks:Strike","Moonworks:Strike","Moonworks:Defend","Moonworks:Defend","Moonworks:Defend","Moonworks:Defend","Moonworks:Ambush","Moonworks:LongDistanceShot","Blind+1","Moonworks:JonathanRush+1","Moonworks:JonathanRush+1","Moonworks:x16BigRocket","Moonworks:LulusLuckyEgg","Moonworks:SakisCookie","Moonworks:SweetBattle","Moonworks:NicePresent","Moonworks:Gamble+1","Moonworks:JonathanRush+1"],"relics":["Moonworks:BrokenBomb","Moonworks:Homemark","Molten Egg 2"],"acts_visited":["Exordium"],"potions_floor_usage":[9,10],"damage_taken":[{"damage":2.0,"enemies":"Small Slimes","floor":2.0,"turns":4.0},{"damage":6.0,"enemies":"Cultist","floor":4.0,"turns":4.0},{"damage":5.0,"enemies":"2 Louse","floor":5.0,"turns":2.0},{"damage":8,"enemies":"Large Slime","floor":8,"turns":4},{"damage":0,"enemies":"3 Louse","floor":9,"turns":3},{"damage":0,"enemies":"2 Fungi Beasts","floor":10,"turns":4},{"damage":7,"enemies":"Blue Slaver","floor":11,"turns":4},{"damage":10,"enemies":"Lots of Slimes","floor":12,"turns":4},{"damage":4,"enemies":"3 Louse","floor":14,"turns":3},{"damage":0,"enemies":"Red Slaver","floor":15,"turns":4},{"damage":755,"enemies":"SI_SHIV_ARCHETYPE","floor":16,"turns":3}],"seed_played":"-3213085662070592601","potions_obtained":[{"floor":4.0,"key":"Fire Potion"},{"floor":5.0,"key":"AttackPotion"},{"floor":9,"key":"SkillPotion"},{"floor":15,"key":"LiquidMemories"}],"is_trial":false,"path_per_floor":["R","M","?","M","M","R","T","M","M","M","M","M","?","M","M","B"],"character_chosen":"THE_STARBREAKER","items_purchased":[],"campfire_rested":0,"item_purchase_floors":[],"current_hp_per_floor":[60,58,58,52,47,47,47,39,39,39,34,34,34,30,30,0,0],"gold":50,"neow_bonus":"RANDOM_COLORLESS","is_daily":false,"chose_seed":false,"campfire_upgraded":2,"win_rate":0.0,"timestamp":1610981580,"path_taken":["R","M","?","M","M","R","T","M","M","M","?","?","?","M","M","BOSS"],"items_purchased_type":[],"build_version":"2020-12-22","purchased_purges":0,"victory":false,"max_hp_per_floor":[60,60,60,60,60,60,60,60,60,60,60,60,60,60,60,60,60],"card_choices":[{"not_picked":["Forethought","Bandage Up"],"picked":"Blind","floor":0.0},{"not_picked":["Moonworks:ImOnFire","Moonworks:LulusLuckyEgg"],"picked":"Moonworks:JonathanRush","floor":2.0},{"not_picked":["Moonworks:BigMagnum","Moonworks:SealedMemories"],"picked":"Moonworks:JonathanRush","floor":4.0},{"not_picked":["Moonworks:EvilSpyWorkPreparation","Moonworks:UnluckyCharm"],"picked":"Moonworks:x16BigRocket","floor":5.0},{"not_picked":["Moonworks:ImOnFire","Moonworks:StiffCrystal","Moonworks:BigBangBell"],"picked":"SKIP","floor":8},{"not_picked":["Moonworks:BigMagnum","Moonworks:SakisCookie"],"picked":"Moonworks:LulusLuckyEgg","floor":9},{"not_picked":["Moonworks:BigMagnum","Moonworks:StarBlastingFuse"],"picked":"Moonworks:SakisCookie","floor":10},{"not_picked":["Moonworks:SakisCookie","Moonworks:BigBangBell"],"picked":"Moonworks:SweetBattle","floor":11},{"not_picked":["Moonworks:IntelligenceOfficer","Moonworks:EvilSpyWorkPreparation"],"picked":"Moonworks:NicePresent","floor":12},{"not_picked":["Moonworks:RedAndBlue","Moonworks:CastOff"],"picked":"Moonworks:Gamble+1","floor":14},{"not_picked":["Moonworks:Dinner","Moonworks:IntelligenceOfficer"],"picked":"Moonworks:JonathanRush+1","floor":15}],"player_experience":134846,"relics_obtained":[{"floor":7.0,"key":"Molten Egg 2"}],"event_choices":[{"damage_healed":0.0,"max_hp_gain":0.0,"max_hp_loss":0.0,"gold_gain":0.0,"event_name":"Accursed Blacksmith","player_choice":"Forge","floor":3.0,"gold_loss":0.0,"damage_taken":0.0,"cards_upgraded":["Moonworks:JonathanRush"]}],"is_beta":false,"boss_relics":[],"items_purged_floors":[],"is_endless":false,"potions_floor_spawned":[4,5,9,15],"killed_by":"SI_SHIV_ARCHETYPE","ascension_level":0}}