{"host":"jkgg7n5hn1slsm35","time":1610957765,"event":{"mods":["Aspiration","BaseMod","BetterRewards","Conspire","Googly Eyes","Gremlin Skip","Halation","Highlight Path","Hubris","Infinite Spire","Minty Spire (QoL Compilation)","Permanent Neow","StSLib","SuperFastMode","vexMod"],"gold_per_floor":[115,115,115,132,132,132,132,61,61,61,71,71,101,158,158,260,260,280,129,158,158,58,85,85,102,156,156,174,186,200,218,218,320,320,330,29,79,99,110,138,138,138,189,202,220,220,50,71,71,101],"floor_reached":51,"language":"ENG","playtime":1739,"items_purged":["Strike_R","Injury","Bash+1"],"score":770,"play_id":"ff62a9cf-9563-40e0-a264-9143b88cd548","local_time":"20210118091605","is_ascension_mode":false,"campfire_choices":[{"data":"Body Slam","floor":6,"key":"SMITH"},{"data":"Metallicize","floor":10,"key":"SMITH"},{"data":"Body Slam","floor":12,"key":"SMITH"},{"floor":15,"key":"REST"},{"floor":24,"key":"REST"},{"data":"Metallicize","floor":27,"key":"SMITH"},{"data":"Iron Wave","floor":32,"key":"SMITH"},{"floor":41,"key":"RECALL"},{"data":"Heavy Blade","floor":49,"key":"SMITH"}],"circlet_count":0,"master_deck":["Strike_R+1","Strike_R+1","Strike_R+1","Strike_R+1","Defend_R+1","Defend_R+1","Defend_R+1","Defend_R+1","Body Slam+1","Metallicize+1","Body Slam+1","Impervious+1","Metallicize+1","Ghostly Armor+1","Battle Trance+1","Impervious+1","Shrug It Off+1","Iron Wave+1","Limit Break+1","Dark Embrace+1","Heavy Blade+1","Body Slam+1"],"relics":["Burning Blood","NeowsBlessing","hubris:Icosahedron","Toxic Egg 2","PreservedInsect","infinitespire:PuzzleCube","StoneCalendar","Black Star","Red Mask","halation:SwordOfLegend","Strawberry","halation:PromiseList","aspiration:SecretTechniqueScroll","Lizard Tail","halation:VictoryRuler","hubris:DeckOfHolding","Calipers","halation:IllGainedPizza"],"acts_visited":["Exordium","TheCity","TheBeyond"],"potions_floor_usage":[13,14,50],"damage_taken":[{"damage":0,"enemies":"Small Slimes","floor":1,"turns":1},{"damage":2,"enemies":"conspire:RoseBush","floor":4,"turns":1},{"damage":0,"enemies":"Cultist","floor":11,"turns":1},{"damage":39,"enemies":"3 Sentries","floor":13,"turns":12},{"damage":5,"enemies":"3 Sentries","floor":14,"turns":9},{"damage":61,"enemies":"The Guardian","floor":16,"turns":13},{"damage":18,"enemies":"Chosen","floor":18,"turns":7},{"damage":20,"enemies":"Masked Bandits","floor":20,"turns":7},{"damage":24,"enemies":"Gremlin Leader","floor":23,"turns":7},{"damage":0,"enemies":"3 Byrds","floor":25,"turns":7},{"damage":3,"enemies":"Shelled Parasite and Fungi","floor":28,"turns":6},{"damage":5,"enemies":"Cultist and Chosen","floor":29,"turns":7},{"damage":0,"enemies":"Snake Plant","floor":30,"turns":6},{"damage":18,"enemies":"Snecko","floor":31,"turns":6},{"damage":54,"enemies":"Automaton","floor":33,"turns":14},{"damage":7,"enemies":"3 Shapes","floor":35,"turns":6},{"damage":0,"enemies":"Mind Bloom Boss Battle","floor":37,"turns":7},{"damage":0,"enemies":"Orb Walker","floor":38,"turns":3},{"damage":4,"enemies":"3 Darklings","floor":39,"turns":7},{"damage":6,"enemies":"Giant Head","floor":40,"turns":8},{"damage":0,"enemies":"Maw","floor":44,"turns":6},{"damage":1,"enemies":"Spire Growth","floor":45,"turns":5},{"damage":16,"enemies":"Jaw Worm Horde","floor":48,"turns":5},{"damage":0,"enemies":"infinitespire:MassOfShapes","floor":50,"turns":8}],"seed_played":"-8943048157097537213","potions_obtained":[{"floor":3,"key":"EssenceOfSteel"},{"floor":4,"key":"Fire Potion"},{"floor":14,"key":"Ancient Potion"},{"floor":20,"key":"PowerPotion"},{"floor":25,"key":"Dexterity Potion"},{"floor":29,"key":"PowerPotion"}],"is_trial":false,"path_per_floor":["M","?","?","M","?","R","?","$","T","R","M","R","E","?","R","B",null,"M","$","?","?","$","E","R","M","T","R","M","M","M","M","R","B",null,"M","$","?","M","M","E","R","?","T","M","M","?","$","M","R","B",null],"character_chosen":"IRONCLAD","items_purchased":["Metallicize","Ghostly Armor+1","Lizard Tail","Heavy Blade"],"campfire_rested":2,"item_purchase_floors":[8,19,36,47],"current_hp_per_floor":[80,80,80,80,80,80,80,80,80,80,80,80,47,48,72,17,80,68,68,54,54,54,43,68,74,74,77,80,81,87,75,84,36,87,86,86,87,87,87,87,87,87,87,87,87,87,87,77,83,87],"gold":101,"neow_bonus":"THREE_ENEMY_KILL","is_daily":false,"chose_seed":false,"campfire_upgraded":6,"win_rate":0.0,"timestamp":1610957765,"path_taken":["M","?","?","M","?","R","?","$","T","R","?","R","E","?","R","BOSS","M","$","?","?","?","E","R","M","T","R","M","M","?","M","R","BOSS","M","$","?","M","M","E","R","?","T","M","M","?","$","?","R","BOSS"],"items_purchased_type":["Card","Card","Relic","Card"],"build_version":"2020-12-22","purchased_purges":3,"victory":true,"max_hp_per_floor":[80,80,80,80,80,80,80,80,80,80,80,80,80,80,80,80,80,80,80,80,80,80,87,87,87,87,87,87,87,87,87,87,87,87,87,87,87,87,87,87,87,87,87,87,87,87,87,87,87,87],"card_choices":[{"not_picked":["Infernal Blade","Anger"],"picked":"Body Slam","floor":1},{"not_picked":["Twin Strike","Shockwave","Combust"],"picked":"SKIP","floor":4},{"not_picked":["Feel No Pain","Clash"],"picked":"Body Slam","floor":11},{"not_picked":["hubris:SharpeningStone+1","Pommel Strike","Armaments+1"],"picked":"SKIP","floor":13},{"not_picked":["Demon Form","Bludgeon"],"picked":"Impervious+1","floor":16},{"not_picked":["Wild Strike+1","Second Wind+1"],"picked":"Metallicize","floor":18},{"not_picked":["Armaments+1","Clothesline+1","Cleave"],"picked":"SKIP","floor":23},{"not_picked":["Sword Boomerang","Disarm+1"],"picked":"Battle Trance+1","floor":25},{"not_picked":["hubris:ReadiedAction+1","Blood for Blood"],"picked":"Impervious+1","floor":28},{"not_picked":["Warcry+1","Second Wind+1","Burning Pact+1"],"picked":"SKIP","floor":29},{"not_picked":["Anger","hubris:ReadiedAction+1"],"picked":"Shrug It Off+1","floor":30},{"not_picked":["Heavy Blade","Disarm+1"],"picked":"Iron Wave","floor":31},{"not_picked":["Burning Pact+1","Anger","Uppercut"],"picked":"SKIP","floor":35},{"not_picked":["True Grit+1","Clothesline+1","Intimidate+1"],"picked":"SKIP","floor":38},{"not_picked":["Ghostly Armor+1","Warcry+1","Headbutt+1"],"picked":"SKIP","floor":39},{"not_picked":["Feed","Power Through+1"],"picked":"Limit Break+1","floor":40},{"not_picked":["Havoc+1","Flex+1"],"picked":"Dark Embrace+1","floor":44},{"not_picked":["Clash+1","Thunderclap","Rampage+1"],"picked":"SKIP","floor":45},{"not_picked":["Heavy Blade+1","Shrug It Off+1"],"picked":"Body Slam+1","floor":48}],"player_experience":1842967,"relics_obtained":[{"floor":9,"key":"PreservedInsect"},{"floor":13,"key":"infinitespire:PuzzleCube"},{"floor":14,"key":"StoneCalendar"},{"floor":20,"key":"Red Mask"},{"floor":23,"key":"halation:SwordOfLegend"},{"floor":23,"key":"Strawberry"},{"floor":26,"key":"halation:PromiseList"},{"floor":37,"key":"halation:VictoryRuler"},{"floor":40,"key":"hubris:DeckOfHolding"},{"floor":40,"key":"Calipers"},{"floor":43,"key":"halation:IllGainedPizza"}],"event_choices":[{"damage_healed":0,"gold_gain":0,"player_choice":"Ignored","damage_taken":0,"max_hp_gain":0,"max_hp_loss":0,"event_name":"Transmorgrifier","floor":7,"gold_loss":0},{"damage_healed":0,"gold_gain":0,"player_choice":"Searched \u00272\u0027 times","damage_taken":0,"max_hp_gain":0,"max_hp_loss":0,"event_name":"Dead Adventurer","floor":14,"gold_loss":0},{"damage_healed":0,"gold_gain":0,"player_choice":"Fought Bandits","damage_taken":0,"max_hp_gain":0,"max_hp_loss":0,"event_name":"Masked Bandits","floor":20,"gold_loss":0},{"damage_healed":0,"gold_gain":0,"player_choice":"Simplicity","damage_taken":0,"max_hp_gain":0,"max_hp_loss":0,"event_name":"Back to Basics","floor":21,"gold_loss":0,"cards_upgraded":["Strike_R","Strike_R","Strike_R","Strike_R","Defend_R","Defend_R","Defend_R","Defend_R"]},{"damage_healed":0,"gold_gain":0,"player_choice":"Fight","damage_taken":0,"max_hp_gain":0,"max_hp_loss":0,"event_name":"MindBloom","floor":37,"gold_loss":0},{"damage_healed":0,"gold_gain":0,"player_choice":"Forge","damage_taken":0,"max_hp_gain":0,"max_hp_loss":0,"event_name":"Accursed Blacksmith","floor":46,"gold_loss":0,"cards_upgraded":["Bash"]}],"is_beta":false,"boss_relics":[{"not_picked":["halation:HeavySnake","vexMod:DeviousBotling"],"picked":"Black Star"},{"not_picked":["Astrolabe","halation:ForbiddenBikini"],"picked":"aspiration:SecretTechniqueScroll"}],"items_purged_floors":[19,22,47],"is_endless":false,"potions_floor_spawned":[4,14,20,25,29,33,38,39,44,48],"ascension_level":0}}