{"host":"dn6kke80v5f7isus","time":1610982346,"event":{"mods":["AchievementEnabler","Act Like it!","BaseMod","Colored Powertips","Custom Start","Defuse TimeMaze Blight","Duelist Mod","Gremlin Skip","Highlight Path","Hubris","Infinite Spire","Minty Spire (QoL Compilation)","Rare Cards Sparkle","Replay The Spire","StSLib","Uncapped"],"gold_per_floor":[114,114,114,39,52,52,82,82,82,111,111,127,127,145,145,244,244,257,257,257],"floor_reached":19,"language":"ENG","playtime":550,"items_purged":["Strike_R"],"score":210,"play_id":"aea45e5d-9571-45db-a0e9-11bac33a8c7c","local_time":"20210118100546","is_ascension_mode":true,"campfire_choices":[{"data":"Bash","floor":6,"key":"SMITH"},{"data":"hubris:SharpeningStone","floor":11,"key":"SMITH"},{"data":"ReplayTheSpireMod:Corrosion Curse","floor":13,"key":"SMITH"},{"data":"ReplayTheSpireMod:Corrosion Curse","floor":15,"key":"SMITH"}],"circlet_count":0,"master_deck":["Strike_R","Strike_R","Strike_R","Strike_R","Defend_R","Defend_R","Defend_R","Defend_R","Bash+1","Shrug It Off","hubris:SharpeningStone+1","ReplayTheSpireMod:Corrosion Curse+1","ReplayTheSpireMod:Corrosion Curse+1","Berserk+1"],"relics":["Black Blood","NeowsBlessing","Frozen Egg 2","hubris:Reverence","Gambling Chip","Potion Belt"],"acts_visited":["Exordium","TheCity"],"potions_floor_usage":[12,13,14,16,16,16,19],"damage_taken":[{"damage":0,"enemies":"Cultist","floor":1,"turns":1},{"damage":0,"enemies":"Small Slimes","floor":5,"turns":1},{"damage":0,"enemies":"3 Sentries","floor":7,"turns":1},{"damage":15,"enemies":"Gremlin Nob","floor":10,"turns":4},{"damage":2,"enemies":"Jaw Worm","floor":12,"turns":3},{"damage":0,"enemies":"Exordium Wildlife","floor":14,"turns":2},{"damage":96,"enemies":"Fading Forest","floor":16,"turns":11},{"damage":15,"enemies":"Chosen","floor":18,"turns":5},{"damage":0,"enemies":"2 Thieves","floor":19,"turns":1}],"seed_played":"-5680018810539482286","potions_obtained":[{"floor":7,"key":"SpeedPotion"},{"floor":12,"key":"EntropicBrew"},{"floor":14,"key":"SkillPotion"},{"floor":18,"key":"Weak Potion"}],"is_trial":false,"path_per_floor":["M","?","?","$","M","R","E","?","T","E","R","M","R","M","R","B",null,"M","M"],"character_chosen":"IRONCLAD","items_purchased":[],"campfire_rested":0,"item_purchase_floors":[],"current_hp_per_floor":[80,68,68,68,74,74,80,80,80,71,71,75,75,80,80,20,80,77,77,77],"gold":257,"neow_bonus":"THREE_ENEMY_KILL","is_daily":false,"chose_seed":false,"campfire_upgraded":4,"win_rate":0.0,"timestamp":1610982346,"path_taken":["M","?","?","?","?","R","E","?","T","E","R","M","R","M","R","BOSS","M","M"],"items_purchased_type":[],"build_version":"2020-12-22","purchased_purges":1,"victory":false,"max_hp_per_floor":[80,80,80,80,80,80,80,80,80,80,80,80,80,80,80,80,80,80,80,80],"card_choices":[{"not_picked":["ReplayTheSpireMod:Stacked","Rupture"],"picked":"Shrug It Off","floor":1},{"not_picked":["Flex","ReplayTheSpireMod:Strike From Hell","Spot Weakness"],"picked":"SKIP","floor":5},{"not_picked":["ReplayReversal","Infernal Blade","Perfected Strike"],"picked":"SKIP","floor":7},{"not_picked":["Flame Barrier","Intimidate"],"picked":"hubris:SharpeningStone","floor":10},{"not_picked":["hubris:ReadiedAction","Flex"],"picked":"ReplayTheSpireMod:Corrosion Curse","floor":12},{"not_picked":["Inflame+1","Burning Pact"],"picked":"ReplayTheSpireMod:Corrosion Curse","floor":14},{"not_picked":["Corruption+1","Immolate"],"picked":"Berserk+1","floor":16},{"not_picked":["Flex","Heavy Blade","Cleave"],"picked":"SKIP","floor":18}],"player_experience":577778,"relics_obtained":[{"floor":7,"key":"hubris:Reverence"},{"floor":9,"key":"Gambling Chip"},{"floor":10,"key":"Potion Belt"}],"event_choices":[{"damage_healed":0,"gold_gain":0,"player_choice":"Success","damage_taken":12,"relics_obtained":["Frozen Egg 2"],"max_hp_gain":0,"max_hp_loss":0,"event_name":"Scrap Ooze","floor":2,"gold_loss":0}],"is_beta":false,"boss_relics":[{"not_picked":["hubris:VirtuousBlindfold","Mark of Pain"],"picked":"Black Blood"}],"items_purged_floors":[4],"is_endless":false,"potions_floor_spawned":[7,12,14,18],"killed_by":"2 Thieves","ascension_level":1}}