{"host":"bf9sa99gaumonoeu","time":1610989200,"event":{"mods":["AchievementEnabler","Act Like it!","Aspiration","BaseMod","Bestiary","Better Note","Block Reminder","Colored Map","Colored Powertips","Fox Events","Friendly Minions","Gensokyo","GifTheSpireLib","Googly Eyes","Hallownest","Hermit","Highlight Path","Hubris","Jorbs\u0027s Wanderer Trilogy","KinomotoSakuraMod(????)","Koishi","Marisa????????","Minty Spire (QoL Compilation)","Rare Cards Sparkle","Reimu??????","Relic Stats","Remilia??????","Replay The Spire","StS++","StSLib","The Administrix","The Animator","The Blue Laboratory","The Bug Knight","The Construct","The Cursed","The Hierophant","The Mystic","The Necromancer","The Poker Player","The Runesmith","The Senshi","The Servant 0.9.4"],"gold_per_floor":[112,127,127,127,277,294,36,71,71,86,86,86,86],"floor_reached":12,"language":"ENG","playtime":597,"items_purged":["Doubt"],"score":156,"play_id":"2cac30a2-503b-42cf-b13c-fe754979fef2","local_time":"20210118150000","is_ascension_mode":true,"campfire_choices":[{"data":"Dagger Spray","floor":9,"key":"SMITH"}],"circlet_count":0,"master_deck":["AscendersBane","Strike_G","Strike_G","Strike_G","Strike_G","Defend_G","Defend_G","Defend_G","Defend_G","Defend_G","Survivor","Neutralize","Caltrops","Dagger Spray+1","Deflect","Flying Knee","Replay:Sssssssssshield","Underhanded Strike","Corpse Explosion"],"relics":["Ring of the Snake","aspiration:HiddenCompartment","Frozen Egg 2"],"acts_visited":["Exordium"],"potions_floor_usage":[8,12],"damage_taken":[{"damage":0,"enemies":"Jaw Worm","floor":1,"turns":6},{"damage":3,"enemies":"2 Louse","floor":2,"turns":3},{"damage":1,"enemies":"Small Slimes","floor":6,"turns":5},{"damage":19,"enemies":"3 Sentries","floor":8,"turns":7},{"damage":0,"enemies":"2 Fungi Beasts","floor":10,"turns":6},{"damage":39,"enemies":"Gremlin Nob","floor":12,"turns":3}],"seed_played":"4373547090812062319","potions_obtained":[{"floor":1,"key":"blueLaboratory:RememoryPotion"},{"floor":8,"key":"DuplicationPotion"}],"is_trial":false,"path_per_floor":["M","M","PTL","PTL","?","M","$","E","R","M","T","E"],"character_chosen":"THE_SILENT","items_purchased":["Replay:Sssssssssshield","DistilledChaos"],"campfire_rested":0,"item_purchase_floors":[7,7],"current_hp_per_floor":[59,56,56,56,56,55,55,36,36,36,36,0,0],"gold":86,"neow_bonus":"TRANSFORM_CARD","is_daily":false,"chose_seed":false,"campfire_upgraded":1,"win_rate":0.0,"timestamp":1610989200,"path_taken":["M","M","PTL","PTL","?","M","$","E","R","M","T","E"],"items_purchased_type":["Card","Potion"],"build_version":"2020-12-22","purchased_purges":1,"victory":false,"max_hp_per_floor":[66,66,66,66,66,66,66,66,66,66,66,66,66],"relic_stats":{"counters":[6,30],"obtain_stats":[{"Frozen Egg 2":11,"aspiration:HiddenCompartment":8,"Ring of the Snake":0},{"Frozen Egg 2":5,"aspiration:HiddenCompartment":4,"Ring of the Snake":0},{"Frozen Egg 2":27,"aspiration:HiddenCompartment":21,"Ring of the Snake":0}],"Ring of the Snake":[12]},"card_choices":[{"not_picked":["Setup","Endless Agony"],"picked":"Dagger Spray","floor":1},{"not_picked":["Choke","hubris:SlightOfHand"],"picked":"Deflect","floor":2},{"not_picked":["StSpp:Dive","Acrobatics"],"picked":"Flying Knee","floor":6},{"not_picked":["Dodge and Roll","Tactician"],"picked":"Underhanded Strike","floor":8},{"not_picked":["hubris:SlightOfHand","Dagger Spray"],"picked":"Corpse Explosion","floor":10}],"player_experience":984491,"relics_obtained":[{"floor":8,"key":"aspiration:HiddenCompartment"},{"floor":11,"key":"Frozen Egg 2"}],"event_choices":[{"damage_healed":0,"gold_gain":150,"player_choice":"AGREE","damage_taken":0,"max_hp_gain":0,"max_hp_loss":0,"event_name":"Liars Game","floor":5,"gold_loss":0,"cards_obtained":["Doubt"]}],"is_beta":false,"boss_relics":[],"items_purged_floors":[7],"is_endless":false,"potions_floor_spawned":[1,8],"killed_by":"Gremlin Nob","ascension_level":20}}