{"host":"vumwfieg2b2mnrfl","time":1610929307,"event":{"mods":["AchievementEnabler","BaseMod","Minty Spire (QoL Compilation)","Rare Cards Sparkle","Relic Stats"],"gold_per_floor":[19,32,50,61,73,100,100,119,119,131,131,160,160,160,160,160,160],"floor_reached":16,"language":"ENG","playtime":607,"items_purged":[],"score":222,"play_id":"613c905d-96ea-4774-8c1d-0260aadbb339","local_time":"20210117182147","is_ascension_mode":true,"campfire_choices":[{"floor":7,"key":"REST"},{"floor":11,"key":"REST"},{"floor":13,"key":"REST"},{"floor":15,"key":"REST"}],"circlet_count":0,"master_deck":["AscendersBane","Strike_G","Strike_G","Strike_G","Strike_G","Defend_G","Defend_G","Defend_G","Defend_G","Defend_G","Survivor","Neutralize","Night Terror","Escape Plan","Blur","All Out Attack","Unload","Crippling Poison","PiercingWail","Poisoned Stab"],"relics":["Ring of the Snake","Sundial","Incense Burner","Omamori"],"acts_visited":["Exordium"],"potions_floor_usage":[6,6,12,16,16],"damage_taken":[{"damage":1.0,"enemies":"Cultist","floor":1.0,"turns":5.0},{"damage":0.0,"enemies":"2 Louse","floor":2.0,"turns":4.0},{"damage":3.0,"enemies":"Small Slimes","floor":3.0,"turns":4.0},{"damage":23.0,"enemies":"Gremlin Gang","floor":4.0,"turns":8.0},{"damage":3.0,"enemies":"Blue Slaver","floor":5.0,"turns":5.0},{"damage":28,"enemies":"Gremlin Nob","floor":6,"turns":5},{"damage":4,"enemies":"Looter","floor":8,"turns":4},{"damage":5,"enemies":"Large Slime","floor":10,"turns":5},{"damage":21,"enemies":"3 Sentries","floor":12,"turns":4},{"damage":14,"enemies":"Slime Boss","floor":16,"turns":11}],"seed_played":"-8918407846502175901","potions_obtained":[{"floor":4.0,"key":"SkillPotion"},{"floor":5.0,"key":"PowerPotion"},{"floor":8,"key":"EssenceOfSteel"},{"floor":10,"key":"AttackPotion"},{"floor":12,"key":"LiquidMemories"}],"is_trial":false,"path_per_floor":["M","M","M","M","M","E","R","M","T","M","R","E","R","?","R","B"],"character_chosen":"THE_SILENT","items_purchased":[],"campfire_rested":4,"item_purchase_floors":[],"current_hp_per_floor":[58,58,55,32,29,1,20,16,16,11,30,9,28,28,47,33,33],"gold":160,"neow_bonus":"THREE_RARE_CARDS","is_daily":false,"chose_seed":false,"campfire_upgraded":0,"win_rate":0.0,"timestamp":1610929307,"path_taken":["M","M","M","?","M","E","R","M","T","M","R","E","R","?","R","BOSS"],"items_purchased_type":[],"build_version":"2020-12-22","purchased_purges":0,"victory":false,"max_hp_per_floor":[66,66,66,66,66,66,66,66,66,66,66,66,66,66,66,66,66],"relic_stats":{"counters":[10,55],"Sundial":[2],"obtain_stats":[{"Sundial":6,"Incense Burner":9,"Omamori":12,"Ring of the Snake":0},{"Sundial":6,"Incense Burner":7,"Omamori":9,"Ring of the Snake":0},{"Sundial":31,"Incense Burner":35,"Omamori":44,"Ring of the Snake":0}],"Ring of the Snake":[20]},"card_choices":[{"not_picked":["Venomology","Malaise"],"picked":"Night Terror","floor":0.0},{"not_picked":["Dagger Throw","Prepared"],"picked":"Escape Plan","floor":1.0},{"not_picked":["Sucker Punch","Slice"],"picked":"Blur","floor":2.0},{"not_picked":["Infinite Blades","PiercingWail"],"picked":"All Out Attack","floor":3.0},{"not_picked":["Concentrate","Predator"],"picked":"Unload","floor":4.0},{"not_picked":["Riddle With Holes","Underhanded Strike"],"picked":"Crippling Poison","floor":5.0},{"not_picked":["Poisoned Stab","Dagger Spray"],"picked":"PiercingWail","floor":6},{"not_picked":["Backstab","Acrobatics"],"picked":"Poisoned Stab","floor":8},{"not_picked":["Slice","Quick Slash","Concentrate"],"picked":"SKIP","floor":10},{"not_picked":["Wraith Form v2","Quick Slash","Prepared"],"picked":"SKIP","floor":12}],"player_experience":438439,"relics_obtained":[{"floor":6,"key":"Sundial"},{"floor":9,"key":"Incense Burner"},{"floor":12,"key":"Omamori"}],"event_choices":[{"cards_removed":["Strike_G"],"damage_healed":0,"gold_gain":0,"player_choice":"Purged","damage_taken":0,"max_hp_gain":0,"max_hp_loss":0,"event_name":"Purifier","floor":14,"gold_loss":0}],"is_beta":false,"boss_relics":[],"items_purged_floors":[],"is_endless":false,"potions_floor_spawned":[4,5,8,10,12],"killed_by":"Slime Boss","ascension_level":19}}