{"host":"12","time":1610961545,"event":{"mods":["Act Like it!","BaseMod","Colored Powertips","Minty Spire (QoL Compilation)","StSLib","【功能Mod】混沌之环修复补丁"],"gold_per_floor":[119,138,158,170,170,214,48,48,73,102,141,173,110,121,121,121,121],"floor_reached":16,"language":"ZHS","playtime":653,"items_purged":["Strike_R"],"score":228,"play_id":"79a3c976-9b75-4057-b03d-c8e984ac2442","local_time":"20210118171905","is_ascension_mode":true,"campfire_choices":[{"data":"Armaments","floor":8.0,"key":"SMITH"},{"data":"Whirlwind","floor":15.0,"key":"SMITH"}],"circlet_count":0,"master_deck":["AscendersBane","Strike_R","Strike_R","Strike_R","Strike_R","Defend_R","Defend_R","Defend_R","Defend_R","Bash","Feel No Pain","Shrug It Off","Second Wind","Power Through","Feed","Whirlwind+1","Shrug It Off","Armaments+1","Inflame","Fiend Fire","Body Slam"],"relics":["Burning Blood","NeowsBlessing","FaceOfCleric","CeramicFish","Orrery","PreservedInsect","MawBank"],"acts_visited":["Exordium"],"potions_floor_usage":[],"damage_taken":[{"damage":0.0,"enemies":"2 Louse","floor":1.0,"turns":1.0},{"damage":0.0,"enemies":"Cultist","floor":2.0,"turns":1.0},{"damage":0.0,"enemies":"Small Slimes","floor":3.0,"turns":1.0},{"damage":12.0,"enemies":"2 Fungi Beasts","floor":4.0,"turns":6.0},{"damage":58.0,"enemies":"Lagavulin","floor":6.0,"turns":10.0},{"damage":8.0,"enemies":"Blue Slaver","floor":10.0,"turns":7.0},{"damage":15.0,"enemies":"Gremlin Nob","floor":11.0,"turns":4.0},{"damage":7.0,"enemies":"Gremlin Gang","floor":12.0,"turns":9.0},{"damage":6.0,"enemies":"Exordium Wildlife","floor":14.0,"turns":8.0},{"damage":23,"enemies":"Hexaghost","floor":16,"turns":11}],"seed_played":"-6425994896974600539","potions_obtained":[{"floor":2.0,"key":"EntropicBrew"},{"floor":3.0,"key":"Weak Potion"},{"floor":4.0,"key":"Explosive Potion"},{"floor":14.0,"key":"FearPotion"}],"is_trial":false,"path_per_floor":["M","M","M","M","?","E","$","R","T","M","E","M","$","M","R","B"],"character_chosen":"IRONCLAD","items_purchased":["Orrery","Armaments"],"campfire_rested":0,"item_purchase_floors":[7,7],"current_hp_per_floor":[74,75,75,69,69,18,18,18,18,20,15,19,19,23,23,0,0],"gold":121,"neow_bonus":"THREE_ENEMY_KILL","is_daily":false,"chose_seed":false,"campfire_upgraded":2,"win_rate":0.0,"timestamp":1610961545,"path_taken":["M","M","M","M","?","E","$","R","T","M","E","?","$","M","R","BOSS"],"items_purchased_type":["Relic","Card"],"build_version":"2020-12-18","purchased_purges":1,"victory":false,"max_hp_per_floor":[75,75,75,75,75,76,76,76,76,80,84,89,89,93,93,93,93],"card_choices":[{"not_picked":["Clash","Twin Strike"],"picked":"Feel No Pain","floor":1.0},{"not_picked":["Searing Blow","Entrench","Headbutt"],"picked":"SKIP","floor":2.0},{"not_picked":["Clash","Cleave"],"picked":"Shrug It Off","floor":3.0},{"not_picked":["Headbutt","Heavy Blade"],"picked":"Second Wind","floor":4.0},{"not_picked":["Brutality","Disarm"],"picked":"Power Through","floor":6.0},{"not_picked":["Perfected Strike","Dark Embrace"],"picked":"Feed","floor":7.0},{"not_picked":["Shrug It Off","Wild Strike"],"picked":"Whirlwind","floor":7.0},{"not_picked":["Twin Strike","Bloodletting"],"picked":"Shrug It Off","floor":7.0},{"not_picked":["Disarm","Dual Wield"],"picked":"Inflame","floor":10.0},{"not_picked":["Clothesline","Sword Boomerang"],"picked":"Fiend Fire","floor":11.0},{"not_picked":["Evolve","Pommel Strike"],"picked":"Body Slam","floor":12.0},{"not_picked":["Rampage","Anger","Inflame"],"picked":"SKIP","floor":14.0}],"player_experience":578128,"relics_obtained":[{"floor":6.0,"key":"CeramicFish"},{"floor":9.0,"key":"PreservedInsect"},{"floor":11.0,"key":"MawBank"}],"event_choices":[{"damage_healed":0.0,"max_hp_gain":0.0,"max_hp_loss":0.0,"gold_gain":0.0,"event_name":"FaceTrader","player_choice":"Trade","floor":5.0,"gold_loss":0.0,"damage_taken":0.0,"relics_obtained":["FaceOfCleric"]}],"is_beta":true,"boss_relics":[],"items_purged_floors":[13],"is_endless":false,"potions_floor_spawned":[2,3,4,14],"killed_by":"Hexaghost","ascension_level":20}}