{"host":"6jrnojxwearbrjzo","time":1610947408,"event":{"mods":["BaseMod","Conspire","Downfall","Highlight Path","Marisa（F雨　魔理沙）","Minty Spire (QoL Compilation)","MostiFishMod","Quick Restart","Random Character Button","Shop Mod","Spicy Shops","StSLib","The Construct","The Servant 0.9.4","Yuyuko","[功能]功能增强和修复MOD","vexMod"],"gold_per_floor":[111,1,1,1,1,1,1,1,1,1,72,72,72,112,112,252,252,291,351,351,80,98,98,98,19,87,87,143,6,6,57,57,212,212,226,226,226,108,108,108,139,139,139,472,242,242,464,464,464,464],"floor_reached":51,"language":"ZHS","playtime":1161,"items_purged":["Defend_B","Strike_B","Pain","Regret","Strike_B","Clumsy","Dualcast","Defend_B","Defend_B","Strike_B","Zap","Regret","Decay","Defend_B+1","Strike_B+1"],"score":1194,"play_id":"51a0e8af-18d1-443d-82de-f50cdaa260c6","local_time":"20210118132328","is_ascension_mode":true,"campfire_choices":[{"data":"HandOfGreedLower","floor":6,"key":"SMITH"},{"data":"HandOfGreedLower+1","floor":8,"key":"SMITH"},{"data":"HandOfGreedLower+2","floor":10,"key":"SMITH"},{"data":"White Noise","floor":15,"key":"SMITH"},{"data":"Madness","floor":23,"key":"SMITH"},{"data":"HandOfGreedLower+3","floor":27,"key":"SMITH"},{"data":"HandOfGreedLower+4","floor":30,"key":"SMITH"},{"data":"HandOfGreedLower+5","floor":32,"key":"SMITH"},{"data":"HandOfGreedLower+6","floor":40,"key":"SMITH"},{"data":"Biased Cognition","floor":42,"key":"SMITH"},{"data":"Biased Cognition+1","floor":46,"key":"SMITH"},{"data":"Biased Cognition+2","floor":49,"key":"SMITH"}],"circlet_count":0,"master_deck":["HandOfGreedLower+7","White Noise+1","Biased Cognition+3","Ball Lightning","Madness+1","Undo","Meteor Strike"],"relics":["DaveBox","Transparent","construct:ClawGrip","SynthV:TestCard","vexMod:Dragonfruit","Sling","conspire:InfiniteJournal","Blood Vial","WarpedTongs","FeatherPendant","Red Mask","Sundial","ChiLing","Chi","Ling","Lantern","ClockworkSouvenir","Mercury Hourglass","MerchantsRug","HornCleat","Mummified Hand","Singing Bowl","Orichalcum","StrikeDummy","Gremlin Horn","Tiny Chest","vexMod:PlasmaPancake","Lee\u0027s Waffle","Pocketwatch","Omamori","Ying","Pear","conspire:BottledYoYo","Bag of Marbles","Bottled Flame","PreservedInsect","conspire:Dentures","Strange Spoon","Molten Egg 2","Frozen Egg 2","Frozen Eye","Darkstone Periapt"],"acts_visited":["Exordium","TheCity","TheBeyond"],"potions_floor_usage":[16,16],"damage_taken":[{"damage":14,"enemies":"Jaw Worm","floor":1,"turns":2},{"damage":20,"enemies":"3 Sentries","floor":11,"turns":2},{"damage":8,"enemies":"Small Slimes","floor":14,"turns":1},{"damage":77,"enemies":"Hexaghost","floor":16,"turns":4},{"damage":14,"enemies":"Shell Parasite","floor":18,"turns":1},{"damage":25,"enemies":"Masked Bandits","floor":19,"turns":1},{"damage":10,"enemies":"2 Thieves","floor":22,"turns":1},{"damage":11,"enemies":"Gremlin Leader","floor":28,"turns":1},{"damage":12,"enemies":"Chosen and Byrds","floor":31,"turns":1},{"damage":12,"enemies":"conspire:MysteriousRune","floor":33,"turns":1},{"damage":11,"enemies":"3 Darklings","floor":35,"turns":1},{"damage":32,"enemies":"Nemesis","floor":41,"turns":3},{"damage":13,"enemies":"conspire:OrnateMirror","floor":50,"turns":1}],"seed_played":"-5392873700447879993","potions_obtained":[{"floor":1,"key":"Swift Potion"},{"floor":1,"key":"SkillPotion"},{"floor":11,"key":"Explosive Potion"},{"floor":14,"key":"Fire Potion"},{"floor":16,"key":"champ:CounterPotion"},{"floor":16,"key":"SkillPotion"},{"floor":31,"key":"Fire Potion"},{"floor":33,"key":"Block Potion"},{"floor":35,"key":"PowerPotion"},{"floor":41,"key":"DuplicationPotion"}],"is_trial":false,"path_per_floor":["M","$","?","?","$","R","?","R","T","R","E","?","?","M","R","B",null,"M","?","?","$","M","R","?","$","T","R","E","$","R","M","R","B",null,"M","?","?","$","T","R","E","R","T","?","$","R","?","T","R","B",null],"character_chosen":"DEFECT","items_purchased":["vexMod:Dragonfruit","Sling","HandOfGreedLower","ChiLing","Lantern","ClockworkSouvenir","Mercury Hourglass","Ball Lightning","Madness","MerchantsRug","HornCleat","Mummified Hand","Singing Bowl","Orichalcum","Undo","Tiny Chest","vexMod:PlasmaPancake","Lee\u0027s Waffle","Pocketwatch","Omamori","Ying","Pear","PreservedInsect","conspire:Dentures","Strange Spoon","Molten Egg 2","Frozen Egg 2","Frozen Eye"],"campfire_rested":0,"item_purchase_floors":[2,2,2,21,21,21,21,21,21,21,21,25,25,25,29,29,29,29,38,38,38,38,45,45,45,45,45,45],"current_hp_per_floor":[75,80,60,60,60,60,60,60,60,60,80,64,64,80,80,59,80,80,80,80,80,80,80,80,80,80,80,82,95,95,97,97,97,97,99,94,94,104,104,104,106,106,106,106,106,106,106,106,106,106],"gold":464,"neow_bonus":"BOSS_RELIC","is_daily":false,"chose_seed":false,"campfire_upgraded":12,"win_rate":0.0,"timestamp":1610947408,"path_taken":["M","$","?","?","?","R","?","R","T","R","E","?","?","?","R","BOSS","M","?","?","$","?","R","?","$","T","R","E","?","R","?","R","BOSS","M","?","?","$","?","R","E","R","T","?","$","R","?","?","R","BOSS"],"items_purchased_type":["Relic","Relic","Card","Relic","Relic","Relic","Relic","Card","Card","Relic","Relic","Relic","Relic","Relic","Card","Relic","Relic","Relic","Relic","Relic","Relic","Relic","Relic","Relic","Relic","Relic","Relic","Relic"],"build_version":"2020-12-22","purchased_purges":15,"victory":true,"max_hp_per_floor":[75,80,80,80,80,80,80,80,80,80,80,80,80,80,80,80,80,80,80,80,80,80,80,80,80,80,80,82,95,95,97,97,97,97,99,94,94,104,104,104,106,106,106,106,106,106,106,106,106,106],"card_choices":[{"not_picked":["Stack","MostiFishMod:PushDownKick","Lockon"],"picked":"SKIP","floor":1},{"not_picked":["MostiFishMod:PushDownKick","Redo","Coolheaded","Compile Driver"],"picked":"White Noise","floor":11},{"not_picked":["Self Repair","Leap","Conserve Battery","Doom and Gloom","Go for the Eyes"],"picked":"SKIP","floor":14},{"not_picked":["MostiFishMod:ActiveDefenseSystem","Seek","MostiFishMod:Overload","MostiFishMod:Prepare"],"picked":"Biased Cognition","floor":16},{"not_picked":["Ball Lightning","conspire:SharedLibrary","Undo+1","Conserve Battery","Steam Power"],"picked":"SKIP","floor":18},{"not_picked":["Gash+1","Darkness+1","Static Discharge+1","Barrage","Chaos"],"picked":"SKIP","floor":22},{"not_picked":["Hologram","Beam Cell","Gash+1","Redo","MostiFishMod:IntelligentEquipment"],"picked":"Singing Bowl","floor":28},{"not_picked":["Coolheaded","Compile Driver","Turbo","Stack","Steam Power"],"picked":"Singing Bowl","floor":31},{"not_picked":["Amplify","Rainbow","MostiFishMod:InterfaceCompatibility","Reboot"],"picked":"Meteor Strike","floor":33},{"not_picked":["Coolheaded+1","Redo","Compile Driver+1","Lockon+1","Hologram"],"picked":"Singing Bowl","floor":35},{"not_picked":["Ball Lightning+1","Skim","Sweeping Beam","Barrage+1","Aggregate+1"],"picked":"Singing Bowl","floor":41}],"player_experience":85959,"relics_obtained":[{"floor":1,"key":"SynthV:TestCard"},{"floor":11,"key":"Blood Vial"},{"floor":19,"key":"Red Mask"},{"floor":26,"key":"StrikeDummy"},{"floor":28,"key":"Gremlin Horn"},{"floor":39,"key":"conspire:BottledYoYo"},{"floor":41,"key":"Bag of Marbles"},{"floor":43,"key":"Bottled Flame"},{"floor":48,"key":"Darkstone Periapt"}],"event_choices":[{"damage_healed":0,"gold_gain":0,"player_choice":"Take Damage","damage_taken":20,"relics_obtained":["Golden Idol"],"max_hp_gain":0,"max_hp_loss":0,"event_name":"Golden Idol","floor":3,"gold_loss":0},{"damage_healed":0,"gold_gain":0,"player_choice":"Box","damage_taken":0,"relics_obtained":["conspire:InfiniteJournal"],"max_hp_gain":0,"max_hp_loss":0,"event_name":"Big Fish","floor":4,"gold_loss":0,"cards_obtained":["Regret"]},{"damage_healed":0,"gold_gain":0,"player_choice":"Leave","damage_taken":0,"max_hp_gain":0,"max_hp_loss":0,"event_name":"conspire:Investor","floor":7,"gold_loss":0},{"damage_healed":0,"gold_gain":0,"player_choice":"Entered Light","damage_taken":16,"max_hp_gain":0,"max_hp_loss":0,"event_name":"Shining Light","floor":12,"gold_loss":0,"cards_upgraded":["Defend_B","Strike_B"]},{"damage_healed":0,"gold_gain":0,"player_choice":"Rummage","damage_taken":0,"relics_obtained":["WarpedTongs"],"max_hp_gain":0,"max_hp_loss":0,"event_name":"Accursed Blacksmith","floor":13,"gold_loss":0,"cards_obtained":["Pain"]},{"damage_healed":0,"gold_gain":0,"player_choice":"Fought Bandits","damage_taken":0,"max_hp_gain":0,"max_hp_loss":0,"event_name":"Masked Bandits","floor":19,"gold_loss":0},{"damage_healed":0,"gold_gain":0,"player_choice":"Gave Potion","damage_taken":0,"relics_obtained":["Sundial"],"max_hp_gain":0,"max_hp_loss":0,"event_name":"WeMeetAgain","floor":20,"gold_loss":0},{"damage_healed":0,"gold_gain":0,"player_choice":"Ignored","damage_taken":0,"max_hp_gain":0,"max_hp_loss":0,"event_name":"Ghosts","floor":24,"gold_loss":0},{"damage_healed":0,"gold_gain":0,"player_choice":"Max HP","damage_taken":0,"max_hp_gain":0,"max_hp_loss":5,"event_name":"Winding Halls","floor":36,"gold_loss":0},{"damage_healed":0,"gold_gain":0,"player_choice":"Cursed","damage_taken":0,"max_hp_gain":0,"max_hp_loss":0,"event_name":"Wheel of Change","floor":37,"gold_loss":0,"cards_obtained":["Decay"]},{"damage_healed":0,"gold_gain":333,"player_choice":"Gave Idol","damage_taken":0,"max_hp_gain":0,"max_hp_loss":0,"event_name":"The Moai Head","floor":44,"relics_lost":["Golden Idol"],"gold_loss":0},{"damage_healed":0,"gold_gain":222,"player_choice":"Wore Mask","damage_taken":0,"max_hp_gain":0,"max_hp_loss":0,"event_name":"Tomb of Lord Red Mask","floor":47,"gold_loss":0}],"is_beta":false,"boss_relics":[{"not_picked":["construct:WeddingRing","GreenFoldingFan"],"picked":"FeatherPendant"},{"not_picked":["GuanYuAspect","OneHitWonderSystem","MostiFishMod:Hod"]}],"items_purged_floors":[2,2,21,21,21,21,21,21,21,21,21,25,38,38,38],"is_endless":false,"potions_floor_spawned":[1,1,11,14,16,16,18,19,28,28,31,33,35,41,41],"ascension_level":3}}