{"host":"mai03x2ekbjy4059","time":1610932187,"event":{"mods":["2.2 Compatiblity","BaseMod","DeckTracker","Keyboard Shortcuts","Minty Spire (QoL Compilation)","Permanent Neow","Quick Restart","SuperFastMode","everything is the same but u backflip on backflip"],"gold_per_floor":[114,37,51,51,51,83,83,102,102,134,134,153,188,205,205,205,205],"floor_reached":16,"language":"KOR","playtime":478,"items_purged":[],"score":126,"play_id":"f23f8e3b-b44a-4d2a-a619-af70f9fbd13d","local_time":"20210118100947","is_ascension_mode":true,"campfire_choices":[{"data":"Tactician","floor":7.0,"key":"SMITH"},{"data":"Finesse","floor":11.0,"key":"SMITH"},{"data":"Concentrate","floor":15.0,"key":"SMITH"}],"circlet_count":0,"master_deck":["Strike_G","Strike_G","Strike_G","Strike_G","Strike_G","Defend_G","Defend_G","Defend_G","Defend_G","Survivor","Neutralize+1","Tactician+1","Finesse+1","Concentrate+1","After Image","Acrobatics"],"relics":["Ring of the Snake","CaptainsWheel","Bag of Marbles","The Courier","Incense Burner","PreservedInsect"],"acts_visited":["Exordium"],"potions_floor_usage":[],"damage_taken":[{"damage":0.0,"enemies":"Jaw Worm","floor":1.0,"turns":4.0},{"damage":0.0,"enemies":"Cultist","floor":3.0,"turns":3.0},{"damage":34.0,"enemies":"Lagavulin","floor":6.0,"turns":10.0},{"damage":0.0,"enemies":"2 Louse","floor":8.0,"turns":2.0},{"damage":22.0,"enemies":"3 Sentries","floor":10.0,"turns":12.0},{"damage":4.0,"enemies":"Gremlin Gang","floor":12.0,"turns":7.0},{"damage":3.0,"enemies":"Lagavulin","floor":13.0,"turns":8.0},{"damage":0.0,"enemies":"Exordium Wildlife","floor":14.0,"turns":3.0},{"damage":0,"enemies":"Hexaghost","floor":16,"turns":1}],"seed_played":"5674084806068713685","potions_obtained":[{"floor":8.0,"key":"Block Potion"},{"floor":10.0,"key":"Fire Potion"},{"floor":12.0,"key":"Block Potion"},{"floor":13.0,"key":"Weak Potion"}],"is_trial":false,"path_per_floor":["M","?","M","$","?","E","R","M","T","E","R","M","E","M","R","B"],"character_chosen":"THE_SILENT","items_purchased":[],"campfire_rested":0,"item_purchase_floors":[],"current_hp_per_floor":[70,70,70,70,70,36,36,36,36,14,14,10,7,7,7,7,7],"gold":205,"neow_bonus":"UPGRADE_CARD","is_daily":false,"chose_seed":false,"campfire_upgraded":3,"win_rate":0.0,"timestamp":1610932187,"path_taken":["M","?","M","?","?","E","R","?","T","E","R","M","E","M","R","BOSS"],"items_purchased_type":[],"build_version":"2020-12-22","purchased_purges":0,"victory":false,"max_hp_per_floor":[70,70,70,70,70,70,70,70,70,70,70,70,70,70,70,70,70],"card_choices":[{"not_picked":["Dagger Throw","Sucker Punch","Masterful Stab"],"picked":"SKIP","floor":1.0},{"not_picked":["Deadly Poison","Cloak And Dagger"],"picked":"Tactician","floor":3.0},{"not_picked":["Dagger Spray","Skewer","Bouncing Flask"],"picked":"SKIP","floor":6.0},{"not_picked":["Dash","Outmaneuver","Glass Knife"],"picked":"SKIP","floor":8.0},{"not_picked":["Dagger Spray","Skewer","Flechettes"],"picked":"SKIP","floor":10.0},{"not_picked":["Slice","Poisoned Stab"],"picked":"Concentrate","floor":12.0},{"not_picked":["Outmaneuver","Dodge and Roll"],"picked":"After Image","floor":13.0},{"not_picked":["Deadly Poison","Calculated Gamble"],"picked":"Acrobatics","floor":14.0}],"player_experience":1074733,"relics_obtained":[{"floor":6.0,"key":"Bag of Marbles"},{"floor":9.0,"key":"The Courier"},{"floor":10.0,"key":"Incense Burner"},{"floor":13.0,"key":"PreservedInsect"}],"event_choices":[{"damage_healed":0.0,"max_hp_gain":0.0,"max_hp_loss":0.0,"gold_gain":0.0,"event_name":"WeMeetAgain","player_choice":"Paid Gold","floor":2.0,"gold_loss":77.0,"damage_taken":0.0,"relics_obtained":["CaptainsWheel"]},{"cards_removed":["Defend_G"],"damage_healed":0.0,"max_hp_gain":0.0,"max_hp_loss":0.0,"gold_gain":0.0,"event_name":"NoteForYourself","player_choice":"Took Card","floor":5.0,"gold_loss":0.0,"damage_taken":0.0,"cards_obtained":["Finesse"]}],"is_beta":false,"boss_relics":[],"items_purged_floors":[],"is_endless":false,"potions_floor_spawned":[8,10,12,13],"killed_by":"Hexaghost","ascension_level":1}}