{"host":"6h0diz2ap0m56grs","time":1610950475,"event":{"mods":["2.2 Compatiblity","BaseMod","Colored Map","Marisa????????","Minty Spire (QoL Compilation)","Quick Restart","Replay The Spire","Shop Mod","StSLib","The Servant 0.9.4"],"gold_per_floor":[114,132,193,193,208,234,234,234],"floor_reached":7,"language":"ENG","playtime":185,"items_purged":[],"score":54,"play_id":"79072897-f5a7-4c88-8b03-dda056d8a809","local_time":"20210118001435","daily_mods":["SealedDeck","Heirloom","Time Dilation","Flight"],"is_ascension_mode":true,"campfire_choices":[],"circlet_count":0,"master_deck":["NonDirectionalLaser","StarBarrage","AsteroidBelt","AsteroidBelt","OortCloud","OortCloud","OneTimeOff","WitchLeyline","WitchLeyline","MeteoricShower","PropBag","GrandCross"],"relics":["MiniHakkero","replay:Trail_Library","Peace Pipe","Bottled Tornado"],"acts_visited":["Exordium"],"potions_floor_usage":[],"damage_taken":[{"damage":0,"enemies":"Jaw Worm","floor":1,"turns":4},{"damage":0,"enemies":"2 Louse","floor":2,"turns":2},{"damage":0,"enemies":"Cultist","floor":5,"turns":4},{"damage":3,"enemies":"Gremlin Nob","floor":6,"turns":3},{"damage":0,"enemies":"Replay:BlueRogue","floor":7,"turns":1}],"seed_played":"4008777730500949045","potions_obtained":[{"floor":1,"key":"DuplicationPotion"},{"floor":4,"key":"LiquidMemories"},{"floor":4,"key":"LiquidBronze"}],"is_trial":true,"path_per_floor":["M","M","?","?","M","E","E"],"character_chosen":"MARISA","items_purchased":[],"campfire_rested":0,"item_purchase_floors":[],"current_hp_per_floor":[75,75,75,75,75,72,72,72],"gold":234,"neow_bonus":"","is_daily":false,"chose_seed":false,"campfire_upgraded":0,"win_rate":0.0,"timestamp":1610950475,"path_taken":["M","M","?","?","?","E","E"],"items_purchased_type":[],"build_version":"2020-12-22","purchased_purges":0,"victory":false,"max_hp_per_floor":[75,75,75,75,75,75,75,75],"card_choices":[{"not_picked":["IllusionStar","AsteroidBelt","Occultation"],"picked":"SKIP","floor":1},{"not_picked":["GalacticHalo","Acceleration"],"picked":"PropBag","floor":2},{"not_picked":["DC","6A"],"picked":"GrandCross","floor":5},{"not_picked":["6A","MysteriousBeam","MagicChant"],"picked":"SKIP","floor":6}],"player_experience":205719,"relics_obtained":[{"floor":6,"key":"Bottled Tornado"}],"event_choices":[{"damage_healed":0,"gold_gain":61,"player_choice":"Gained Gold","damage_taken":0,"max_hp_gain":0,"max_hp_loss":0,"event_name":"Golden Wing","floor":3,"gold_loss":0},{"damage_healed":0,"gold_gain":0,"player_choice":"Got Potions","damage_taken":0,"max_hp_gain":0,"max_hp_loss":0,"event_name":"Lab","floor":4,"gold_loss":0}],"is_beta":false,"boss_relics":[],"items_purged_floors":[],"is_endless":false,"potions_floor_spawned":[1],"killed_by":"Replay:BlueRogue","ascension_level":1}}