{"host":"3j2m8n0ywf988fwb","time":1610954108,"event":{"mods":["2.2 Compatiblity","AchievementEnabler","Aspiration","BaseMod","Bestiary","Better Altar","Better Match","Better Note","Better Sensory Stone","Better Skull","Better Third Choice","CCEM","Colored Map","Colored Powertips","Dark Map","Googly Eyes","Halation","HexUI Lib","Highlight Path","Hubris","Infinite Spire","Jedi Mod","Marked Mod","Mimic Mod","Minty Spire (QoL Compilation)","Random Character Button","Relic Stats","Replay The Spire","Shop Mod","StS++","StSLib","Unceasing Turn Reminder","everything is the same but u backflip on backflip"],"gold_per_floor":[110,110,110,129,129,155,275,275,275],"floor_reached":8,"language":"ENG","playtime":311,"items_purged":[],"score":122,"play_id":"9b0aef96-6024-4c98-a8da-c273716b6006","local_time":"20210118011508","is_ascension_mode":true,"campfire_choices":[],"circlet_count":0,"master_deck":["AscendersBane","Strike_G","Strike_G","Strike_G","Strike_G","Strike_G","Defend_G","Defend_G+1","Defend_G","Defend_G","Defend_G","Survivor","Neutralize","Dodge and Roll","Sucker Punch","StSpp:CorrosivePoison","Fluid Movement","hubris:NaturalOne"],"relics":["Ring of the Snake","NeowsBlessing","hubris:Icosahedron","ReplayTheSpireMod:Ring of Exchange","Ring of Panic","Blue Doll"],"acts_visited":["Exordium"],"potions_floor_usage":[],"damage_taken":[{"damage":0,"enemies":"Cultist","floor":1,"turns":1},{"damage":0,"enemies":"2 Louse","floor":4,"turns":1},{"damage":0,"enemies":"Lagavulin","floor":6,"turns":1},{"damage":0,"enemies":"Jaw Worm","floor":7,"turns":5},{"damage":67,"enemies":"Replay:BlueRogue","floor":8,"turns":13}],"seed_played":"-4701327491953080114","potions_obtained":[{"floor":6,"key":"Fire Potion"}],"is_trial":false,"path_per_floor":["M","?","?","M","?","E","M","E"],"character_chosen":"THE_SILENT","items_purchased":[],"campfire_rested":0,"item_purchase_floors":[],"current_hp_per_floor":[63,63,63,63,63,63,63,0,0],"gold":275,"neow_bonus":"THREE_ENEMY_KILL","is_daily":false,"chose_seed":false,"campfire_upgraded":0,"win_rate":0.0,"timestamp":1610954108,"path_taken":["M","?","?","M","?","E","M","E"],"items_purchased_type":[],"build_version":"2020-12-22","purchased_purges":0,"victory":false,"max_hp_per_floor":[70,70,70,70,70,70,70,70,70],"relic_stats":{"counters":[5,21],"obtain_stats":[{"ReplayTheSpireMod:Ring of Exchange":5,"hubris:Icosahedron":3,"NeowsBlessing":0,"Blue Doll":6,"Ring of Panic":5,"Ring of the Snake":0},{"ReplayTheSpireMod:Ring of Exchange":2,"hubris:Icosahedron":1,"NeowsBlessing":0,"Blue Doll":3,"Ring of Panic":2,"Ring of the Snake":0},{"ReplayTheSpireMod:Ring of Exchange":2,"hubris:Icosahedron":1,"NeowsBlessing":0,"Blue Doll":3,"Ring of Panic":2,"Ring of the Snake":0}],"Ring of the Snake":[10]},"card_choices":[{"not_picked":["StSpp:Throw","hubris:TrickCloak"],"picked":"Dodge and Roll","floor":1},{"not_picked":["hubris:SlightOfHand","Dodge and Roll"],"picked":"Sucker Punch","floor":4},{"not_picked":["Acrobatics","jedi:pocketpoison"],"picked":"StSpp:CorrosivePoison","floor":6},{"not_picked":["StSpp:Dive","Deflect"],"picked":"Fluid Movement","floor":7}],"player_experience":754525,"relics_obtained":[{"floor":5,"key":"ReplayTheSpireMod:Ring of Exchange"},{"floor":5,"key":"Ring of Panic"},{"floor":6,"key":"Blue Doll"}],"event_choices":[],"is_beta":false,"boss_relics":[],"items_purged_floors":[],"is_endless":false,"potions_floor_spawned":[6],"killed_by":"Replay:BlueRogue","ascension_level":10}}