{"host":"d66n7ln59ex8canu","time":1610995263,"event":{"mods":["AchievementEnabler","BaseMod","Colored Map","Minty Spire (QoL Compilation)","Quick Restart","StSLib"],"gold_per_floor":[10,25,25,25,42,73,148,158,158,188,3,15,15,34,34,137,137,151,163,85,100,100,100,100,100],"floor_reached":24,"language":"ENG","playtime":811,"items_purged":[],"score":348,"play_id":"d0f808d1-211c-4359-9e84-ea5b40f2daca","local_time":"20210118134103","is_ascension_mode":true,"campfire_choices":[{"floor":15,"key":"REST"},{"floor":23,"key":"REST"}],"circlet_count":0,"master_deck":["Strike_B","Strike_B","Strike_B+1","Strike_B+1","Defend_B","Defend_B","Defend_B","Defend_B","Zap","Dualcast","Rainbow","Leap","White Noise+1","Defragment","FTL","Storm","Melter","Creative AI","Storm","Steam"],"relics":["Cracked Core","PreservedInsect","Singing Bowl","Whetstone","DataDisk","Runic Capacitor","Black Star"],"acts_visited":["Exordium","TheCity"],"potions_floor_usage":[12,16,16,19,21],"damage_taken":[{"damage":2,"enemies":"Jaw Worm","floor":1,"turns":3},{"damage":0,"enemies":"2 Louse","floor":2,"turns":3},{"damage":0,"enemies":"Cultist","floor":5,"turns":3},{"damage":28,"enemies":"Gremlin Nob","floor":6,"turns":4},{"damage":0,"enemies":"Large Slime","floor":8,"turns":5},{"damage":12,"enemies":"Lagavulin","floor":10,"turns":6},{"damage":0,"enemies":"Exordium Wildlife","floor":12,"turns":4},{"damage":10,"enemies":"Red Slaver","floor":14,"turns":2},{"damage":0,"enemies":"Slime Boss","floor":16,"turns":5},{"damage":24,"enemies":"Shell Parasite","floor":18,"turns":5},{"damage":32,"enemies":"3 Byrds","floor":19,"turns":4},{"damage":16,"enemies":"Snake Plant","floor":21,"turns":3},{"damage":28,"enemies":"Book of Stabbing","floor":24,"turns":3}],"seed_played":"4821930208445571534","potions_obtained":[{"floor":2,"key":"DuplicationPotion"},{"floor":5,"key":"SkillPotion"},{"floor":8,"key":"FocusPotion"},{"floor":12,"key":"LiquidBronze"},{"floor":18,"key":"Swift Potion"}],"is_trial":false,"path_per_floor":["M","M","?","?","M","E","?","M","T","E","$","M","$","M","R","B",null,"M","M","$","M","$","R","E"],"character_chosen":"DEFECT","items_purchased":["Runic Capacitor","Storm","Storm"],"campfire_rested":2,"item_purchase_floors":[11,11,20],"current_hp_per_floor":[66,66,66,63,63,37,26,28,28,16,16,16,16,8,32,32,69,47,17,17,1,1,26,0,0],"gold":100,"neow_bonus":"THREE_RARE_CARDS","is_daily":false,"chose_seed":false,"campfire_upgraded":0,"win_rate":0.0,"timestamp":1610995263,"path_taken":["M","M","?","?","M","E","?","M","T","E","$","M","?","M","R","BOSS","M","M","$","M","?","R","E"],"items_purchased_type":["Relic","Card","Card"],"build_version":"2020-12-22","purchased_purges":0,"victory":false,"max_hp_per_floor":[75,75,75,75,75,77,77,79,79,79,79,79,79,81,81,81,81,83,85,85,85,85,85,85,85],"card_choices":[{"not_picked":["Thunder Strike","Core Surge"],"picked":"Rainbow","floor":0},{"not_picked":["Redo","Aggregate"],"picked":"Leap","floor":1},{"not_picked":["Go for the Eyes","Hologram"],"picked":"White Noise","floor":2},{"not_picked":["Skim","Chill"],"picked":"Defragment","floor":5},{"not_picked":["Static Discharge","Undo","Sunder"],"picked":"Singing Bowl","floor":6},{"not_picked":["Lockon","Gash","Streamline"],"picked":"Singing Bowl","floor":8},{"not_picked":["Tempest","Consume"],"picked":"FTL","floor":10},{"not_picked":["Stack","Go for the Eyes"],"picked":"Melter","floor":12},{"not_picked":["Stack","FTL","Undo"],"picked":"Singing Bowl","floor":14},{"not_picked":["All For One","Multi-Cast"],"picked":"Creative AI","floor":16},{"not_picked":["Sunder","Reprogram","White Noise"],"picked":"Singing Bowl","floor":18},{"not_picked":["Stack","FTL","Lockon"],"picked":"Singing Bowl","floor":19},{"not_picked":["Blizzard","Skim+1"],"picked":"Steam","floor":21}],"player_experience":334858,"relics_obtained":[{"floor":6,"key":"Singing Bowl"},{"floor":9,"key":"Whetstone"},{"floor":10,"key":"DataDisk"}],"event_choices":[{"damage_healed":0,"gold_gain":0,"player_choice":"Grow","damage_taken":0,"max_hp_gain":0,"max_hp_loss":0,"event_name":"Living Wall","floor":3,"gold_loss":0,"cards_upgraded":["White Noise"]},{"damage_healed":0,"gold_gain":0,"player_choice":"Success","damage_taken":3,"relics_obtained":["PreservedInsect"],"max_hp_gain":0,"max_hp_loss":0,"event_name":"Scrap Ooze","floor":4,"gold_loss":0},{"damage_healed":0,"gold_gain":75,"player_choice":"Gather Gold","damage_taken":11,"max_hp_gain":0,"max_hp_loss":0,"event_name":"World of Goop","floor":7,"gold_loss":0}],"is_beta":false,"boss_relics":[{"not_picked":["Empty Cage","Runic Pyramid"],"picked":"Black Star"}],"items_purged_floors":[],"is_endless":false,"potions_floor_spawned":[2,5,8,10,12,18],"killed_by":"Book of Stabbing","ascension_level":7}}