{"host":"oigynbtg272c19pw","time":1610974189,"event":{"mods":["BaseMod","Colored Map","Minty Spire (QoL Compilation)","Relic Stats","Slay the Relics Exporter","StSLib"],"gold_per_floor":[115,115,136,9,30,30,54,94,146,146,161,194,194,227,227,325,325,343,20,38,58,82,125,125,125,125,149,149,149,149],"floor_reached":29,"playtime":1020,"items_purged":["Zap"],"score":670,"play_id":"e7e65804-c284-471e-add7-c3261d3325ff","local_time":"20210118134949","is_ascension_mode":true,"campfire_choices":[{"data":"Ball Lightning","floor":6.0,"key":"SMITH"},{"data":"Tempest","floor":10.0,"key":"SMITH"},{"data":"Static Discharge","floor":13.0,"key":"SMITH"},{"data":"Fission","floor":15.0,"key":"SMITH"},{"data":"Buffer","floor":24.0,"key":"SMITH"}],"circlet_count":0,"master_deck":["AscendersBane","Dualcast","Static Discharge+1","Ball Lightning+1","Tempest+1","Leap+1","Gash","Echo Form","Lockon","Chill","Storm","Fission+1","Core Surge","Melter","Electrodynamics","Turbo","Barrage","Double Energy","Consume","Rebound","Amplify","Sunder","Buffer+1","Force Field","White Noise","Loop","Self Repair","BootSequence","Rainbow","Skim"],"relics":["Cracked Core","Golden Idol","Letter Opener","War Paint","Toy Ornithopter","Tiny Chest","Pandora\u0027s Box","Vajra","Centennial Puzzle"],"acts_visited":["Exordium","TheCity"],"potions_floor_usage":[],"damage_taken":[{"damage":6.0,"enemies":"Small Slimes","floor":1.0,"turns":3.0},{"damage":12.0,"enemies":"2 Louse","floor":3.0,"turns":4.0},{"damage":1.0,"enemies":"Cultist","floor":5.0,"turns":3.0},{"damage":0.0,"enemies":"Red Slaver","floor":7.0,"turns":4.0},{"damage":5.0,"enemies":"Lagavulin","floor":8.0,"turns":6.0},{"damage":0.0,"enemies":"Large Slime","floor":11.0,"turns":4.0},{"damage":6.0,"enemies":"Gremlin Nob","floor":12.0,"turns":3.0},{"damage":6.0,"enemies":"3 Sentries","floor":14.0,"turns":6.0},{"damage":0.0,"enemies":"The Guardian","floor":16.0,"turns":8.0},{"damage":12.0,"enemies":"Chosen","floor":18.0,"turns":4.0},{"damage":0.0,"enemies":"Spheric Guardian","floor":20.0,"turns":3.0},{"damage":24.0,"enemies":"Snake Plant","floor":21.0,"turns":2.0},{"damage":0.0,"enemies":"3 Cultists","floor":22.0,"turns":3.0},{"damage":21.0,"enemies":"Gremlin Leader","floor":23.0,"turns":4.0},{"damage":24.0,"enemies":"Slavers","floor":25.0,"turns":2.0},{"damage":6.0,"enemies":"Snecko","floor":27.0,"turns":3.0},{"damage":13,"enemies":"Shelled Parasite and Fungi","floor":29,"turns":4}],"seed_played":"5154600230099972401","potions_obtained":[{"floor":1.0,"key":"Fire Potion"},{"floor":5.0,"key":"SpeedPotion"},{"floor":12.0,"key":"PowerPotion"},{"floor":21.0,"key":"AttackPotion"},{"floor":23.0,"key":"SmokeBomb"}],"is_trial":false,"path_per_floor":["M","?","M","$","M","R","M","E","T","R","M","E","R","E","R","B",null,"M","$","M","M","M","E","R","E","T","M","?","M"],"character_chosen":"DEFECT","items_purchased":["Tempest","Leap","Buffer","Force Field","White Noise"],"campfire_rested":0,"item_purchase_floors":[4,4,19,19,19],"current_hp_per_floor":[54,54,42,42,41,41,41,36,36,36,36,30,30,24,24,29,65,53,53,53,29,29,32,32,13,13,7,7,0,0],"gold":149,"neow_bonus":"TWENTY_PERCENT_HP_BONUS","is_daily":false,"chose_seed":false,"campfire_upgraded":5,"win_rate":0.0,"timestamp":1610974189,"path_taken":["M","?","M","$","M","R","M","E","T","R","M","E","R","E","R","BOSS","M","$","M","M","M","E","R","E","T","M","?","M"],"items_purchased_type":["Card","Card","Card","Card","Card"],"build_version":"2020-12-13","purchased_purges":1,"victory":false,"max_hp_per_floor":[85,77,77,77,77,77,77,77,77,77,77,77,77,77,77,77,77,77,77,77,77,77,77,77,77,77,77,77,77,77],"relic_stats":{"Centennial Puzzle":[6],"counters":[17,66],"Golden Idol":97,"Tiny Chest":0,"Pandora\u0027s Box":["Melter","Electrodynamics","Turbo","Barrage","Double Energy","Consume","Rebound","Amplify"],"Letter Opener":[65],"War Paint":["Defend_B","Leap"],"obtain_stats":[{"Centennial Puzzle":26,"Golden Idol":2,"Vajra":23,"Tiny Chest":14,"Pandora\u0027s Box":17,"Letter Opener":8,"War Paint":9,"Cracked Core":0,"Toy Ornithopter":12},{"Centennial Puzzle":15,"Golden Idol":1,"Vajra":14,"Tiny Chest":8,"Pandora\u0027s Box":9,"Letter Opener":5,"War Paint":5,"Cracked Core":0,"Toy Ornithopter":7},{"Centennial Puzzle":59,"Golden Idol":3,"Vajra":57,"Tiny Chest":33,"Pandora\u0027s Box":41,"Letter Opener":20,"War Paint":20,"Cracked Core":0,"Toy Ornithopter":27}],"Toy Ornithopter":20},"card_choices":[{"not_picked":["Beam Cell","Ball Lightning"],"picked":"Static Discharge","floor":1.0},{"not_picked":["Streamline","Fusion"],"picked":"Ball Lightning","floor":3.0},{"not_picked":["Leap","FTL"],"picked":"Gash","floor":5.0},{"not_picked":["Beam Cell","Streamline"],"picked":"Echo Form","floor":7.0},{"not_picked":["Fusion","Heatsinks"],"picked":"Lockon","floor":8.0},{"not_picked":["Sweeping Beam","Gash"],"picked":"Chill","floor":11.0},{"not_picked":["Go for the Eyes","Turbo"],"picked":"Storm","floor":12.0},{"not_picked":["Coolheaded","Redo"],"picked":"Fission","floor":14.0},{"not_picked":["Buffer","Creative AI"],"picked":"Core Surge","floor":16.0},{"not_picked":["Steam Power","Cold Snap"],"picked":"Sunder","floor":18.0},{"not_picked":["Stack","Turbo+1"],"picked":"Loop","floor":20.0},{"not_picked":["Coolheaded","Consume"],"picked":"Self Repair","floor":21.0},{"not_picked":["Streamline","Coolheaded"],"picked":"BootSequence","floor":22.0},{"not_picked":["Auto Shields","Stack"],"picked":"Rainbow","floor":23.0},{"not_picked":["Auto Shields","Scrape"],"picked":"Skim","floor":27.0}],"player_experience":1432579,"relics_obtained":[{"floor":8.0,"key":"Letter Opener"},{"floor":9.0,"key":"War Paint"},{"floor":12.0,"key":"Toy Ornithopter"},{"floor":14.0,"key":"Tiny Chest"},{"floor":23.0,"key":"Vajra"},{"floor":26.0,"key":"Centennial Puzzle"}],"event_choices":[{"damage_healed":0.0,"max_hp_gain":0.0,"max_hp_loss":8.0,"gold_gain":0.0,"event_name":"Golden Idol","player_choice":"Lose Max HP","floor":2.0,"gold_loss":0.0,"damage_taken":0.0,"relics_obtained":["Golden Idol"]},{"damage_healed":0,"gold_gain":0,"player_choice":"Leave","damage_taken":0,"max_hp_gain":0,"max_hp_loss":0,"event_name":"FaceTrader","floor":28,"gold_loss":0}],"is_beta":false,"boss_relics":[{"not_picked":["Ectoplasm","Snecko Eye"],"picked":"Pandora\u0027s Box"}],"items_purged_floors":[19],"is_endless":false,"potions_floor_spawned":[1,5,12,21,22,23],"killed_by":"Shelled Parasite and Fungi","ascension_level":20}}