{"host":"fm9e0lfunjlbhzxv","time":1610941850,"event":{"mods":["2.2 Compatiblity","Alarm Clock","BaseMod","Bestiary","Better Match","Better Skull","Better Third Choice","Colored Map","Colored Powertips","Lobotomy","LobotomyExtend","Minty Spire (QoL Compilation)","Rare Cards Sparkle","Relic Stats","Spicy Shops","StSLib","slay the spire mod where everything is the same but ironclad has a cowboy hat"],"gold_per_floor":[210,222,172,172,183,183,183,183,183,183,39,39,59,73,73,188,188,202,216,216,216,216,216,98,98,98,98,98,113,141,38,38,136,136,150,196,215,215,229,260,260,260,260,277,304,78,78,95,95,95],"floor_reached":51,"language":"ENG","playtime":7552,"items_purged":[],"score":1583,"play_id":"2a64f3d1-9894-4a54-8fa4-427344a50e8c","local_time":"20210117195050","is_ascension_mode":true,"campfire_choices":[{"floor":49,"key":"RECALL"}],"circlet_count":0,"master_deck":["SpecialBullet","SpecialBullet","SpecialBullet","SpecialBullet","SpecialBullet","SpecialBullet","InformationCode","SecurityCode","LaLuna","GoldRush","FourthMatchFlame","UniverseFragment","Spore","CentralCode","Adoration","MHz","Soda","Wellcheers","SomewhereSpear","Rudolta","CherryBlossom","Amita","TrainingCode","ExtractionCode","CENSORED_ego","Beak","SoundOfStar","Variant","ShedSkin","Mimicry","OSAHOGD","ParadiseLost","ScreamingWedge+1","Reverberation+1","CENSORED_ego","GalaxyChild","ShedSkin","Regret_ego","Soda+1","Wingbeat+1","Lamp+1","Decay","Wingbeat+1","GreenStem","RecordCode","LongBird"],"relics":["CogitoBucket","RabbitCall","LetterFromLob","FossilizedHelix","Membership Card","Sozu","BackwardClock","Bag of Marbles","The Courier","Orichalcum","Torii","Bag of Preparation","Cursed Key","ChangeAnything","Calipers","Blood Vial","HellTrain","AtMidnight","Toxic Egg 2","Frozen Eye","Art of War","Molten Egg 2"],"acts_visited":["Exordium","TheCity","TheBeyond"],"potions_floor_usage":[16],"damage_taken":[{"damage":7,"enemies":"Small Slimes","floor":1,"turns":2},{"damage":11,"enemies":"Jaw Worm","floor":2,"turns":2},{"damage":6,"enemies":"Cultist","floor":5,"turns":3},{"damage":0,"enemies":"3 Louse","floor":13,"turns":3},{"damage":0,"enemies":"2 Fungi Beasts","floor":14,"turns":2},{"damage":26,"enemies":"Slime Boss","floor":16,"turns":11},{"damage":10,"enemies":"Shell Parasite","floor":18,"turns":4},{"damage":11,"enemies":"3 Byrds","floor":19,"turns":5},{"damage":51,"enemies":"3 Cultists","floor":29,"turns":12},{"damage":3,"enemies":"Slavers","floor":30,"turns":4},{"damage":40,"enemies":"Automaton","floor":33,"turns":15},{"damage":0,"enemies":"3 Darklings","floor":35,"turns":8},{"damage":29,"enemies":"2 Orb Walkers","floor":36,"turns":6},{"damage":6,"enemies":"Orb Walker","floor":37,"turns":4},{"damage":1,"enemies":"3 Darklings","floor":39,"turns":11},{"damage":50,"enemies":"Reptomancer","floor":40,"turns":9},{"damage":0,"enemies":"Writhing Mass","floor":44,"turns":25},{"damage":21,"enemies":"Nemesis","floor":45,"turns":9},{"damage":0,"enemies":"4 Shapes","floor":48,"turns":5},{"damage":40,"enemies":"Awakened One","floor":50,"turns":26},{"damage":40,"enemies":"Malkuth","floor":51,"turns":24},{"damage":48,"enemies":"Netzach","floor":51,"turns":20}],"seed_played":"7327365711274588893","potions_obtained":[{"floor":1,"key":"SmokeBomb"},{"floor":2,"key":"Dexterity Potion"},{"floor":5,"key":"Explosive Potion"}],"is_trial":false,"path_per_floor":["M","M","?","$","M","R","?","R","T","R","$","R","M","M","R","B",null,"M","M","?","?","?","R","$","R","T","E","R","M","E","$","R","B",null,"M","?","M","?","M","E","R","?","T","M","E","$","R","M","R","B",null],"character_chosen":"Angela","items_purchased":["Membership Card","CherryBlossom","Bag of Marbles","Amita","Torii","ShedSkin","Bag of Preparation","Frozen Eye","Art of War","Molten Egg 2"],"campfire_rested":0,"item_purchase_floors":[11,24,24,24,31,31,31,46,46,46],"current_hp_per_floor":[70,67,67,67,70,70,63,63,63,63,63,63,74,74,74,52,78,82,86,86,86,86,86,86,86,86,86,86,86,90,90,90,86,94,94,83,93,93,98,75,75,91,91,102,101,101,101,106,106,106],"gold":95,"neow_bonus":"HUNDRED_GOLD","is_daily":false,"chose_seed":false,"campfire_upgraded":0,"win_rate":0.0,"timestamp":1610941850,"path_taken":["M","M","?","$","M","R","?","R","T","R","?","R","?","M","R","BOSS","M","M","?","?","?","R","$","R","T","E","R","?","E","$","R","BOSS","M","?","M","?","M","E","R","?","T","M","E","$","R","M","R","BOSS"],"items_purchased_type":["Relic","Card","Relic","Card","Relic","Card","Relic","Relic","Relic","Relic"],"build_version":"2020-12-22","purchased_purges":0,"victory":true,"max_hp_per_floor":[70,70,70,70,70,70,70,70,70,70,70,70,74,74,74,78,78,82,86,86,86,86,86,86,86,86,86,86,86,90,90,90,94,94,94,98,98,98,98,102,102,102,102,102,102,102,102,106,106,106],"relic_stats":{"Sozu":10,"Blood Vial":6,"Torii":4,"counters":[27,219],"Bag of Preparation":[28],"Art of War":[13],"Orichalcum":[252],"Cursed Key":1,"obtain_stats":[{"RabbitCall":0,"BackwardClock":18,"Calipers":36,"Torii":31,"The Courier":26,"Bag of Preparation":31,"Orichalcum":30,"Cursed Key":34,"Sozu":17,"Blood Vial":40,"Frozen Eye":46,"CogitoBucket":0,"AtMidnight":44,"Molten Egg 2":46,"LetterFromLob":1,"Bag of Marbles":24,"Art of War":46,"Membership Card":11,"ChangeAnything":35,"HellTrain":44,"Toxic Egg 2":45,"FossilizedHelix":9},{"RabbitCall":0,"BackwardClock":8,"Calipers":15,"Torii":11,"The Courier":9,"Bag of Preparation":11,"Orichalcum":11,"Cursed Key":12,"Sozu":6,"Blood Vial":18,"Frozen Eye":21,"CogitoBucket":0,"AtMidnight":20,"Molten Egg 2":21,"LetterFromLob":1,"Bag of Marbles":9,"Art of War":21,"Membership Card":3,"ChangeAnything":14,"HellTrain":20,"Toxic Egg 2":21,"FossilizedHelix":3},{"RabbitCall":0,"BackwardClock":28,"Calipers":79,"Torii":49,"The Courier":33,"Bag of Preparation":49,"Orichalcum":49,"Cursed Key":64,"Sozu":23,"Blood Vial":103,"Frozen Eye":138,"CogitoBucket":0,"AtMidnight":129,"Molten Egg 2":138,"LetterFromLob":2,"Bag of Marbles":33,"Art of War":138,"Membership Card":7,"ChangeAnything":73,"HellTrain":129,"Toxic Egg 2":138,"FossilizedHelix":7}]},"card_choices":[{"not_picked":["FieryBird","LittleHelper"],"picked":"LaLuna","floor":1},{"not_picked":["Beak","Lantern"],"picked":"SKIP","floor":1},{"not_picked":["Christmas"],"picked":"Wingbeat","floor":2},{"not_picked":["RedShoes","MeatLantern"],"picked":"DespairKnight","floor":2},{"not_picked":["Horn"],"picked":"GoldRush","floor":5},{"not_picked":["Logging"],"picked":"FourthMatchFlame","floor":13},{"not_picked":["BeautyBeast","Scorched"],"picked":"UniverseFragment","floor":13},{"not_picked":["Beak"],"picked":"Spore","floor":14},{"not_picked":["Twilight"],"picked":"Adoration","floor":16},{"not_picked":["SpiderBud","PunishingBird"],"picked":"MHz","floor":16},{"not_picked":["CUTE"],"picked":"Soda","floor":18},{"not_picked":["GreedKing","CherryBlossoms"],"picked":"Wellcheers","floor":18},{"not_picked":["TodaysExpression"],"picked":"SomewhereSpear","floor":19},{"not_picked":["CherryBlossoms","GalaxyChild"],"picked":"Rudolta","floor":19},{"not_picked":["Ecstasy"],"picked":"CENSORED_ego","floor":29},{"not_picked":["Loneliness"],"picked":"Beak","floor":29},{"not_picked":["TodaysExpression"],"picked":"SoundOfStar","floor":30},{"not_picked":["Freischutz","SnowQueen"],"picked":"Variant","floor":30},{"not_picked":["Noise","RapturousDream"],"picked":"SKIP","floor":30},{"not_picked":["CENSORED_ego","Adoration"],"picked":"Mimicry","floor":33},{"not_picked":["LittlePrince","OldLady"],"picked":"OSAHOGD","floor":33},{"not_picked":["Justitia","DaCapo"],"picked":"ParadiseLost","floor":33},{"not_picked":["BlackSwan_ego+1","WristCuter"],"picked":"ScreamingWedge+1","floor":35},{"not_picked":["RapturousDream","TodaysExpression"],"picked":"Reverberation+1","floor":35},{"not_picked":["Noise+1","Penitence"],"picked":"CENSORED_ego","floor":36},{"not_picked":["Funeral","BeautyBeast"],"picked":"GalaxyChild","floor":36},{"not_picked":["FeatherOfHonor","FourthMatchFlame+1"],"picked":"ShedSkin","floor":36},{"not_picked":["TodaysExpression+1","Amita"],"picked":"Regret_ego","floor":37},{"not_picked":["Harmony+1","Horn+1"],"picked":"Soda+1","floor":37},{"not_picked":["Lantern+1","RedEyes+1"],"picked":"Wingbeat+1","floor":39},{"not_picked":["TodaysExpression+1","Harvest+1","Horn"],"picked":"SKIP","floor":39},{"not_picked":["LifeForTheDareDevil+1","Penitence+1"],"picked":"Lamp","floor":40},{"not_picked":["CherryBlossoms","Freischutz"],"picked":"BodiesMountain","floor":40},{"not_picked":["Tough","Loneliness","Noise"],"picked":"SKIP","floor":40},{"not_picked":["Tough","Loneliness","Noise"],"picked":"SKIP","floor":40},{"not_picked":["GrinderMk4","Laetitia_ego+1"],"picked":"Wingbeat+1","floor":44},{"not_picked":["FourthMatchFlame","Loneliness+1","CrimsonScar"],"picked":"SKIP","floor":44},{"not_picked":["SolemnVow+1","Christmas"],"picked":"GreenStem","floor":45},{"not_picked":["FeatherOfHonor","Soda","Mimicry"],"picked":"SKIP","floor":45},{"not_picked":["LittleHelper","BeautyBeast"],"picked":"LongBird","floor":48},{"not_picked":["RapturousDream+1","TodaysExpression+1","Beak+1"],"picked":"SKIP","floor":48},{"not_picked":["Noise+1","Pinks+1","Beak+1"],"picked":"SKIP","floor":48}],"player_experience":432714,"relics_obtained":[{"floor":1,"key":"LetterFromLob"},{"floor":9,"key":"FossilizedHelix"},{"floor":26,"key":"The Courier"},{"floor":30,"key":"Orichalcum"},{"floor":36,"key":"Calipers"},{"floor":40,"key":"Blood Vial"},{"floor":44,"key":"AtMidnight"},{"floor":45,"key":"Toxic Egg 2"}],"event_choices":[{"cards_removed":["SpecialBullet"],"damage_healed":0,"gold_gain":0,"player_choice":"Card Removal","damage_taken":0,"max_hp_gain":0,"max_hp_loss":0,"event_name":"The Cleric","floor":3,"gold_loss":50},{"cards_removed":["SpecialBullet"],"damage_healed":0,"gold_gain":0,"player_choice":"Card Removal","damage_taken":7,"max_hp_gain":0,"max_hp_loss":0,"event_name":"Golden Wing","floor":7,"gold_loss":0},{"cards_removed":["DespairKnight"],"damage_healed":0,"gold_gain":0,"player_choice":"Elegance","damage_taken":0,"max_hp_gain":0,"max_hp_loss":0,"event_name":"betterThird:BetterWriting","floor":20,"gold_loss":0},{"damage_healed":0,"gold_gain":0,"player_choice":"Ignored","damage_taken":0,"max_hp_gain":0,"max_hp_loss":0,"event_name":"Ghosts","floor":21,"gold_loss":0},{"damage_healed":0,"gold_gain":0,"player_choice":"Got Potions","damage_taken":0,"max_hp_gain":0,"max_hp_loss":0,"event_name":"Lab","floor":22,"gold_loss":0},{"damage_healed":0,"gold_gain":0,"player_choice":"Fight","damage_taken":0,"max_hp_gain":0,"max_hp_loss":0,"event_name":"Mysterious Sphere","floor":36,"gold_loss":0},{"damage_healed":0,"gold_gain":0,"player_choice":"Ignored","damage_taken":0,"max_hp_gain":0,"max_hp_loss":0,"event_name":"Tomb of Lord Red Mask","floor":38,"gold_loss":0}],"is_beta":false,"boss_relics":[{"not_picked":["SacredBark","Coffee Dripper"],"picked":"Sozu"},{"not_picked":["Tiny House","Philosopher\u0027s Stone"],"picked":"Cursed Key"}],"items_purged_floors":[],"is_endless":false,"potions_floor_spawned":[1,2,5,18,33,36,39,40,44,48],"ascension_level":1}}