{"host":"bplbr8uekuotory4","time":1610968641,"event":{"mods":["Act Like it!","BaseMod","Custom Start","Gensokyo","GungeonMod","Hermit","KinomotoSakuraMod(木之本樱)","Marisa（F雨　魔理沙）","Minty Spire (QoL Compilation)","Prisma Mod","Quick Restart","Reimu（博丽灵梦）","Replay The Spire","SOS（斯巴达之子）","Spicy Shops","StSLib","TestMod","The Blackbeard","The Cursed","The Marked","The Mystic","The Poker Player","The Runesmith","The Saiyan","The Senshi","The Servant 0.9.4","Yuri Mod","[IsaacMod]以撒尖塔"],"gold_per_floor":[118,138,138,157,170,170,196,120,120,147,193,43,66,109,109,239,239,289,76,149,71,96,137,137,52,52,65,65,65,107,122,122,221,221,251,400,400,414,813,857,857,895,968,994,994,994,994,1005,1005,1017,1017,1017,1017,1059,1056],"floor_reached":56,"language":"ZHS","playtime":1920,"items_purged":["Strike_R","Defend_R","Immolate","Defend_R","Pain","True Grit","ReplayTheSpireMod:Strike From Hell+1","Exhume+1","Pride","Havoc+1","True Grit+1","ReplayTheSpireMod:Strike From Hell+1"],"score":2129,"play_id":"a93327c1-2de2-42c4-91f3-fbdeebbc8dcc","local_time":"20210118191721","is_ascension_mode":true,"campfire_choices":[{"data":"True Grit","floor":6,"key":"SMITH"},{"data":"ReplayTheSpireMod:Strike From Hell","floor":15,"key":"SMITH"},{"data":"Exhume","floor":24,"key":"SMITH"},{"floor":32,"key":"DIG"},{"data":"Havoc","floor":41,"key":"SMITH"},{"data":"Battle Trance","floor":41,"key":"SMITH"},{"data":"Carnage","floor":47,"key":"SMITH"},{"data":"Shockwave","floor":47,"key":"SMITH"},{"floor":49,"key":"RECALL"},{"floor":52,"key":"REST"}],"circlet_count":0,"master_deck":["AscendersBane","Flex+1","Shockwave+1","Battle Trance+1","Carnage+1","Sword Boomerang+1","Spot Weakness+1","Heavy Blade+1"],"relics":["Burning Blood","HushsDoor","SteamSale","testmod-Temperance","YidongShenshe:ReiMu","Replay:Bandana","Gremlin Food","Matryoshka","Ginger","SalivaCoin","testmod-Charity","Bag of Marbles","Red Skull","testmod-CyclicPeriapt","testmod-TimeTraveler","Onion Ring","Membership Card","Du-Vu Doll","DemoMod:MonsterBlood","Habit","DoctorsRemote","BlankCard","theSenshi:SailorFukuRelic","Replay:Baseball","Shuriken","BFFS","Potion Belt","TungstenRod","DemoMod:MeltedRock","BookOfRevelations","Sling","Golden Egg","TheBible","Astrolabe","GuppysTail","GuppysHairball","TuHaoJin","Blue Doll","DemoMod:JetPack","GnawedLeaf","NineVolt","ReplayTheSpireMod:CursedCoin","Replay:Arrowhead","Centennial Puzzle","ReplayTheSpireMod:Shallot","Strange Spoon","RuthlessExorcism:ReiMu","Brimstone","Snack Pack","Iron Hammer","Bottled Tornado","Question Card","DemoMod:Orange","ReplayFunnel","Eternal Feather","Toolbox","Happy Flower","DemoMod:GlassGuonStoneRelic","testmod-Justice"],"acts_visited":["Exordium","TheCity","TheBeyond","TheEnding"],"potions_floor_usage":[11,16,16,33,55,55,55,55,55,55,55,55,55],"damage_taken":[{"damage":7,"enemies":"2 Louse","floor":1,"turns":3},{"damage":2,"enemies":"Jaw Worm","floor":2,"turns":3},{"damage":0,"enemies":"Cultist","floor":4,"turns":3},{"damage":5,"enemies":"Red Slaver","floor":5,"turns":3},{"damage":50,"enemies":"Lagavulin","floor":7,"turns":7},{"damage":0,"enemies":"Looter","floor":10,"turns":3},{"damage":0,"enemies":"3 Sentries","floor":11,"turns":1},{"damage":15,"enemies":"Lagavulin","floor":14,"turns":6},{"damage":23,"enemies":"Hexaghost","floor":16,"turns":9},{"damage":61,"enemies":"Spheric Guardian","floor":18,"turns":6},{"damage":8,"enemies":"Chosen","floor":22,"turns":2},{"damage":7,"enemies":"Gremlin Leader","floor":23,"turns":4},{"damage":0,"enemies":"Sentry and Sphere","floor":27,"turns":3},{"damage":10,"enemies":"Book of Stabbing","floor":30,"turns":3},{"damage":0,"enemies":"3 Cultists","floor":31,"turns":3},{"damage":11,"enemies":"Collector","floor":33,"turns":4},{"damage":10,"enemies":"3 Shapes","floor":35,"turns":2},{"damage":0,"enemies":"3 Darklings","floor":38,"turns":2},{"damage":30,"enemies":"R_Hoarder","floor":40,"turns":5},{"damage":4,"enemies":"Giant Head","floor":42,"turns":3},{"damage":10,"enemies":"Writhing Mass","floor":44,"turns":2},{"damage":0,"enemies":"Transient","floor":48,"turns":5},{"damage":36,"enemies":"Awakened One","floor":50,"turns":5},{"damage":5,"enemies":"Shield and Spear","floor":54,"turns":2},{"damage":0,"enemies":"The Heart","floor":55,"turns":5}],"seed_played":"-5659732583999699443","potions_obtained":[{"floor":4,"key":"Venom Potion"},{"floor":10,"key":"LiquidMemories"},{"floor":14,"key":"PowerPotion"},{"floor":18,"key":"testmod-TimePotion"},{"floor":22,"key":"SteroidPotion"},{"floor":33,"key":"testmod-TestPotion"},{"floor":40,"key":"Dexterity Potion"},{"floor":42,"key":"LifebloodPotion"}],"is_trial":false,"path_per_floor":["M","M","?","M","M","R","E","$","T","M","E","$","T","E","R","B",null,"M","$","?","$","M","E","R","?","T","M","$","?","E","M","R","B",null,"M","$","?","M","?","E","R","E","T","M","$","T","R","M","R","B",null,"R","$","E","B",null],"character_chosen":"IRONCLAD","items_purchased":["Gremlin Food","SalivaCoin","testmod-Charity","EntropicBrew","Onion Ring","Carnage","Membership Card","Du-Vu Doll","DemoMod:MonsterBlood","Habit","DoctorsRemote","BlankCard","BFFS","Potion Belt","TungstenRod","DemoMod:MeltedRock","BookOfRevelations","Sling","GuppysTail","GuppysHairball","TuHaoJin","Blue Doll","DemoMod:JetPack","GnawedLeaf","NineVolt","ReplayTheSpireMod:CursedCoin","testmod-TimePotion","Strange Spoon","RuthlessExorcism:ReiMu","Brimstone","Snack Pack","Iron Hammer","Bottled Tornado","DemoMod:Orange","ReplayFunnel","Eternal Feather","Toolbox","Happy Flower","Heavy Blade+1","ColorlessPotion"],"campfire_rested":1,"item_purchase_floors":[8,12,12,17,19,19,21,21,21,21,21,21,28,28,28,28,28,28,34,34,36,36,36,36,36,36,36,45,45,45,45,45,45,53,53,53,53,53,53,53],"current_hp_per_floor":[71,75,75,80,80,80,36,36,36,42,48,48,49,51,51,51,88,54,54,41,48,57,73,73,73,73,92,92,92,109,138,138,171,212,223,224,224,245,246,241,241,267,268,281,281,281,281,312,312,308,349,362,374,387,401],"gold":1056,"neow_bonus":"TRANSFORM_CARD","is_daily":false,"chose_seed":false,"campfire_upgraded":7,"win_rate":0.0,"timestamp":1610968641,"path_taken":["M","M","?","M","M","R","E","$","T","M","E","$","?","E","R","BOSS","M","$","?","$","M","E","R","?","T","M","?","?","E","M","R","BOSS","M","$","?","M","?","E","R","E","T","M","$","?","R","M","R","BOSS","R","$","E","BOSS"],"items_purchased_type":["Relic","Relic","Relic","Potion","Relic","Card","Relic","Relic","Relic","Relic","Relic","Relic","Relic","Relic","Relic","Relic","Relic","Relic","Relic","Relic","Relic","Relic","Relic","Relic","Relic","Relic","Potion","Relic","Relic","Relic","Relic","Relic","Relic","Relic","Relic","Relic","Relic","Relic","Card","Potion"],"build_version":"2020-12-22","purchased_purges":12,"victory":true,"max_hp_per_floor":[80,80,80,80,80,80,80,80,80,80,80,80,81,92,92,109,100,121,121,123,130,141,158,158,158,158,171,171,171,192,215,215,253,226,241,242,242,257,258,277,277,301,302,319,319,319,319,340,340,362,362,362,374,387,401],"card_choices":[{"not_picked":["Wild Strike","Twin Strike"],"picked":"Flex","floor":1},{"not_picked":["DemoMod:WhiteBlade","Perfected Strike","Twin Strike"],"picked":"SKIP","floor":2},{"not_picked":["ReplayTheSpireMod:Corrosion Curse","Berserk"],"picked":"Shockwave","floor":4},{"not_picked":["Perfected Strike","Clash"],"picked":"True Grit","floor":5},{"not_picked":["Feel No Pain","Run Through"],"picked":"Bomb","floor":7},{"not_picked":["Infernal Blade","Replay:Undeath\u0027s Touch"],"picked":"Immolate","floor":10},{"not_picked":["Intimidate","Pommel Strike"],"picked":"True Grit","floor":11},{"not_picked":["Run Through","Double Tap","ReplayTheSpireMod:Corrosion Curse"],"picked":"SKIP","floor":14},{"not_picked":["Perfected Strike+1","Pummel"],"picked":"Battle Trance","floor":18},{"not_picked":["Seeing Red","Run Through","Anger+1"],"picked":"SKIP","floor":22},{"not_picked":["Dual Wield","Ghostly Armor"],"picked":"Exhume","floor":23},{"not_picked":["Clash","Iron Wave"],"picked":"Sword Boomerang+1","floor":27},{"not_picked":["Clothesline","ReplayTheSpireMod:Corrosion Curse","Run Through"],"picked":"SKIP","floor":30},{"not_picked":["Warcry","Sword Boomerang"],"picked":"Havoc","floor":31},{"not_picked":["ReplayTheSpireMod:Strike From Hell+1","Sword Boomerang","Body Slam+1"],"picked":"SKIP","floor":35},{"not_picked":["Dual Wield","Cleave+1"],"picked":"Feel No Pain+1","floor":38},{"not_picked":["Feed","ReplayTheSpireMod:Limb From Limb+1","ReplayTheSpireMod:Strike From Hell"],"picked":"SKIP","floor":40},{"not_picked":["Iron Wave","Pummel","Dropkick+1"],"picked":"SKIP","floor":42},{"not_picked":["Second Wind+1","Uppercut","Inflame"],"picked":"SKIP","floor":44},{"not_picked":["Exhume","Iron Wave+1","True Grit","Replay:Undeath\u0027s Touch"],"picked":"SKIP","floor":48},{"not_picked":["Iron Wave","Twin Strike+1","Blood for Blood+1","Shockwave"],"picked":"SKIP","floor":54}],"player_experience":1178304,"relics_obtained":[{"floor":7,"key":"Replay:Bandana"},{"floor":9,"key":"Matryoshka"},{"floor":11,"key":"Ginger"},{"floor":13,"key":"Bag of Marbles"},{"floor":13,"key":"Red Skull"},{"floor":14,"key":"testmod-CyclicPeriapt"},{"floor":23,"key":"theSenshi:SailorFukuRelic"},{"floor":26,"key":"Shuriken"},{"floor":30,"key":"Golden Egg"},{"floor":32,"key":"TheBible"},{"floor":40,"key":"Replay:Arrowhead"},{"floor":42,"key":"Centennial Puzzle"},{"floor":43,"key":"ReplayTheSpireMod:Shallot"},{"floor":46,"key":"Question Card"},{"floor":54,"key":"testmod-Justice"}],"event_choices":[{"damage_healed":0,"gold_gain":0,"player_choice":"带走神社","damage_taken":0,"relics_obtained":["YidongShenshe:ReiMu"],"max_hp_gain":0,"max_hp_loss":0,"event_name":"yidonshenshe","floor":3,"gold_loss":0,"cards_obtained":["Poor:ReiMu"]},{"damage_healed":0,"gold_gain":0,"player_choice":"Obtained Relic","damage_taken":0,"relics_obtained":["Replay:Baseball"],"max_hp_gain":0,"max_hp_loss":0,"event_name":"Addict","floor":25,"gold_loss":85},{"damage_healed":0,"gold_gain":0,"player_choice":"Ignored","damage_taken":0,"max_hp_gain":0,"max_hp_loss":0,"event_name":"Vampires","floor":29,"gold_loss":0},{"damage_healed":0,"gold_gain":0,"player_choice":"Ignored","damage_taken":0,"max_hp_gain":0,"max_hp_loss":0,"event_name":"Tomb of Lord Red Mask","floor":37,"gold_loss":0},{"damage_healed":0,"gold_gain":400,"player_choice":"Sell","damage_taken":0,"max_hp_gain":0,"max_hp_loss":0,"event_name":"恩洛斯的盘子","floor":39,"relics_lost":["testmod-TestBox"],"gold_loss":0}],"is_beta":false,"boss_relics":[{"not_picked":["testmod-DreamHouse","Honey Jar"],"picked":"testmod-TimeTraveler"},{"not_picked":[]},{"not_picked":["Philosopher\u0027s Stone","Replay:Grab Bag"],"picked":"Astrolabe"},{"not_picked":[]}],"items_purged_floors":[8,17,19,21,28,34,36,36,45,45,53,53],"is_endless":false,"potions_floor_spawned":[4,10,14,18,22,33,40,42],"ascension_level":10}}