{"host":"fnk117zi8wf5078t","time":1610975425,"event":{"mods":["AchievementEnabler","BaseMod","Colored Map","Minty Spire (QoL Compilation)","Rare Cards Sparkle","SuperFastMode","everything is the same but u backflip on backflip"],"gold_per_floor":[118,18,34,0,16,16,30,30,30],"floor_reached":8,"language":"KOR","playtime":292,"items_purged":[],"score":70,"play_id":"eede135d-6136-4357-a2c6-74613c40c7bb","local_time":"20210118221025","is_ascension_mode":true,"campfire_choices":[{"floor":6.0,"key":"REST"}],"circlet_count":0,"master_deck":["Strike_B","Strike_B","Strike_B","Strike_B","Defend_B","Defend_B","Defend_B","Defend_B","Zap","Dualcast","CurseOfTheBell","Loop","Heatsinks","Turbo","Self Repair","BootSequence","Glacier"],"relics":["Calling Bell","Lantern","Kunai","Shovel"],"acts_visited":["Exordium"],"potions_floor_usage":[8,8],"damage_taken":[{"damage":23.0,"enemies":"Small Slimes","floor":1.0,"turns":4.0},{"damage":8.0,"enemies":"2 Louse","floor":3.0,"turns":3.0},{"damage":20.0,"enemies":"Cultist","floor":5.0,"turns":5.0},{"damage":4.0,"enemies":"2 Fungi Beasts","floor":7.0,"turns":4.0},{"damage":70,"enemies":"Gremlin Nob","floor":8,"turns":6}],"seed_played":"-5203681066400489306","potions_obtained":[{"floor":3.0,"key":"Regen Potion"},{"floor":7.0,"key":"BlessingOfTheForge"}],"is_trial":false,"path_per_floor":["M","$","M","?","M","R","M","E"],"character_chosen":"DEFECT","items_purchased":["Heatsinks","Turbo"],"campfire_rested":1,"item_purchase_floors":[2,2],"current_hp_per_floor":[45,45,37,37,24,46,49,0,0],"gold":30,"neow_bonus":"BOSS_RELIC","is_daily":false,"chose_seed":false,"campfire_upgraded":0,"win_rate":0.0,"timestamp":1610975425,"path_taken":["M","$","M","?","M","R","M","E"],"items_purchased_type":["Card","Card"],"build_version":"2020-12-22","purchased_purges":0,"victory":false,"max_hp_per_floor":[75,75,75,75,75,75,75,75,75],"card_choices":[{"not_picked":["Scrape","Coolheaded"],"picked":"Loop","floor":1.0},{"not_picked":["Melter","Barrage"],"picked":"Self Repair","floor":3.0},{"not_picked":["Doom and Gloom","Steam Power"],"picked":"BootSequence","floor":5.0},{"not_picked":["Turbo","Ball Lightning"],"picked":"Glacier","floor":7.0}],"player_experience":407910,"relics_obtained":[{"floor":0.0,"key":"Lantern"},{"floor":0.0,"key":"Kunai"},{"floor":0.0,"key":"Shovel"}],"event_choices":[{"damage_healed":0.0,"max_hp_gain":0.0,"max_hp_loss":0.0,"gold_gain":0.0,"event_name":"World of Goop","player_choice":"Left Gold","floor":4.0,"gold_loss":34.0,"damage_taken":0.0}],"is_beta":false,"boss_relics":[],"items_purged_floors":[],"is_endless":false,"potions_floor_spawned":[3,7],"killed_by":"Gremlin Nob","ascension_level":9}}