{"host":"qj49eghpaxba70kv","time":1610976612,"event":{"mods":["ATMod(°¢èªMod)","Act Like it!","Arknights The Spire","Aspiration","BaseMod","Dota2Spire","Energized Spire","Gensokyo","GungeonMod","Hermit","Hunter ÁÔÈË","KinomotoSakuraMod(Ä¾Ö®±¾Ó£)","Koishi","Luminous","Minty Spire (QoL Compilation)","Pale of the Ancients","Permanent Neow","Prisma Mod","Quick Restart","Replay The Spire","Robot Space Explorer","StSLib","The Administrix","The Alterego","The Bug Knight","The Construct","The Hierophant","The Marked","The Senshi","UnlockEverythingMod","[GremlinLeader]The Maniac","vexMod","¡¾¹¦ÄÜMod¡¿»ìãçÖ®»·ÐÞ¸´²¹¶¡","¡¾ÒÅÎï¿¨ÅÆ¡¿REMEMod","óô»ðÖ¸ÄÏ"],"gold_per_floor":[13,13,13,72,128,199,216,272,326,326,104,104,129,229,229,350,350,391,391,473,216,328,388,92,252,252,51,161,228,278,85,85,288,288,323,462,547,151,151,311,422,459,459,574,634,674,767,859,859,934],"floor_reached":51,"language":"ZHS","playtime":3833,"items_purged":["Spreading Infection","ats:Strike S","ats:Strike V","maniac:Scruple"],"score":801,"play_id":"7a56afe1-01a3-41c8-9257-5641cc2dd3ac","local_time":"20210118073012","is_ascension_mode":false,"campfire_choices":[{"data":"ats:Composite Medical Shells","floor":10.0,"key":"SMITH"},{"data":"ats:Roar Of Ursus","floor":12.0,"key":"SMITH"},{"floor":15.0,"key":"REST"},{"data":"Sadistic Nature","floor":32,"key":"SMITH"},{"floor":49,"key":"RECALL"}],"circlet_count":0,"master_deck":["ats:Strike C","ats:Strike G","ats:Armor Crushing Shot","ats:Defend","ats:Defend","ats:Defend","ats:Defend","ats:Emotion Absorption+1","ats:Roar Of Ursus+1","ats:Burning Ground","ats:Mental Burst","ats:Shadow Raid","ats:Defend Order","ats:Soul Absorption","ats:Powerful Strike","ats:Apocalypse","ats:Soul Rend","ats:Closed Bolt Burst Fire","ats:Composite Medical Shells+1","ats:Shadow Assault","Pot Of Greed","Pot Of Greed","ats:Calcification","CurseOfTheBell","Pot Of Greed","ats:Mental Burst","ats:Sunburst","ats:Sunburst","ats:Support Order","ats:Demon Strength","ats:Song Of Battle+1","Sadistic Nature+1","ats:Dogmatic Field","Distraction","Sadistic Nature+1","ats:Demon Strength+1","Pot Of Greed","ats:Curse Doll+1"],"relics":["ats:Sanity","AT_ATBox","REME_ComplimentaryCards","Ring of Peace","ReplayTheSpireMod:Ring of Challenge","ats:Originium","Toy Ornithopter","ats:Spiritual Recovery","DemoMod:WhiteGuonStone","AT_MibuBalloonWealth","Grinning Jar","Replay:Grab Bag","Coffee Dripper","Busted Crown","Calling Bell","Dota2Spire:ArcaneBoots","Snack Pack","Bird Faced Urn","ats:Assault","theSenshi:FeatherClipsRelic","ats:Bonebreaker","Gremlin Horn","aspiration:FetidBarrel","ats:Ability Aura","AT_PhaseBoots","ReplayTheSpireMod:CursedCoin","Painkiller Herb","Frozen Egg 2","aspiration:Nostalgia","construct:Cogwheel","Replay:Wax Seal","Dota2Spire:AghanimScepter","Smiling Mask"],"acts_visited":["Exordium","TheCity","TheBeyond"],"potions_floor_usage":[22,23,23,28],"damage_taken":[{"damage":12.0,"enemies":"Cultist","floor":1.0,"turns":5.0},{"damage":4.0,"enemies":"Jaw Worm","floor":4.0,"turns":5.0},{"damage":12.0,"enemies":"2 Louse","floor":5.0,"turns":2.0},{"damage":39.0,"enemies":"Lagavulin","floor":6.0,"turns":10.0},{"damage":5.0,"enemies":"Gremlin Gang","floor":7.0,"turns":3.0},{"damage":18.0,"enemies":"Blue Slaver","floor":8.0,"turns":7.0},{"damage":10.0,"enemies":"3 Sentries","floor":14.0,"turns":5.0},{"damage":38.0,"enemies":"The Guardian","floor":16.0,"turns":12.0},{"damage":21.0,"enemies":"Shell Parasite","floor":18.0,"turns":8.0},{"damage":68,"enemies":"Spheric Guardian","floor":20,"turns":4},{"damage":21,"enemies":"Shelled Parasite and Fungi","floor":22,"turns":10},{"damage":19,"enemies":"Book of Stabbing","floor":23,"turns":7},{"damage":16,"enemies":"Gremlin Leader","floor":25,"turns":6},{"damage":15,"enemies":"Slavers","floor":28,"turns":3},{"damage":3,"enemies":"Chosen and Byrds","floor":29,"turns":3},{"damage":37,"enemies":"Book of Stabbing","floor":30,"turns":5},{"damage":15,"enemies":"Pondfish","floor":33,"turns":5},{"damage":15,"enemies":"Orb Walker","floor":35,"turns":4},{"damage":8,"enemies":"3 Darklings","floor":36,"turns":3},{"damage":0,"enemies":"Jaw Worm Horde","floor":37,"turns":3},{"damage":0,"enemies":"HollowMod:StalkingDevout","floor":40,"turns":4},{"damage":30,"enemies":"4 Shapes","floor":41,"turns":3},{"damage":0,"enemies":"Spire Growth","floor":42,"turns":3},{"damage":0,"enemies":"4 Shapes","floor":44,"turns":3},{"damage":0,"enemies":"R_Hoarder","floor":45,"turns":4},{"damage":0,"enemies":"Transient","floor":46,"turns":5},{"damage":0,"enemies":"Jaw Worm Horde","floor":47,"turns":2},{"damage":5,"enemies":"Sphere and 2 Shapes","floor":48,"turns":3},{"damage":30,"enemies":"Replay:Hell Engine","floor":50,"turns":6}],"seed_played":"-5341742360279708887","potions_obtained":[{"floor":6.0,"key":"Explosive Potion"},{"floor":7.0,"key":"DistilledChaos"},{"floor":8.0,"key":"Explosive Potion"},{"floor":16.0,"key":"Elixir"},{"floor":22,"key":"ColorlessPotion"},{"floor":23,"key":"Dota2Spire:HealingSalve"},{"floor":29,"key":"PowerPotion"}],"is_trial":false,"path_per_floor":["M","?","?","M","M","E","M","M","T","R","$","R","T","E","R","B",null,"M","?","M","$","M","E","$","E","T","R","E","M","E","$","R","B",null,"?","?","?","T","?","E","?","?","T","?","E","?","?","?","T","B",null],"character_chosen":"DOCTOR_CLASS","items_purchased":["ats:Shadow Assault","ats:Assault","ats:Bonebreaker","ats:Sunburst","ats:Demon Strength","ReplayTheSpireMod:CursedCoin","Sadistic Nature","Frozen Egg 2","aspiration:Nostalgia"],"campfire_rested":1,"item_purchase_floors":[11,21,24,24,27,31,31,38,38],"current_hp_per_floor":[60,60,60,56,44,21,25,20,20,20,20,20,20,20,41,20,72,65,65,13,13,24,37,37,49,49,49,68,72,49,49,49,64,72,65,72,72,72,72,72,48,72,72,72,72,72,72,72,72,56],"gold":934,"neow_bonus":"THREE_RARE_CARDS","is_daily":false,"chose_seed":false,"campfire_upgraded":3,"win_rate":0.0,"timestamp":1610976612,"path_taken":["M","?","?","M","M","E","M","M","T","R","$","R","?","E","R","BOSS","M","?","M","$","M","E","?","E","T","R","E","M","E","$","R","BOSS","?","?","?","T","?","E","?","?","T","?","E","?","?","?","T","BOSS"],"items_purchased_type":["Card","Relic","Relic","Card","Card","Relic","Card","Relic","Relic"],"build_version":"2020-12-22","purchased_purges":4,"victory":true,"max_hp_per_floor":[72,72,72,72,72,72,72,72,72,72,72,72,72,72,72,72,72,72,72,72,72,72,72,72,72,72,72,72,72,72,72,72,72,72,72,72,72,72,72,72,72,72,72,72,72,72,72,72,72,72],"card_choices":[{"not_picked":["ats:Fractured Body","ats:Echo Reverb"],"picked":"ats:Roar Of Ursus","floor":0.0},{"not_picked":["ats:Revitalization","ats:Curse Doll"],"picked":"ats:Burning Ground","floor":1.0},{"not_picked":["ats:Consecutive Shot Auto","ats:Flame Of Heaven","ats:Revitalization"],"picked":"SKIP","floor":4.0},{"not_picked":["ats:Consecutive Shot Auto","ats:Flame Of Heaven","ats:Revitalization"],"picked":"SKIP","floor":4.0},{"not_picked":["ats:Counter Healing Mode","ats:Defend Order"],"picked":"ats:Apocalypse","floor":5.0},{"not_picked":["ats:Shell Defense","ats:Assault Order"],"picked":"ats:Soul Rend","floor":6.0},{"not_picked":["ats:Counter Healing Mode","ats:Hook Shot"],"picked":"ats:Closed Bolt Burst Fire","floor":7.0},{"not_picked":["ats:Consecutive Shot Auto","ats:Flexible Camouflage"],"picked":"ats:Composite Medical Shells","floor":8.0},{"not_picked":["ats:Curse Doll","ats:Demon Strength","ats:Roar Of Ursus"],"picked":"SKIP","floor":14.0},{"not_picked":["ats:Soul Rend","ats:Shadow Assault"],"picked":"ats:Calcification","floor":16.0},{"not_picked":["ats:Revitalization"],"picked":"SKIP","floor":18.0},{"not_picked":["ats:Guardian Obelisk"],"picked":"SKIP","floor":20},{"not_picked":["ats:Flexible Camouflage"],"picked":"SKIP","floor":22},{"not_picked":[],"picked":"ats:Mental Burst","floor":23},{"not_picked":[],"picked":"ats:Support Order","floor":25},{"not_picked":["ats:Explosion Area Strengthen+1"],"picked":"SKIP","floor":28},{"not_picked":[],"picked":"ats:Song Of Battle+1","floor":29},{"not_picked":["ats:Song Of Battle"],"picked":"SKIP","floor":30},{"not_picked":[],"picked":"ats:Dogmatic Field","floor":33},{"not_picked":["ats:Poison Spread"],"picked":"SKIP","floor":35},{"not_picked":["ats:Explosion Area Strengthen+1"],"picked":"SKIP","floor":36},{"not_picked":["ats:Encircling Forest"],"picked":"SKIP","floor":37},{"not_picked":[],"picked":"ats:Demon Strength+1","floor":40},{"not_picked":["ats:Directed Diagnosis"],"picked":"SKIP","floor":41},{"not_picked":[],"picked":"ats:Curse Doll+1","floor":42},{"not_picked":["ats:Assault Order"],"picked":"SKIP","floor":44},{"not_picked":["ats:Assault Order"],"picked":"SKIP","floor":44},{"not_picked":["ats:Healing Drone+1"],"picked":"SKIP","floor":45},{"not_picked":["ats:LN2 Cannon"],"picked":"SKIP","floor":46},{"not_picked":["ats:Curse Doll+1"],"picked":"SKIP","floor":47},{"not_picked":["ats:Overload"],"picked":"SKIP","floor":48}],"player_experience":48841,"relics_obtained":[{"floor":3.0,"key":"Ring of Peace"},{"floor":3.0,"key":"ReplayTheSpireMod:Ring of Challenge"},{"floor":6.0,"key":"ats:Originium"},{"floor":6.0,"key":"Toy Ornithopter"},{"floor":8.0,"key":"ats:Spiritual Recovery"},{"floor":9.0,"key":"DemoMod:WhiteGuonStone"},{"floor":13.0,"key":"AT_MibuBalloonWealth"},{"floor":14.0,"key":"ats:Originium"},{"floor":14.0,"key":"Grinning Jar"},{"floor":17.0,"key":"Dota2Spire:ArcaneBoots"},{"floor":17.0,"key":"Snack Pack"},{"floor":17.0,"key":"Bird Faced Urn"},{"floor":23,"key":"ats:Originium"},{"floor":23,"key":"theSenshi:FeatherClipsRelic"},{"floor":25,"key":"Gremlin Horn"},{"floor":26,"key":"aspiration:FetidBarrel"},{"floor":28,"key":"ats:Ability Aura"},{"floor":30,"key":"AT_SpeedBoots"},{"floor":40,"key":"Replay:Wax Seal"},{"floor":43,"key":"Dota2Spire:AghanimScepter"},{"floor":45,"key":"Smiling Mask"}],"event_choices":[{"damage_healed":0.0,"max_hp_gain":0.0,"max_hp_loss":0.0,"gold_gain":0.0,"event_name":"Upgrade Shrine","player_choice":"Upgraded","floor":19.0,"gold_loss":0.0,"damage_taken":0.0,"cards_upgraded":["ats:Emotion Absorption"]},{"damage_healed":0,"gold_gain":0,"player_choice":"Copied","damage_taken":0,"max_hp_gain":0,"max_hp_loss":0,"event_name":"Duplicator","floor":39,"gold_loss":0,"cards_obtained":["Sadistic Nature"]}],"is_beta":false,"boss_relics":[{"not_picked":["Velvet Choker","energizedSpire:StickyHand"],"picked":"Replay:Grab Bag"},{"not_picked":["vexMod:EndlessSickness","Fusion Hammer"],"picked":"Coffee Dripper"},{"not_picked":["energizedSpire:OgreHead","energizedSpire:RedRose"],"picked":"Busted Crown"},{"not_picked":["construct:WeddingRing","vexMod:BigBerry"],"picked":"Calling Bell"},{"not_picked":["Replay:Bronze Core","Replay:Drink Me"],"picked":"Painkiller Herb"}],"items_purged_floors":[11,21,27,31],"is_endless":false,"potions_floor_spawned":[6,7,8,16,22,23,29,36,37,41,44,45,47,48],"ascension_level":0}}