{"host":"6pgtslebjnyv5xmi","time":1610995967,"event":{"mods":["AchievementEnabler","BaseMod","Colored Map","Minty Spire (QoL Compilation)","Rare Cards Sparkle","StSLib","SuperFastMode","The Cursed","everything is the same but u backflip on backflip"],"gold_per_floor":[214,67,67,79,29,61,61,81,81,81,101,101,101,113,113,214,214,227,227,152,162,122,122,135,135,160,160,173,205,221,231,231,331,331,341,359,359,359,113,113,123,142,142,161,172,172,191,191,191],"floor_reached":48,"language":"KOR","playtime":2435,"items_purged":["Strike_P","Study"],"score":613,"play_id":"f3e70f50-51f8-4e46-a532-7cc70b33f7cf","local_time":"20210119035247","is_ascension_mode":true,"campfire_choices":[{"floor":7.0,"key":"REST"},{"floor":13.0,"key":"REST"},{"data":"Eruption","floor":15.0,"key":"SMITH"},{"data":"Brilliance","floor":23.0,"key":"SMITH"},{"data":"Adaptation","floor":25.0,"key":"SMITH"},{"data":"Brilliance","floor":27.0,"key":"SMITH"},{"floor":32.0,"key":"REST"},{"data":"MasterReality","floor":40.0,"key":"SMITH"},{"floor":46.0,"key":"REST"}],"circlet_count":0,"master_deck":["Eruption+1","Vigilance","WindmillStrike","Indignation","Pray+1","Halt","Brilliance+1","Brilliance+1","Adaptation+1","Swivel+1","DevaForm","EmptyFist","Omniscience+1","CutThroughFate","Perseverance","Wireheading","MasterReality+1","Swivel+1","WreathOfFlame+1","Omniscience+1","ClearTheMind","ClearTheMind+1","Prostrate","MentalFortress"],"relics":["PureWater","Pen Nib","Ornamental Fan","Centennial Puzzle","VioletLotus","Potion Belt","GoldenEye","Pandora\u0027s Box","DollysMirror","Bronze Scales"],"acts_visited":["Exordium","TheCity","TheBeyond"],"potions_floor_usage":[48],"damage_taken":[{"damage":0.0,"enemies":"2 Louse","floor":1.0,"turns":2.0},{"damage":0.0,"enemies":"Small Slimes","floor":4.0,"turns":3.0},{"damage":29.0,"enemies":"3 Sentries","floor":6.0,"turns":6.0},{"damage":0.0,"enemies":"Cultist","floor":8.0,"turns":2.0},{"damage":5.0,"enemies":"2 Fungi Beasts","floor":11.0,"turns":3.0},{"damage":0.0,"enemies":"Lots of Slimes","floor":12.0,"turns":1.0},{"damage":5.0,"enemies":"Large Slime","floor":14.0,"turns":6.0},{"damage":0.0,"enemies":"Slime Boss","floor":16.0,"turns":8.0},{"damage":1.0,"enemies":"Chosen","floor":18.0,"turns":3.0},{"damage":15.0,"enemies":"3 Byrds","floor":21.0,"turns":5.0},{"damage":24.0,"enemies":"Snake Plant","floor":24.0,"turns":2.0},{"damage":12.0,"enemies":"Snecko","floor":28.0,"turns":4.0},{"damage":1.0,"enemies":"Slavers","floor":29.0,"turns":4.0},{"damage":10.0,"enemies":"Centurion and Healer","floor":30.0,"turns":4.0},{"damage":12.0,"enemies":"Snake Plant","floor":31.0,"turns":3.0},{"damage":22.0,"enemies":"Champ","floor":33.0,"turns":7.0},{"damage":25.0,"enemies":"3 Shapes","floor":35.0,"turns":4.0},{"damage":3.0,"enemies":"Orb Walker","floor":36.0,"turns":3.0},{"damage":30.0,"enemies":"Maw","floor":41.0,"turns":4.0},{"damage":2.0,"enemies":"4 Shapes","floor":42.0,"turns":3.0},{"damage":0.0,"enemies":"3 Darklings","floor":44.0,"turns":5.0},{"damage":6.0,"enemies":"Sphere and 2 Shapes","floor":45.0,"turns":4.0},{"damage":11.0,"enemies":"4 Shapes","floor":47.0,"turns":4.0},{"damage":17,"enemies":"Transient","floor":48,"turns":1}],"seed_played":"-8589148440928355127","potions_obtained":[{"floor":1.0,"key":"DuplicationPotion"},{"floor":11.0,"key":"SmokeBomb"},{"floor":14.0,"key":"Swift Potion"},{"floor":28.0,"key":"DuplicationPotion"},{"floor":30.0,"key":"FairyPotion"},{"floor":31.0,"key":"Weak Potion"},{"floor":36.0,"key":"SkillPotion"},{"floor":45.0,"key":"CultistPotion"},{"floor":47.0,"key":"SkillPotion"}],"is_trial":false,"path_per_floor":["M","$","?","M","?","E","R","M","T","?","M","M","R","M","R","B",null,"M","?","$","M","?","R","M","R","T","R","M","E","M","M","R","B",null,"M","M","?","?","$","R","M","M","T","M","M","R","M","M"],"character_chosen":"WATCHER","items_purchased":["Pen Nib","DollysMirror"],"campfire_rested":4,"item_purchase_floors":[2,39],"current_hp_per_floor":[72,72,58,58,58,29,50,50,50,43,38,38,59,54,54,54,72,71,71,71,56,56,56,32,32,32,32,20,19,9,21,42,20,72,47,44,44,44,44,44,14,12,12,12,6,27,16,0,0],"gold":191,"neow_bonus":"HUNDRED_GOLD","is_daily":false,"chose_seed":false,"campfire_upgraded":5,"win_rate":0.0,"timestamp":1610995967,"path_taken":["M","$","?","M","?","E","R","M","T","?","M","M","R","M","R","BOSS","M","?","?","M","?","R","M","R","T","R","M","E","M","?","R","BOSS","M","M","?","?","$","R","M","M","T","M","M","R","?","M"],"items_purchased_type":["Relic","Relic"],"build_version":"2020-12-22","purchased_purges":2,"victory":false,"max_hp_per_floor":[72,72,72,72,72,72,72,72,72,72,72,72,72,72,72,72,72,72,72,72,72,72,72,72,72,72,72,72,72,72,72,72,72,72,72,72,72,72,72,72,72,72,72,72,72,72,72,72,72],"card_choices":[{"not_picked":["EmptyBody","Fasting2"],"picked":"WindmillStrike","floor":1.0},{"not_picked":["ClearTheMind","WaveOfTheHand"],"picked":"Indignation","floor":4.0},{"not_picked":["CutThroughFate","FlurryOfBlows"],"picked":"Pray","floor":6.0},{"not_picked":["CutThroughFate","EmptyFist","FlurryOfBlows"],"picked":"SKIP","floor":8.0},{"not_picked":["FlyingSleeves","PathToVictory","Evaluate"],"picked":"SKIP","floor":11.0},{"not_picked":["SashWhip","Evaluate"],"picked":"Halt","floor":14.0},{"not_picked":["ConjureBlade","Establishment"],"picked":"Brilliance","floor":16.0},{"not_picked":["Meditate","SashWhip","FlurryOfBlows"],"picked":"SKIP","floor":18.0},{"not_picked":["FlyingSleeves","SignatureMove","EmptyFist"],"picked":"SKIP","floor":21.0},{"not_picked":["DeceiveReality","WaveOfTheHand"],"picked":"Adaptation","floor":24.0},{"not_picked":["ClearTheMind","CrushJoints+1"],"picked":"Swivel+1","floor":28.0},{"not_picked":["Swivel","ThirdEye"],"picked":"DevaForm","floor":29.0},{"not_picked":["Tantrum","PathToVictory"],"picked":"EmptyFist","floor":30.0},{"not_picked":["FlyingSleeves+1","DeceiveReality+1","Tantrum"],"picked":"SKIP","floor":31.0},{"not_picked":["DevaForm","MasterReality"],"picked":"Omniscience","floor":33.0},{"not_picked":["TalkToTheHand","FlyingSleeves+1"],"picked":"Swivel+1","floor":35.0},{"not_picked":["Crescendo","JustLucky"],"picked":"WreathOfFlame+1","floor":36.0},{"not_picked":["SashWhip+1","InnerPeace"],"picked":"ClearTheMind","floor":41.0},{"not_picked":["JustLucky","WheelKick+1"],"picked":"ClearTheMind+1","floor":42.0},{"not_picked":["FollowUp","Halt+1","EmptyBody"],"picked":"SKIP","floor":44.0},{"not_picked":["Crescendo","FlurryOfBlows+1"],"picked":"Prostrate","floor":45.0},{"not_picked":["Wireheading","WindmillStrike"],"picked":"MentalFortress","floor":47.0}],"player_experience":982123,"relics_obtained":[{"floor":6.0,"key":"Ornamental Fan"},{"floor":9.0,"key":"Centennial Puzzle"},{"floor":26.0,"key":"Potion Belt"},{"floor":29.0,"key":"GoldenEye"},{"floor":43.0,"key":"Bronze Scales"}],"event_choices":[{"damage_healed":0.0,"max_hp_gain":0.0,"max_hp_loss":0.0,"gold_gain":0.0,"event_name":"Shining Light","player_choice":"Entered Light","floor":3.0,"gold_loss":0.0,"damage_taken":14.0,"cards_upgraded":["Defend_P","Defend_P"]},{"cards_removed":["Defend_P"],"damage_healed":0.0,"max_hp_gain":0.0,"max_hp_loss":0.0,"gold_gain":0.0,"event_name":"The Cleric","player_choice":"Card Removal","floor":5.0,"gold_loss":50.0,"damage_taken":0.0},{"cards_removed":["Strike_P"],"damage_healed":0.0,"max_hp_gain":0.0,"max_hp_loss":0.0,"gold_gain":0.0,"event_name":"Golden Wing","player_choice":"Card Removal","floor":10.0,"gold_loss":0.0,"damage_taken":7.0},{"damage_healed":0.0,"max_hp_gain":0.0,"max_hp_loss":0.0,"gold_gain":0.0,"event_name":"Duplicator","player_choice":"Copied","floor":19.0,"gold_loss":0.0,"damage_taken":0.0,"cards_obtained":["Brilliance"]},{"damage_healed":0.0,"max_hp_gain":0.0,"max_hp_loss":0.0,"gold_gain":0.0,"event_name":"Designer","player_choice":"Upgraded Two","floor":22.0,"gold_loss":40.0,"damage_taken":0.0,"cards_upgraded":["Defend_P","Pray"]},{"damage_healed":0.0,"max_hp_gain":0.0,"max_hp_loss":0.0,"gold_gain":0.0,"event_name":"Tomb of Lord Red Mask","player_choice":"Ignored","floor":37.0,"gold_loss":0.0,"damage_taken":0.0},{"damage_healed":0.0,"max_hp_gain":0.0,"max_hp_loss":0.0,"gold_gain":0.0,"event_name":"Upgrade Shrine","player_choice":"Upgraded","floor":38.0,"gold_loss":0.0,"damage_taken":0.0,"cards_upgraded":["Omniscience"]}],"is_beta":false,"boss_relics":[{"not_picked":["Sozu","Fusion Hammer"],"picked":"VioletLotus"},{"not_picked":["Runic Dome","Snecko Eye"],"picked":"Pandora\u0027s Box"}],"items_purged_floors":[20,39],"is_endless":false,"potions_floor_spawned":[1,11,14,28,30,31,36,45,47],"killed_by":"Transient","ascension_level":3}}