{"host":"n264v15x7h51zqzc","time":1610994076,"event":{"mods":["AchievementEnabler","BaseMod","BetterRewards","Colored Powertips","Hermit","Hubris","Infinite Spire","Minty Spire (QoL Compilation)","Replay The Spire","StSLib","The Construct"],"gold_per_floor":[118,118,9117,9117,9117,9117,8376,8376,8376,8395,8409,8265,8284,8325,8325,8449,8549,8573,8589,8589,8589,8589,8624,8624,7936,7962,7962,8006,8026,8026,8057,8057,8186,8186,8209,8222,8283,8283,7551,7590,7608,7608,7608,7628,7628,7668,7668,7683,7697,7737,7737,7737,7737],"floor_reached":52,"language":"ENG","playtime":2264,"items_purged":["Strike_G","Defend_G","Defend_G","infinitespire:SealOfDarkness+"],"score":801,"play_id":"e3c83ef2-1d33-4075-8c20-4df659ceb479","local_time":"20210118122116","is_ascension_mode":true,"campfire_choices":[{"data":"Noxious Fumes","floor":6.0,"key":"SMITH"},{"floor":8.0,"key":"REST"},{"floor":15.0,"key":"DIG"},{"floor":24.0,"key":"REST"},{"data":"hubris:DuctTapeCard","floor":27.0,"key":"SMITH"},{"data":"A Thousand Cuts","floor":32,"key":"SMITH"},{"floor":47,"key":"REST"}],"circlet_count":0,"master_deck":["Strike_G+1","Strike_G+1","Strike_G+1","Strike_G+1","Defend_G+1","Defend_G+1","Defend_G+1","Survivor","Neutralize+1","Noxious Fumes+1","Backflip+1","Backflip","Toxin Wave","Deadly Poison","Deadly Poison+1","Caltrops+1","hubris:Fate","ReplayTheSpireMod:Speed Training","Catalyst","Heel Hook","A Thousand Cuts+1","hubris:DuctTapeCard","Deadly Poison+1","Deflect","Deadly Poison+1","Adrenaline","Poisoned Stab+1","Deadly Poison+1","Noxious Fumes+1","Footwork+1"],"relics":["Ring of the Snake","Replay:Baseball","Golden Idol","Orrery","Question Card","Dream Catcher","Pantograph","Replay:PocketPolymizer","BargainBundle","Replay:Bottled Flurry","hubris:TenFootPole","Calipers","Replay:Wanted Poster","hubris:DuctTape","hubris:Icosahedron","Ancient Tea Set","DollysMirror","hubris:CuriousFeather","MealTicket","Bottled Flame","Lantern","Fusion Hammer","Girya","hubris:Towel","Ice Cream","hubris:EmptyBottle","Oddly Smooth Stone","Frozen Egg 2","hubris:Potato","infinitespire:FocusingShard"],"acts_visited":["Exordium","TheCity","TheBeyond"],"potions_floor_usage":[33,37,40,40,40,40,40,40,40,40,41,44,52,52,52,52,52],"damage_taken":[{"damage":1.0,"enemies":"Cultist","floor":1.0,"turns":4.0},{"damage":0.0,"enemies":"2 Louse","floor":10.0,"turns":3.0},{"damage":0.0,"enemies":"Small Slimes","floor":11.0,"turns":4.0},{"damage":4.0,"enemies":"Looter","floor":13.0,"turns":4.0},{"damage":4.0,"enemies":"3 Sentries","floor":14.0,"turns":5.0},{"damage":11.0,"enemies":"Hexaghost","floor":16.0,"turns":9.0},{"damage":3.0,"enemies":"Shell Parasite","floor":18.0,"turns":5.0},{"damage":0.0,"enemies":"Chosen","floor":19.0,"turns":5.0},{"damage":25.0,"enemies":"Replay:Snechameleon","floor":23.0,"turns":5.0},{"damage":4.0,"enemies":"Slavers","floor":28.0,"turns":4.0},{"damage":2.0,"enemies":"Snake Plant","floor":29.0,"turns":3.0},{"damage":19,"enemies":"Replay:Snechameleon","floor":31,"turns":5},{"damage":0,"enemies":"Collector","floor":33,"turns":5},{"damage":11,"enemies":"Orb Walker","floor":35,"turns":2},{"damage":9,"enemies":"3 Darklings","floor":36,"turns":4},{"damage":29,"enemies":"2 Orb Walkers","floor":37,"turns":4},{"damage":0,"enemies":"Giant Head","floor":40,"turns":4},{"damage":0,"enemies":"Transient","floor":41,"turns":5},{"damage":13,"enemies":"Spire Growth","floor":44,"turns":3},{"damage":0,"enemies":"Maw","floor":48,"turns":4},{"damage":0,"enemies":"Transient","floor":49,"turns":5},{"damage":0,"enemies":"R_Hoarder","floor":50,"turns":6},{"damage":74,"enemies":"hubris:GrandSnecko","floor":52,"turns":8}],"seed_played":"-76497417949026555","potions_obtained":[{"floor":14.0,"key":"SmokeBomb"},{"floor":28.0,"key":"Cursed Concoction"},{"floor":31,"key":"Elixir"},{"floor":33,"key":"Energy Potion"},{"floor":37,"key":"LifebloodPotion"},{"floor":41,"key":"LiquidMemories"},{"floor":46,"key":"Weak Potion"}],"is_trial":false,"path_per_floor":["M","?","$","?","?","R","$","R","T","M","M","?","M","E","R","B",null,"M","M","AVR","?","?","E","R","$","T","R","E","M","?","E","R","B",null,"M","M","?","?","$","E","M","PTL","PTL","M","T","?","R","M","M","E","R","B"],"character_chosen":"THE_SILENT","items_purchased":["Noxious Fumes","Orrery","Question Card","Dream Catcher","ColorlessPotion","Block Potion","Languid Potion","Pantograph","Replay:PocketPolymizer","BargainBundle","PowerPotion","DollysMirror","hubris:CuriousFeather","PowerPotion","LiquidMemories","Ice Cream","hubris:EmptyBottle","Oddly Smooth Stone","Deflect","EntropicBrew"],"campfire_rested":3,"item_purchase_floors":[3,3,3,3,3,3,3,7,7,7,7,25,25,25,25,39,39,39,39,39],"current_hp_per_floor":[69,52,52,38,38,38,38,59,59,59,59,59,55,51,51,59,70,67,67,67,67,67,42,63,63,63,63,59,57,57,38,38,63,70,59,50,21,21,36,36,36,36,36,23,23,15,36,36,36,36,57,0,0],"gold":7737,"neow_bonus":"RANDOM_COMMON_RELIC","is_daily":false,"chose_seed":false,"campfire_upgraded":3,"win_rate":0.0,"timestamp":1610994076,"path_taken":["M","?","$","?","?","R","$","R","T","M","M","?","?","E","R","BOSS","M","?","AVR","?","?","E","R","$","T","R","E","?","?","E","R","BOSS","M","M","?","?","$","E","M","PTL","PTL","M","T","?","R","M","M","E","R","BOSS"],"items_purchased_type":["Card","Relic","Relic","Relic","Potion","Potion","Potion","Relic","Relic","Relic","Potion","Relic","Relic","Potion","Potion","Relic","Relic","Relic","Card","Potion"],"build_version":"2020-12-22","purchased_purges":4,"victory":false,"max_hp_per_floor":[70,70,70,70,70,70,70,70,70,70,70,70,70,70,70,70,70,70,70,70,70,70,70,70,70,70,70,70,70,70,70,70,70,70,70,70,70,70,70,70,70,70,70,70,70,70,70,70,70,70,70,70,70],"card_choices":[{"not_picked":["Outmaneuver","Deflect"],"picked":"Poisoned Stab","floor":1.0},{"not_picked":["Blade Dance","Envenom"],"picked":"Noxious Fumes","floor":3.0},{"not_picked":["Underhanded Strike","Bane"],"picked":"Backflip","floor":3.0},{"not_picked":["Acrobatics","hubris:Counter","Draining Mist"],"picked":"Backflip","floor":8.0},{"not_picked":["hubris:SlightOfHand","Quick Slash","Dagger Spray"],"picked":"Toxin Wave","floor":10.0},{"not_picked":["Riddle With Holes","Grand Finale","Blade Dance"],"picked":"Footwork","floor":11.0},{"not_picked":["Endless Agony","Tactician","Backstab"],"picked":"Deadly Poison","floor":13.0},{"not_picked":["Cloak And Dagger","PiercingWail","Dodge and Roll","Flying Knee"],"picked":"SKIP","floor":14.0},{"not_picked":["Heel Hook","Dagger Throw","Flying Knee+1"],"picked":"Deadly Poison","floor":18.0},{"not_picked":["Expertise","ReplayTheSpireMod:Exploit Weakness","Setup"],"picked":"Caltrops+1","floor":19.0},{"not_picked":["Prepared","hubris:SlightOfHand","Blade Dance","Bullet Time"],"picked":"SKIP","floor":23.0},{"not_picked":["Flying Knee+1","PiercingWail","Masterful Stab"],"picked":"Catalyst","floor":24.0},{"not_picked":["Deflect","Dagger Spray","Wraith Form v2"],"picked":"A Thousand Cuts","floor":28.0},{"not_picked":["Replay:Poison Smokescreen","Acrobatics","Dodge and Roll","Backstab"],"picked":"SKIP","floor":29.0},{"not_picked":["Prepared","ReplayTheSpireMod:The Works","Dodge and Roll","All Out Attack+1"],"picked":"SKIP","floor":31},{"not_picked":["Blur+1","Distraction+1","Skewer+1","Cloak And Dagger"],"picked":"SKIP","floor":35},{"not_picked":["Flying Knee","Outmaneuver+1","Predator","Leg Sweep"],"picked":"SKIP","floor":36},{"not_picked":["Prepared+1","Quick Slash+1","Accuracy"],"picked":"Deadly Poison+1","floor":37},{"not_picked":["Underhanded Strike","Crippling Poison+1","Endless Agony+1","hubris:SlightOfHand+1"],"picked":"SKIP","floor":40},{"not_picked":["Backflip","Cloak And Dagger+1","Dagger Spray"],"picked":"Deadly Poison+1","floor":41},{"not_picked":["Blade Dance+1","Expertise","Bane","Acrobatics"],"picked":"SKIP","floor":44},{"not_picked":["Dagger Spray","Flying Knee+1","Blade Dance"],"picked":"Adrenaline","floor":46},{"not_picked":["Deflect","Outmaneuver+1","Dagger Throw+1"],"picked":"Poisoned Stab+1","floor":47},{"not_picked":["Heel Hook+1","Sneak Up+1","Leg Sweep+1"],"picked":"Deadly Poison+1","floor":48},{"not_picked":["Outmaneuver+1","Leg Sweep+1","Cloak And Dagger"],"picked":"Noxious Fumes+1","floor":49},{"not_picked":["Riddle With Holes+1","Prepared+1","Bouncing Flask","hubris:SlightOfHand+1"],"picked":"SKIP","floor":50},{"not_picked":["Envenom+1","Blade Dance","Underhanded Strike"],"picked":"Footwork+1","floor":51}],"player_experience":187632,"relics_obtained":[{"floor":14.0,"key":"hubris:TenFootPole"},{"floor":15.0,"key":"Calipers"},{"floor":23.0,"key":"Ancient Tea Set"},{"floor":26.0,"key":"MealTicket"},{"floor":28.0,"key":"Bottled Flame"},{"floor":31,"key":"Lantern"},{"floor":37,"key":"Girya"},{"floor":40,"key":"Frozen Egg 2"},{"floor":45,"key":"hubris:Potato"},{"floor":50,"key":"infinitespire:FocusingShard"}],"event_choices":[{"damage_healed":0.0,"max_hp_gain":0.0,"max_hp_loss":0.0,"gold_gain":0.0,"event_name":"Golden Idol","player_choice":"Take Damage","floor":2.0,"gold_loss":0.0,"damage_taken":17.0,"relics_obtained":["Golden Idol"]},{"damage_healed":0.0,"max_hp_gain":0.0,"max_hp_loss":0.0,"gold_gain":0.0,"event_name":"Shining Light","player_choice":"Entered Light","floor":4.0,"gold_loss":0.0,"damage_taken":14.0,"cards_upgraded":["Backflip","Neutralize"]},{"damage_healed":0.0,"max_hp_gain":0.0,"max_hp_loss":0.0,"gold_gain":0.0,"event_name":"WeMeetAgain","player_choice":"Paid Gold","floor":12.0,"gold_loss":144.0,"damage_taken":0.0,"relics_obtained":["Replay:Bottled Flurry"]},{"damage_healed":0.0,"max_hp_gain":0.0,"max_hp_loss":0.0,"gold_gain":0.0,"event_name":"The Library","player_choice":"Read","floor":21.0,"gold_loss":0.0,"damage_taken":0.0,"cards_obtained":["ReplayTheSpireMod:Speed Training"]},{"damage_healed":0,"gold_gain":0,"player_choice":"Simplicity","damage_taken":0,"max_hp_gain":0,"max_hp_loss":0,"event_name":"Back to Basics","floor":30,"gold_loss":0,"cards_upgraded":["Strike_G","Strike_G","Strike_G","Strike_G","Defend_G","Defend_G","Defend_G"]},{"damage_healed":0,"gold_gain":0,"player_choice":"Fight","damage_taken":0,"max_hp_gain":0,"max_hp_loss":0,"event_name":"Mysterious Sphere","floor":37,"gold_loss":0}],"is_beta":false,"boss_relics":[{"not_picked":["hubris:CrackedHourglass","Replay:Grab Bag"],"picked":"Replay:Wanted Poster"},{"not_picked":["hubris:GrandSneckoEye","WristBlade"],"picked":"Fusion Hammer"}],"items_purged_floors":[3,7,20,25],"is_endless":false,"potions_floor_spawned":[10,14,28,31,33,37,41,44],"killed_by":"hubris:GrandSnecko","ascension_level":1}}