{"host":"u9h06qdlnp3wgzsw","time":1610998193,"event":{"mods":["BaseMod","Downfall","Hermit","Minty Spire (QoL Compilation)","Rare Cards Sparkle","Shop Mod","StSLib","The Hierophant","The Necromancer","The Servant 0.9.4"],"gold_per_floor":[99,115,115,131,142,242,242,260,245,245,259,292,289,316,342,457,469,481,593,605,155,165,195,195,95,105,118,133,145,145,17,27,122,122,22,42,58,58,58],"floor_reached":38,"language":"ENG","playtime":2474,"items_purged":["Pride"],"score":425,"play_id":"2e72212a-1704-4840-aee8-3c55ac74a094","local_time":"20210118142953","is_ascension_mode":false,"campfire_choices":[{"data":"Negative_Energy_Arrows","floor":1.0,"key":"SMITH"},{"data":"Summon_Vampire_Lady","floor":18,"key":"SMITH"},{"floor":25,"key":"REST"},{"floor":30,"key":"RECALL"},{"data":"Skeleton_Dragon","floor":35,"key":"SMITH"}],"circlet_count":0,"master_deck":["Negative_Energy_Arrows+1","Bone_Wall","Bone_Bullets+1","Bone_Prison","Shackles_Of_Pain+1","Blood_Magic","Vampiric_Strike","downfall:Malfunctioning","Stop_Heart","Bones_to_Steel","Spectral_Walk","Thousand_Bone_Knives","Summon_Vampire_Lady+1","Summon_Vampire_Lady+1","Bone_Prison","expansioncontent:Hexaburn","Bone_Bullets","Bone_Bullets+1","Stop_Heart+1","Toxic_Smoke_Screen","Blood_Is_Power","Consume_Illness","Bone_Armory","Strike_from_Beyond+1","Skeleton_Dragon","Skeleton_Dragon+1","Grasp_Heart+1","Bone_Armory","Blood_for_Blood","Negative_Energy_Mist","Scare","Summon_Vampire_Lady","Flesh_Made_Foul+1","Consume_Illness"],"relics":["Vampire_Amulet","Pear","MawBank","Velvet Choker","Cauldron","Toy Ornithopter","Molten Egg 2","downfall:HeartBlessingGreen","Pandora\u0027s Box","downfall:HeartBlessingRed"],"acts_visited":["Exordium","TheCity","TheBeyond"],"potions_floor_usage":[12,14,14,21,23,23,23,27,33,38,38,38],"damage_taken":[{"damage":3.0,"enemies":"Small Slimes","floor":2.0,"turns":4.0},{"damage":0.0,"enemies":"Jaw Worm","floor":4.0,"turns":4.0},{"damage":0.0,"enemies":"Cultist","floor":5.0,"turns":3.0},{"damage":7.0,"enemies":"Large Slime","floor":8.0,"turns":7.0},{"damage":12.0,"enemies":"downfall:FleeingMerchant","floor":9.0,"turns":4.0},{"damage":5,"enemies":"3 Louse","floor":11,"turns":4},{"damage":18,"enemies":"Lagavulin","floor":12,"turns":5},{"damage":7,"enemies":"downfall:FleeingMerchant","floor":13,"turns":4},{"damage":3,"enemies":"Lots of Slimes","floor":14,"turns":2},{"damage":12,"enemies":"Blue Slaver","floor":15,"turns":3},{"damage":43,"enemies":"SI_SHIV_ARCHETYPE","floor":16,"turns":9},{"damage":21,"enemies":"downfall:FleeingMerchant","floor":21,"turns":4},{"damage":50,"enemies":"3 Byrds","floor":22,"turns":6},{"damage":64,"enemies":"Slavers","floor":23,"turns":10},{"damage":22,"enemies":"Snecko","floor":26,"turns":5},{"damage":31,"enemies":"Cultist and Chosen","floor":27,"turns":5},{"damage":11,"enemies":"Snake Plant","floor":28,"turns":4},{"damage":20,"enemies":"Snecko","floor":29,"turns":5},{"damage":20,"enemies":"downfall:FleeingMerchant","floor":31,"turns":5},{"damage":41,"enemies":"Sentry and Sphere","floor":32,"turns":8},{"damage":64,"enemies":"WA_ARCHETYPE_CALM","floor":33,"turns":9},{"damage":58,"enemies":"3 Darklings","floor":36,"turns":7},{"damage":53,"enemies":"3 Shapes","floor":37,"turns":4},{"damage":54,"enemies":"Jaw Worm Horde","floor":38,"turns":3}],"seed_played":"-2840229369902032209","potions_obtained":[{"floor":4.0,"key":"Energy Potion"},{"floor":5.0,"key":"Energy Potion"},{"floor":11,"key":"EssenceOfSteel"},{"floor":12,"key":"PowerPotion"},{"floor":21,"key":"bronze:BurnAndBuffPotion"},{"floor":21,"key":"EssenceOfSteel"},{"floor":21,"key":"Dexterity Potion"},{"floor":23,"key":"SteroidPotion"},{"floor":27,"key":"LiquidBronze"},{"floor":29,"key":"CultistPotion"},{"floor":32,"key":"SpeedPotion"},{"floor":36,"key":"Strength Potion"}],"is_trial":false,"path_per_floor":["R","M","?","M","M","?","T","M","$","?","M","E","$","M","M","B",null,"R","?","?","$","M","E","T","R","M","M","M","M","R","$","M","B",null,"R","M","M","M"],"character_chosen":"NECROMANCER","items_purchased":["Bone_Prison","Cauldron","expansioncontent:Hexaburn","Bone_Bullets","Bone_Armory","Strike_from_Beyond+1"],"campfire_rested":1,"item_purchase_floors":[21,21,21,21,31,31],"current_hp_per_floor":[82,81,81,82,82,82,92,89,77,77,80,66,60,69,60,19,92,92,92,92,85,62,45,45,72,70,72,69,77,77,75,68,43,92,92,59,24,0,0],"gold":58,"neow_bonus":"TEN_PERCENT_HP_BONUS","is_daily":false,"chose_seed":false,"campfire_upgraded":3,"win_rate":0.0,"timestamp":1610998193,"path_taken":["R","M","?","M","M","?","T","M","?","?","M","E","$","M","M","BOSS","R","?","?","$","?","E","T","R","M","M","M","M","R","$","M","BOSS","R","M","M","M"],"items_purchased_type":["Card","Relic","Card","Card","Card","Card"],"build_version":"2020-12-22","purchased_purges":1,"victory":false,"max_hp_per_floor":[82,82,82,82,82,82,92,92,92,92,92,92,92,92,92,92,92,92,92,92,92,92,92,92,92,92,92,92,92,92,92,92,92,92,92,92,92,92,92],"card_choices":[{"not_picked":["Death_Coil","Deaths_Shadow"],"picked":"Bone_Bullets","floor":2.0},{"not_picked":["Uncharnel","Blood_Curse"],"picked":"Bone_Prison","floor":4.0},{"not_picked":["Bone_Shift","Blood_Curse"],"picked":"Shackles_Of_Pain","floor":5.0},{"not_picked":["Bone_Spikes","Death_Knell"],"picked":"Blood_Magic","floor":8.0},{"not_picked":["Negative_Energy_Shield","Finger_Of_Death"],"picked":"Vampiric_Strike","floor":9},{"not_picked":["Vampiric_Strike","Necrotic_Claws"],"picked":"Stop_Heart","floor":11},{"not_picked":["Vampiric_Strike","Epidemic"],"picked":"Bones_to_Steel","floor":12},{"not_picked":["Reap_The_Weak","Finger_Of_Death"],"picked":"Spectral_Walk","floor":13},{"not_picked":["Necrotic_Claws","Exploit","Negative_Energy_Mist"],"picked":"SKIP","floor":14},{"not_picked":["Bone_Spikes","Flesh_Made_Foul"],"picked":"Thousand_Bone_Knives","floor":15},{"not_picked":["Summon_Death_Knight","Blood_Magic"],"picked":"Summon_Vampire_Lady","floor":16},{"not_picked":["Blood_Wake","Negative_Energy_Sphere","Scare"],"picked":"SKIP","floor":21},{"not_picked":["Spectral_Armor+1","Flesh_Made_Foul"],"picked":"Bone_Bullets+1","floor":22},{"not_picked":["Scare","Exploit"],"picked":"Stop_Heart+1","floor":23},{"not_picked":["Spectral_Armor","Negative_Energy_Javelin+1","Negative_Energy_Mist"],"picked":"SKIP","floor":26},{"not_picked":["Uncharnel","Blood_Curse+1"],"picked":"Toxic_Smoke_Screen","floor":27},{"not_picked":["Bone_Spikes+1","Cloudkill"],"picked":"Blood_Is_Power","floor":28},{"not_picked":["Bone_Bullets+1","Death_Coil+1","Vampiric_Strike+1"],"picked":"SKIP","floor":29},{"not_picked":["Negative_Energy_Mist+1","Scare+1"],"picked":"Consume_Illness","floor":31},{"not_picked":["Bone_Shift","Negative_Energy_Shield","Life_Drain+1"],"picked":"SKIP","floor":32},{"not_picked":["Blood_Magic","Cloudkill"],"picked":"Skeleton_Dragon","floor":33},{"not_picked":["Scare+1","Blood_Curse+1","Negative_Energy_Sphere+1"],"picked":"SKIP","floor":36},{"not_picked":["Negative_Energy_Shield+1","Requiem+1"],"picked":"Consume_Illness","floor":37}],"player_experience":813386,"relics_obtained":[{"floor":7.0,"key":"Pear"},{"floor":12,"key":"MawBank"},{"floor":23,"key":"Toy Ornithopter"},{"floor":24,"key":"Molten Egg 2"}],"event_choices":[],"is_beta":false,"boss_relics":[{"not_picked":["Runic Pyramid","Coffee Dripper"],"picked":"Velvet Choker"},{"not_picked":["Philosopher\u0027s Stone","SlaversCollar"],"picked":"Pandora\u0027s Box"}],"items_purged_floors":[21],"is_endless":false,"potions_floor_spawned":[4,5,11,12,23,27,29,32,36,37],"killed_by":"Jaw Worm Horde","ascension_level":0}}