{"host":"b4oqa93y40rb9616","time":1610969630,"event":{"mods":["BaseMod","Colored Map","Custom Start","DeckTracker","Keyboard Shortcuts","Minty Spire (QoL Compilation)","Permanent Neow","Quick Restart","StSLib","SuperFastMode","everything is the same but u backflip on backflip"],"gold_per_floor":[112,129,146,158,118,118,129,159,183,183,183,212,26,40,40,117,117,134,134,59,59,59,59,88,88,88,88,103,131,131,160,160,239,239,259,259,159,174,192,192,225,239,239,33,33,62,82,100,100,100,100,100,42,73,73],"floor_reached":56,"language":"KOR","playtime":1945,"items_purged":["Bash","Wild Strike"],"score":2331,"play_id":"8a60adc5-8c10-4985-995f-54817a4198d4","local_time":"20210118203350","is_ascension_mode":true,"campfire_choices":[{"data":"Armaments","floor":6.0,"key":"SMITH"},{"data":"Blood for Blood","floor":10.0,"key":"SMITH"},{"data":"Apotheosis","floor":15.0,"key":"SMITH"},{"data":"Offering","floor":23.0,"key":"SMITH"},{"data":"Offering","floor":25.0,"key":"SMITH"},{"data":"Offering","floor":27.0,"key":"SMITH"},{"data":"Feel No Pain","floor":30.0,"key":"SMITH"},{"floor":32.0,"key":"RECALL"},{"floor":40.0,"key":"REST"},{"floor":49,"key":"REST"},{"floor":52,"key":"REST"}],"circlet_count":0,"master_deck":["AscendersBane","Berserk+1","Armaments+1","Pommel Strike","Blood for Blood+1","Shockwave","Feel No Pain+1","Offering+1","Blood for Blood","Apotheosis+1","Demon Form","Entrench","Offering+1","Immolate","Inflame","Evolve","Demon Form","Offering+1","Pummel+1","Warcry+1","Shrug It Off","Berserk","Power Through","Apotheosis+1","Evolve","Flash of Steel+1","Deep Breath","True Grit","Heavy Blade+1","Body Slam+1"],"relics":["Burning Blood","Torii","MealTicket","Pandora\u0027s Box","Akabeko","Molten Egg 2","StrikeDummy","Self Forming Clay","Fusion Hammer","Pantograph","DollysMirror","Meat on the Bone","Champion Belt"],"acts_visited":["Exordium","TheCity","TheBeyond","TheEnding"],"potions_floor_usage":[55],"damage_taken":[{"damage":24.0,"enemies":"Jaw Worm","floor":1.0,"turns":5.0},{"damage":4.0,"enemies":"2 Louse","floor":2.0,"turns":4.0},{"damage":0.0,"enemies":"Small Slimes","floor":3.0,"turns":3.0},{"damage":25.0,"enemies":"Exordium Thugs","floor":4.0,"turns":5.0},{"damage":3.0,"enemies":"Looter","floor":5.0,"turns":4.0},{"damage":0.0,"enemies":"Exordium Wildlife","floor":7.0,"turns":5.0},{"damage":3.0,"enemies":"Lagavulin","floor":8.0,"turns":6.0},{"damage":13.0,"enemies":"3 Sentries","floor":12.0,"turns":7.0},{"damage":15.0,"enemies":"Blue Slaver","floor":14.0,"turns":4.0},{"damage":33.0,"enemies":"The Guardian","floor":16.0,"turns":7.0},{"damage":13.0,"enemies":"Spheric Guardian","floor":18.0,"turns":3.0},{"damage":20.0,"enemies":"Slavers","floor":24.0,"turns":2.0},{"damage":13.0,"enemies":"Chosen","floor":28.0,"turns":4.0},{"damage":20.0,"enemies":"Book of Stabbing","floor":29.0,"turns":4.0},{"damage":18.0,"enemies":"Slavers","floor":31.0,"turns":1.0},{"damage":18.0,"enemies":"Automaton","floor":33.0,"turns":6.0},{"damage":28.0,"enemies":"3 Shapes","floor":35.0,"turns":2.0},{"damage":12.0,"enemies":"3 Darklings","floor":38.0,"turns":2.0},{"damage":18.0,"enemies":"Spire Growth","floor":39.0,"turns":3.0},{"damage":18.0,"enemies":"Reptomancer","floor":41.0,"turns":2.0},{"damage":18.0,"enemies":"Sphere and 2 Shapes","floor":42.0,"turns":2.0},{"damage":12.0,"enemies":"Nemesis","floor":46.0,"turns":5.0},{"damage":87,"enemies":"Transient","floor":47,"turns":6},{"damage":13,"enemies":"3 Darklings","floor":48,"turns":3},{"damage":54,"enemies":"Donu and Deca","floor":50,"turns":7},{"damage":32,"enemies":"Shield and Spear","floor":54,"turns":3},{"damage":34,"enemies":"The Heart","floor":55,"turns":6}],"seed_played":"-1707593286331554390","potions_obtained":[{"floor":2.0,"key":"LiquidMemories"},{"floor":8.0,"key":"Dexterity Potion"},{"floor":12.0,"key":"Regen Potion"},{"floor":16.0,"key":"BloodPotion"},{"floor":24.0,"key":"LiquidBronze"},{"floor":31.0,"key":"FairyPotion"}],"is_trial":false,"path_per_floor":["M","M","M","M","M","R","M","E","T","R","?","E","$","M","R","B",null,"M","?","$","?","$","R","E","R","T","R","M","E","R","E","R","B",null,"M","?","$","M","M","R","E","M","T","$","?","E","M","M","R","B",null,"R","$","E","B",null],"character_chosen":"IRONCLAD","items_purchased":["Apotheosis","DollysMirror","Evolve","Heavy Blade+1"],"campfire_rested":3,"item_purchase_floors":[13,44,44,53],"current_hp_per_floor":[32,34,40,21,24,24,30,33,33,33,33,26,41,32,32,20,61,54,54,69,69,75,75,61,61,61,61,54,40,40,43,43,31,64,42,42,57,51,39,61,49,37,37,52,42,36,28,33,55,39,66,75,75,49,46],"gold":73,"neow_bonus":"TRANSFORM_TWO_CARDS","is_daily":false,"chose_seed":false,"campfire_upgraded":7,"win_rate":0.0,"timestamp":1610969630,"path_taken":["M","M","M","M","M","R","M","E","T","R","?","E","$","M","R","BOSS","M","?","$","?","$","R","E","R","T","R","M","E","R","E","R","BOSS","M","?","$","M","M","R","E","M","T","$","?","E","M","M","R","BOSS","R","$","E","BOSS"],"items_purchased_type":["Card","Relic","Card","Card"],"build_version":"2020-12-22","purchased_purges":2,"victory":true,"max_hp_per_floor":[75,75,75,75,75,75,75,75,75,75,75,75,75,75,75,75,75,75,75,75,75,75,75,75,75,75,75,75,75,75,75,75,75,75,75,75,75,75,75,75,75,75,75,75,75,75,75,75,75,75,75,75,75,75,75],"card_choices":[{"not_picked":["Havoc","Clash"],"picked":"Armaments","floor":1.0},{"not_picked":["Iron Wave","Flex"],"picked":"Pommel Strike","floor":2.0},{"not_picked":["Inflame","Sever Soul"],"picked":"Blood for Blood","floor":3.0},{"not_picked":["Headbutt","Sword Boomerang","Whirlwind"],"picked":"SKIP","floor":4.0},{"not_picked":["Whirlwind","Searing Blow"],"picked":"Shockwave","floor":5.0},{"not_picked":["Ghostly Armor","Sword Boomerang"],"picked":"Feel No Pain","floor":7.0},{"not_picked":["Shrug It Off","Havoc"],"picked":"Offering","floor":8.0},{"not_picked":["Pummel","Perfected Strike"],"picked":"Blood for Blood","floor":12.0},{"not_picked":["Spot Weakness","Anger","Twin Strike"],"picked":"SKIP","floor":14.0},{"not_picked":["Berserk","Double Tap"],"picked":"Demon Form","floor":16.0},{"not_picked":["Sword Boomerang","Flex"],"picked":"Shrug It Off","floor":18.0},{"not_picked":["Warcry","Sword Boomerang"],"picked":"Offering","floor":24.0},{"not_picked":["Twin Strike+1","Flex","Entrench"],"picked":"SKIP","floor":28.0},{"not_picked":["Headbutt+1","Combust"],"picked":"Pummel+1","floor":29.0},{"not_picked":["Body Slam+1","Combust"],"picked":"Warcry+1","floor":31.0},{"not_picked":["Thunderclap+1","Feel No Pain"],"picked":"Shrug It Off","floor":35.0},{"not_picked":["Cleave+1","Clash+1","Bloodletting"],"picked":"SKIP","floor":38.0},{"not_picked":["Clothesline+1","Iron Wave+1","Flex"],"picked":"SKIP","floor":39.0},{"not_picked":["Dropkick+1","Flex+1"],"picked":"Berserk","floor":41.0},{"not_picked":["Blood for Blood+1","Shockwave"],"picked":"Power Through","floor":42.0},{"not_picked":["Discovery","Impatience"],"picked":"Flash of Steel+1","floor":45.0},{"not_picked":["Swift Strike+1","Enlightenment"],"picked":"Deep Breath","floor":45.0},{"not_picked":["Perfected Strike+1","Armaments","Clothesline+1"],"picked":"SKIP","floor":46.0},{"not_picked":["Rampage+1","Bloodletting+1","Twin Strike+1"],"picked":"SKIP","floor":47},{"not_picked":["Feel No Pain","Demon Form"],"picked":"True Grit","floor":48},{"not_picked":["True Grit","Rage"],"picked":"Body Slam+1","floor":54}],"player_experience":421431,"relics_obtained":[{"floor":8.0,"key":"Torii"},{"floor":12.0,"key":"MealTicket"},{"floor":24.0,"key":"Akabeko"},{"floor":26.0,"key":"Molten Egg 2"},{"floor":29.0,"key":"StrikeDummy"},{"floor":31.0,"key":"Self Forming Clay"},{"floor":41.0,"key":"Pantograph"},{"floor":46.0,"key":"Meat on the Bone"},{"floor":54,"key":"Champion Belt"}],"event_choices":[{"damage_healed":0.0,"max_hp_gain":0.0,"max_hp_loss":0.0,"gold_gain":0.0,"event_name":"Living Wall","player_choice":"Grow","floor":11.0,"gold_loss":0.0,"damage_taken":0.0,"cards_upgraded":["Berserk"]},{"damage_healed":0.0,"max_hp_gain":0.0,"max_hp_loss":0.0,"gold_gain":0.0,"event_name":"The Mausoleum","player_choice":"Ignored","floor":19.0,"gold_loss":0.0,"damage_taken":0.0},{"cards_removed":["Intimidate"],"damage_healed":0.0,"max_hp_gain":0.0,"max_hp_loss":0.0,"gold_gain":0.0,"event_name":"Back to Basics","player_choice":"Elegance","floor":21.0,"gold_loss":0.0,"damage_taken":0.0},{"cards_removed":["Shrug It Off"],"damage_healed":0.0,"max_hp_gain":0.0,"max_hp_loss":0.0,"gold_gain":0.0,"event_name":"Falling","player_choice":"Removed Skill","floor":36.0,"gold_loss":0.0,"damage_taken":0.0},{"damage_healed":0.0,"max_hp_gain":0.0,"max_hp_loss":0.0,"gold_gain":0.0,"event_name":"SensoryStone","player_choice":"Memory 3","floor":45.0,"gold_loss":0.0,"damage_taken":10.0}],"is_beta":false,"boss_relics":[{"not_picked":["Velvet Choker","Philosopher\u0027s Stone"],"picked":"Pandora\u0027s Box"},{"not_picked":["Astrolabe","Black Star"],"picked":"Fusion Hammer"}],"items_purged_floors":[20,37],"is_endless":false,"potions_floor_spawned":[2,8,12,14,16,18,24,31,39],"ascension_level":17}}