{"host":"x2bb8tnu3h3a650h","time":1610929039,"event":{"mods":["AchievementEnabler","Aspiration","BaseMod","BetterRewards","Colored Map","Conspire","Defuse TimeMaze Blight","Energized Spire","Halation","Hermit","Highlight Path","Hubris","Infinite Spire","Mimic Mod","Minty Spire (QoL Compilation)","Permanent Neow","Rare Cards Sparkle","Replay The Spire","Shop Mod","Spicy Shops","StSLib","The Cursed","The Jungle","Wandering Minibosses","vexMod"],"gold_per_floor":[110,30,41,52,70,105,122,122,146,71,71,71,87,128,128,272,222,261,261,261,271,305,373,298,349,349,36,61,61],"floor_reached":28,"language":"ENG","playtime":1545,"items_purged":["TheCursedMod:Strike_TheCursed","TheCursedMod:Strike_TheCursed"],"score":250,"play_id":"e58f7028-b2ad-46f3-8e81-43e5f4704021","local_time":"20210118001719","is_ascension_mode":false,"campfire_choices":[{"data":"TheCursedMod:HellfireBreathing","floor":12,"key":"SMITH"}],"circlet_count":0,"master_deck":["hubris:Hubris","TheCursedMod:Strike_TheCursed","TheCursedMod:Defend_TheCursed","TheCursedMod:Defend_TheCursed","TheCursedMod:Defend_TheCursed","TheCursedMod:Defend_TheCursed","TheCursedMod:CursedWand","TheCursedMod:CleanUpWorkshop","TheCursedMod:Dregs","TheCursedMod:HellfireBreathing+1","TheCursedMod:CursedMace+1","TheCursedMod:Stigma","TheCursedMod:CursedBlade","TheCursedMod:SaltUponWound","Injury","TheCursedMod:CircleOfFlame","TheCursedMod:CircleOfFlame","TheCursedMod:UltimatePain","TheCursedMod:Strike_TheCursed","TheCursedMod:RapidMovement","TheCursedMod:HellfireBreathing","TheCursedMod:SpitefulStrike","TheCursedMod:CircleOfFlame","TheCursedMod:OutForBlood+1"],"relics":["TheCursedMod:BlackMagic101","Bag of Preparation","Strawberry","Replay:Mystery Machine","Bloody Idol","Replay:Bandana","vexMod:MysteryBossChallenge","energizedSpire:HugeHouse","halation:Komachan","Lantern","Shuriken","Chemical X"],"acts_visited":["Exordium","TheCity"],"potions_floor_usage":[6,6,14,16,23,25],"damage_taken":[{"damage":2,"enemies":"Cultist","floor":1,"turns":5},{"damage":1,"enemies":"Jaw Worm","floor":3,"turns":4},{"damage":4,"enemies":"Small Slimes","floor":4,"turns":5},{"damage":11,"enemies":"Looter","floor":5,"turns":4},{"damage":6,"enemies":"Gremlin Nob","floor":6,"turns":3},{"damage":1,"enemies":"2 Fungi Beasts","floor":7,"turns":2},{"damage":0,"enemies":"Large Slime","floor":13,"turns":4},{"damage":13,"enemies":"3 Sentries","floor":14,"turns":5},{"damage":45,"enemies":"Hexaghost","floor":16,"turns":7},{"damage":5,"enemies":"Chosen","floor":18,"turns":4},{"damage":3,"enemies":"2 Thieves","floor":21,"turns":4},{"damage":0,"enemies":"Snake Plant","floor":22,"turns":3},{"damage":20,"enemies":"Gremlin Leader","floor":23,"turns":6},{"damage":18,"enemies":"3 Cultists","floor":25,"turns":7},{"damage":49,"enemies":"Nightmare","floor":28,"turns":6}],"seed_played":"4835638961671816049","potions_obtained":[{"floor":1,"key":"SteroidPotion"},{"floor":3,"key":"AttackPotion"},{"floor":4,"key":"AttackPotion"},{"floor":7,"key":"SkillPotion"},{"floor":14,"key":"LiquidMemories"},{"floor":16,"key":"Dexterity Potion"},{"floor":18,"key":"Swift Potion"}],"is_trial":false,"path_per_floor":["M","$","M","M","M","E","M","?","T","$","?","R","M","E","R_BF","B",null,"M","?","AVR","M","M","E","?","M","T","$","NM"],"character_chosen":"THE_CURSED","items_purchased":["TheCursedMod:HellfireBreathing","Chemical X","TheCursedMod:OutForBlood+1"],"campfire_rested":0,"item_purchase_floors":[2,27,27],"current_hp_per_floor":[73,73,72,68,57,58,57,57,57,57,57,57,57,44,68,23,77,72,72,72,77,77,62,62,49,49,49,0,0],"gold":61,"neow_bonus":"RANDOM_COMMON_RELIC","is_daily":false,"chose_seed":false,"campfire_upgraded":1,"win_rate":0.0,"timestamp":1610929039,"path_taken":["M","$","M","?","M","E","M","?","T","?","?","R","M","E","R_BF","BOSS","M","?","AVR","M","M","E","?","M","T","$","NM"],"items_purchased_type":["Card","Relic","Card"],"build_version":"2020-12-22","purchased_purges":2,"victory":false,"max_hp_per_floor":[75,75,75,75,75,82,82,82,82,82,82,82,82,82,82,82,77,77,77,77,77,77,77,77,77,77,77,77,77],"card_choices":[{"not_picked":["TheCursedMod:AshesToAshes","TheCursedMod:CursedAmulet","TheCursedMod:PrepareRite"],"picked":"SKIP","floor":1},{"not_picked":["TheCursedMod:CircleOfWindfury","TheCursedMod:Stigma"],"picked":"TheCursedMod:CursedMace","floor":3},{"not_picked":["TheCursedMod:Stretching","TheCursedMod:SmokeScreen"],"picked":"TheCursedMod:Stigma","floor":4},{"not_picked":["TheCursedMod:FleshFromBone","TheCursedMod:Stigma"],"picked":"TheCursedMod:CursedBlade","floor":5},{"not_picked":["TheCursedMod:Neurasthenia","TheCursedMod:CircleOfBlood"],"picked":"TheCursedMod:CursedBlade","floor":6},{"not_picked":["TheCursedMod:SpitefulStrike","TheCursedMod:FleshFromBone"],"picked":"TheCursedMod:SaltUponWound","floor":7},{"not_picked":["TheCursedMod:SpitefulStrike","TheCursedMod:TacticalStrike"],"picked":"TheCursedMod:CircleOfFlame","floor":13},{"not_picked":["TheCursedMod:Torture","TheCursedMod:ReleasedKnowledge"],"picked":"TheCursedMod:CircleOfFlame","floor":14},{"not_picked":["TheCursedMod:DemonicPact","TheCursedMod:OutForBlood"],"picked":"TheCursedMod:UltimatePain","floor":16},{"not_picked":["TheCursedMod:ManaBullet","TheCursedMod:RapidMovement"],"picked":"TheCursedMod:HellfireBreathing","floor":18},{"not_picked":["TheCursedMod:TacticalStrike","TheCursedMod:FleshFromBone","TheCursedMod:Wield"],"picked":"SKIP","floor":21},{"not_picked":["TheCursedMod:SmokeScreen+1","TheCursedMod:BlessingInDisguise","TheCursedMod:SpitefulStrike"],"picked":"SKIP","floor":22},{"not_picked":["TheCursedMod:SmokeScreen+1","TheCursedMod:BlessingInDisguise"],"picked":"TheCursedMod:SpitefulStrike","floor":22},{"not_picked":["TheCursedMod:VitalStrike+1","TheCursedMod:CursedAmulet","TheCursedMod:CircleOfAmplification"],"picked":"SKIP","floor":23},{"not_picked":["TheCursedMod:Stigma","TheCursedMod:BloodBarrier"],"picked":"TheCursedMod:CircleOfFlame","floor":25}],"player_experience":549670,"relics_obtained":[{"floor":6,"key":"Strawberry"},{"floor":9,"key":"Replay:Mystery Machine"},{"floor":14,"key":"Replay:Bandana"},{"floor":23,"key":"Lantern"},{"floor":26,"key":"Shuriken"}],"event_choices":[{"damage_healed":0,"gold_gain":0,"player_choice":"Ignored","damage_taken":0,"max_hp_gain":0,"max_hp_loss":0,"event_name":"NoteForYourself","floor":8,"gold_loss":0},{"damage_healed":0,"gold_gain":0,"player_choice":"Take Wound","damage_taken":0,"relics_obtained":["Golden Idol"],"max_hp_gain":0,"max_hp_loss":0,"event_name":"Golden Idol","floor":11,"gold_loss":0,"cards_obtained":["Injury"]},{"damage_healed":0,"gold_gain":0,"player_choice":"Gave Idol","damage_taken":0,"relics_obtained":["Bloody Idol"],"max_hp_gain":0,"max_hp_loss":0,"event_name":"Forgotten Altar","floor":19,"relics_lost":["Golden Idol"],"gold_loss":0},{"cards_removed":["TheCursedMod:Strike_TheCursed"],"damage_healed":0,"gold_gain":0,"player_choice":"Gave Gold","damage_taken":0,"max_hp_gain":0,"max_hp_loss":0,"event_name":"Beggar","floor":24,"gold_loss":75}],"is_beta":false,"boss_relics":[{"not_picked":["Painkiller Herb","Kintsugi"],"picked":"vexMod:MysteryBossChallenge"}],"items_purged_floors":[10,20],"is_endless":false,"potions_floor_spawned":[1,3,4,7,14,16,18],"killed_by":"Nightmare","ascension_level":0}}