{"host":"h2gxemxa99wv6yfu","time":1610943593,"event":{"mods":["BaseMod","Block Reminder","Colored Powertips","Friendly Minions","Highlight Path","Infinite Spire","Minty Spire (QoL Compilation)","Permanent Neow","Quick Restart","Relic Stats","Replay The Spire","Shop Mod","StSLib","The Necromancer"],"gold_per_floor":[117,130,130,154,45,45,70,84,108,108,108,129,29,44,44,44,44],"floor_reached":16,"language":"ENG","playtime":473,"items_purged":["Strike_B","Strike_B"],"score":99,"play_id":"1f04d074-14f9-4520-b361-31e81c09eb99","local_time":"20210117221953","is_ascension_mode":true,"campfire_choices":[{"data":"Storm","floor":6.0,"key":"SMITH"},{"data":"Biased Cognition","floor":11,"key":"SMITH"},{"floor":15,"key":"REST"}],"circlet_count":0,"master_deck":["Strike_B","Defend_B","Defend_B","Defend_B","Defend_B","Zap","Dualcast+1","Panic Button","Biased Cognition+1","Storm+1","Storm","ReplayTheSpireMod:Calculation Training"],"relics":["Cracked Core","Golden Idol"],"acts_visited":["Exordium"],"potions_floor_usage":[16],"damage_taken":[{"damage":0.0,"enemies":"Cultist","floor":1.0,"turns":3.0},{"damage":0.0,"enemies":"Small Slimes","floor":2.0,"turns":3.0},{"damage":1.0,"enemies":"2 Louse","floor":4.0,"turns":2.0},{"damage":5,"enemies":"Exordium Wildlife","floor":7,"turns":3},{"damage":10,"enemies":"Looter","floor":8,"turns":2},{"damage":0,"enemies":"2 Fungi Beasts","floor":12,"turns":2},{"damage":13,"enemies":"Red Slaver","floor":14,"turns":2},{"damage":49,"enemies":"The Guardian","floor":16,"turns":11}],"seed_played":"6018555526936042855","potions_obtained":[{"floor":2.0,"key":"Fire Potion"},{"floor":7,"key":"SteroidPotion"}],"is_trial":false,"path_per_floor":["M","M","?","M","$","R","M","M","T","?","R","M","$","M","R","B"],"character_chosen":"DEFECT","items_purchased":["Storm"],"campfire_rested":1,"item_purchase_floors":[5],"current_hp_per_floor":[75,75,57,56,56,56,51,41,41,34,34,34,34,21,43,0,0],"gold":44,"neow_bonus":"UPGRADE_CARD","is_daily":false,"chose_seed":false,"campfire_upgraded":2,"win_rate":0.0,"timestamp":1610943593,"path_taken":["M","?","?","M","$","R","M","M","T","?","R","M","$","M","R","BOSS"],"items_purchased_type":["Card"],"build_version":"2020-12-22","purchased_purges":2,"victory":false,"max_hp_per_floor":[75,75,75,75,75,75,75,75,75,75,75,75,75,75,75,75,75],"relic_stats":{"counters":[8,28],"Golden Idol":20,"obtain_stats":[{"Golden Idol":3,"Cracked Core":0},{"Golden Idol":2,"Cracked Core":0},{"Golden Idol":6,"Cracked Core":0}]},"card_choices":[{"not_picked":["Beam Cell","Rebound","Hologram"],"picked":"SKIP","floor":1.0},{"not_picked":["Reinforced Body","Barrage"],"picked":"Panic Button","floor":2.0},{"not_picked":["Static Discharge","Ball Lightning"],"picked":"Biased Cognition","floor":4.0},{"not_picked":["BasicCrystalCard","Conserve Battery","Compile Driver"],"picked":"SKIP","floor":7},{"not_picked":["Conserve Battery","Compile Driver"],"picked":"Storm","floor":8},{"not_picked":["Cold Snap","Double Energy"],"picked":"ReplayTheSpireMod:Calculation Training","floor":12},{"not_picked":["Lockon","ReplayTheSpireMod:GoodbyeWorld","Chaos"],"picked":"SKIP","floor":14}],"player_experience":16410,"relics_obtained":[],"event_choices":[{"damage_healed":0.0,"max_hp_gain":0.0,"max_hp_loss":0.0,"gold_gain":0.0,"event_name":"Golden Idol","player_choice":"Take Damage","floor":3.0,"gold_loss":0.0,"damage_taken":18.0,"relics_obtained":["Golden Idol"]},{"cards_removed":["Strike_B"],"damage_healed":0,"gold_gain":0,"player_choice":"Card Removal","damage_taken":7,"max_hp_gain":0,"max_hp_loss":0,"event_name":"Golden Wing","floor":10,"gold_loss":0}],"is_beta":false,"boss_relics":[],"items_purged_floors":[5,13],"is_endless":false,"potions_floor_spawned":[2,7],"killed_by":"The Guardian","ascension_level":1}}