{"host":"p7cjtxxrilhp4dw7","time":1610944145,"event":{"mods":["BaseMod","Block Reminder","Colored Map","Highlight Path","Minty Spire (QoL Compilation)","Replay The Spire","StSLib","The Hierophant","The Judge","TheBandit"],"gold_per_floor":[212,66,66,83,83,83,113,113,138,166,166,193,212,228,228,330,430,443,443,455,455,466,466,466,466,466],"floor_reached":25,"language":"ENG","playtime":2678,"items_purged":[],"score":282,"play_id":"e8c61e71-0528-43bf-a079-fc6f2bc3a446","local_time":"20210117212905","is_ascension_mode":true,"campfire_choices":[{"data":"Armaments","floor":6,"key":"SMITH"},{"floor":8,"key":"REST"},{"data":"Bash","floor":15,"key":"SMITH"},{"floor":23,"key":"REST"}],"circlet_count":0,"master_deck":["Strike_R","Strike_R","Strike_R","Strike_R","Defend_R","Defend_R","Defend_R+1","Defend_R+1","Bash+1","Replay:Undeath\u0027s Touch","Armaments+1","ReplayTheSpireMod:Strike From Hell","Clothesline","Run Through","Flame Barrier","Feel No Pain+1","Replay:Parry","ReplayTheSpireMod:Corrosion Curse","Twin Strike"],"relics":["Burning Blood","ClockworkSouvenir","Replay:Bottled Snecko","Replay:Wax Seal","Odd Mushroom","Bronze Scales","Replay:Wanted Poster"],"acts_visited":["Exordium","TheCity"],"potions_floor_usage":[10,12,14],"damage_taken":[{"damage":0,"enemies":"Small Slimes","floor":1,"turns":3},{"damage":1,"enemies":"2 Louse","floor":4,"turns":3},{"damage":33,"enemies":"3 Sentries","floor":7,"turns":14},{"damage":7,"enemies":"The Mushroom Lair","floor":10,"turns":6},{"damage":18,"enemies":"Lagavulin","floor":12,"turns":7},{"damage":0,"enemies":"Jaw Worm","floor":13,"turns":3},{"damage":0,"enemies":"3 Louse","floor":14,"turns":2},{"damage":37,"enemies":"Hexaghost","floor":16,"turns":11},{"damage":15,"enemies":"Shell Parasite","floor":18,"turns":4},{"damage":20,"enemies":"Spheric Guardian","floor":20,"turns":5},{"damage":5,"enemies":"Snake Plant","floor":22,"turns":3},{"damage":82,"enemies":"Gremlin Leader","floor":25,"turns":10}],"seed_played":"-2836960469355293553","potions_obtained":[{"floor":7,"key":"EssenceOfSteel"},{"floor":10,"key":"LiquidMemories"},{"floor":13,"key":"Fire Potion"},{"floor":22,"key":"Strength Potion"}],"is_trial":false,"path_per_floor":["M","$","?","M","?","R","E","R","T","?","?","E","M","M","R","B",null,"M","?","M","$","M","R","?","E"],"character_chosen":"IRONCLAD","items_purchased":["ClockworkSouvenir"],"campfire_rested":2,"item_purchase_floors":[2],"current_hp_per_floor":[78,78,62,67,67,67,40,64,64,63,63,51,57,63,63,32,68,59,59,45,45,46,70,70,0,0],"gold":466,"neow_bonus":"HUNDRED_GOLD","is_daily":false,"chose_seed":false,"campfire_upgraded":2,"win_rate":0.0,"timestamp":1610944145,"path_taken":["M","$","?","M","?","R","E","R","T","?","?","E","M","?","R","BOSS","M","?","?","$","?","R","?","E"],"items_purchased_type":["Relic"],"build_version":"2020-12-22","purchased_purges":0,"victory":false,"max_hp_per_floor":[80,80,80,80,80,80,80,80,80,80,80,80,80,80,80,80,80,80,80,80,80,80,80,80,80,80],"card_choices":[{"not_picked":["Heavy Blade","Clothesline"],"picked":"Replay:Undeath\u0027s Touch","floor":1},{"not_picked":["Fire Breathing","Iron Wave"],"picked":"Armaments","floor":4},{"not_picked":["Massacre","Entrench"],"picked":"ReplayTheSpireMod:Strike From Hell","floor":7},{"not_picked":["Clash","Rupture"],"picked":"Clothesline","floor":10},{"not_picked":["Armaments","Bloodletting"],"picked":"Run Through","floor":12},{"not_picked":["Shrug It Off","Warcry"],"picked":"Flame Barrier","floor":13},{"not_picked":["Whirlwind","Searing Blow","Armaments"],"picked":"SKIP","floor":14},{"not_picked":["Thunderclap","ReplayTheSpireMod:Strike From Hell"],"picked":"Feel No Pain+1","floor":18},{"not_picked":["ReplayTheSpireMod:LeadingStrike","Heavy Blade+1"],"picked":"ReplayTheSpireMod:Corrosion Curse","floor":20},{"not_picked":["ReplayTheSpireMod:Muscle Training","Evolve"],"picked":"Twin Strike","floor":22}],"player_experience":542439,"relics_obtained":[{"floor":7,"key":"Replay:Bottled Snecko"},{"floor":9,"key":"Replay:Wax Seal"},{"floor":10,"key":"Odd Mushroom"},{"floor":12,"key":"Bronze Scales"}],"event_choices":[{"damage_healed":0,"gold_gain":0,"player_choice":"Entered Light","damage_taken":16,"max_hp_gain":0,"max_hp_loss":0,"event_name":"Shining Light","floor":3,"gold_loss":0,"cards_upgraded":["Defend_R","Defend_R"]},{"damage_healed":0,"gold_gain":0,"player_choice":"Ignored","damage_taken":0,"max_hp_gain":0,"max_hp_loss":0,"event_name":"Liars Game","floor":5,"gold_loss":0},{"damage_healed":0,"gold_gain":0,"player_choice":"Fought Mushrooms","damage_taken":0,"max_hp_gain":0,"max_hp_loss":0,"event_name":"Mushrooms","floor":10,"gold_loss":0},{"cards_removed":["Strike_R"],"damage_healed":0,"gold_gain":0,"player_choice":"Purged","damage_taken":0,"max_hp_gain":0,"max_hp_loss":0,"event_name":"Purifier","floor":11,"gold_loss":0},{"damage_healed":0,"gold_gain":0,"player_choice":"1 cards matched","damage_taken":0,"max_hp_gain":0,"max_hp_loss":0,"event_name":"Match and Keep!","floor":19,"gold_loss":0,"cards_obtained":["Replay:Parry"]},{"damage_healed":0,"gold_gain":0,"player_choice":"Ignored","damage_taken":0,"max_hp_gain":0,"max_hp_loss":0,"event_name":"Vampires","floor":24,"gold_loss":0}],"is_beta":false,"boss_relics":[{"not_picked":["ChewingGum","Runic Dome"],"picked":"Replay:Wanted Poster"}],"items_purged_floors":[],"is_endless":false,"potions_floor_spawned":[7,10,13,22],"killed_by":"Gremlin Leader","ascension_level":7}}