{"host":"ydg0vn0pu4pubmdt","time":1610966497,"event":{"mods":["AchievementEnabler","BaseMod","Colored Map","Gold Saver","Minty Spire (QoL Compilation)","Quick Restart","SuperFastMode"],"gold_per_floor":[996,841,859,877,437,437,470,492,518,549,549,566,577,603,603,708,708,725,743,757,757,186,211,226,226,275,275,306,26,40,40,40,138,138,150,150,200,200,215,215,226,86,110,110,32,62,62,74,74,74],"floor_reached":51,"language":"KOR","playtime":3223,"items_purged":["Defend_G","Strike_G","Strike_G","Corpse Explosion","Strike_G"],"score":1087,"play_id":"26dd6f65-d0b5-4c29-afca-79f671ab8689","local_time":"20210118194137","is_ascension_mode":true,"campfire_choices":[{"data":"Accuracy","floor":6.0,"key":"SMITH"},{"floor":15.0,"key":"REST"},{"data":"Well Laid Plans","floor":25.0,"key":"SMITH"},{"data":"A Thousand Cuts","floor":32.0,"key":"SMITH"},{"data":"Tactician","floor":40.0,"key":"SMITH"},{"data":"Footwork","floor":47.0,"key":"SMITH"},{"data":"Reflex","floor":49,"key":"SMITH"}],"circlet_count":0,"master_deck":["AscendersBane","Defend_G","Defend_G","Survivor+1","Neutralize","Dagger Throw","Backflip","Footwork+1","Blade Dance","Tactician+1","Accuracy+1","Blur","Dagger Spray","Crippling Poison","Reflex+1","Acrobatics","Well Laid Plans+1","Blade Dance+1","Cloak And Dagger+1","A Thousand Cuts+1","Acrobatics","Malaise","PiercingWail+1","Prepared+1","Flash of Steel"],"relics":["Ring of the Snake","Bag of Marbles","Toy Ornithopter","Odd Mushroom","Happy Flower","Du-Vu Doll","Anchor","SlaversCollar","Bag of Preparation","Orrery","Oddly Smooth Stone","MealTicket","Orichalcum","The Courier","Lee\u0027s Waffle","Empty Cage","The Specimen","War Paint","Dream Catcher"],"acts_visited":["Exordium","TheCity","TheBeyond"],"potions_floor_usage":[50,50,50],"damage_taken":[{"damage":1.0,"enemies":"2 Louse","floor":1.0,"turns":3.0},{"damage":0.0,"enemies":"Cultist","floor":3.0,"turns":5.0},{"damage":9.0,"enemies":"Small Slimes","floor":4.0,"turns":3.0},{"damage":20.0,"enemies":"3 Sentries","floor":7.0,"turns":9.0},{"damage":1.0,"enemies":"The Mushroom Lair","floor":8.0,"turns":4.0},{"damage":6.0,"enemies":"Lagavulin","floor":10.0,"turns":8.0},{"damage":0.0,"enemies":"3 Louse","floor":12.0,"turns":2.0},{"damage":3.0,"enemies":"Large Slime","floor":13.0,"turns":5.0},{"damage":19.0,"enemies":"Gremlin Nob","floor":14.0,"turns":5.0},{"damage":20.0,"enemies":"Slime Boss","floor":16.0,"turns":8.0},{"damage":2.0,"enemies":"Chosen","floor":18.0,"turns":7.0},{"damage":9.0,"enemies":"2 Thieves","floor":19.0,"turns":2.0},{"damage":12.0,"enemies":"Cultist and Chosen","floor":20.0,"turns":5.0},{"damage":18.0,"enemies":"Book of Stabbing","floor":23.0,"turns":5.0},{"damage":7.0,"enemies":"Snecko","floor":24.0,"turns":3.0},{"damage":14.0,"enemies":"Slavers","floor":28.0,"turns":2.0},{"damage":4.0,"enemies":"Centurion and Healer","floor":30.0,"turns":4.0},{"damage":23.0,"enemies":"Collector","floor":33.0,"turns":6.0},{"damage":16.0,"enemies":"3 Darklings","floor":35.0,"turns":5.0},{"damage":0.0,"enemies":"Mind Bloom Boss Battle","floor":37.0,"turns":6.0},{"damage":13.0,"enemies":"Orb Walker","floor":39.0,"turns":4.0},{"damage":4.0,"enemies":"Writhing Mass","floor":41.0,"turns":7.0},{"damage":0.0,"enemies":"Reptomancer","floor":46.0,"turns":4.0},{"damage":0,"enemies":"Spire Growth","floor":48,"turns":4},{"damage":11,"enemies":"Time Eater","floor":50,"turns":9}],"seed_played":"-6556667992155373140","potions_obtained":[{"floor":4.0,"key":"Explosive Potion"},{"floor":7.0,"key":"GhostInAJar"},{"floor":13.0,"key":"FearPotion"},{"floor":14.0,"key":"Weak Potion"},{"floor":16.0,"key":"Regen Potion"},{"floor":23.0,"key":"SteroidPotion"},{"floor":30.0,"key":"SmokeBomb"},{"floor":33.0,"key":"BlessingOfTheForge"},{"floor":39.0,"key":"Dexterity Potion"}],"is_trial":false,"path_per_floor":["M","$","M","M","$","R","E","?","T","E","?","M","M","E","R","B",null,"M","M","M","?","$","E","M","R","T","?","E","$","M","$","R","B",null,"M","?","?","?","M","R","M","$","T","?","$","E","R","M","R","B",null],"character_chosen":"THE_SILENT","items_purchased":["Footwork","Bag of Marbles","Tactician","Accuracy","Blur","Bag of Preparation","Orrery","Oddly Smooth Stone","Acrobatics","Lee\u0027s Waffle","Flash of Steel"],"campfire_rested":1,"item_purchase_floors":[2,5,5,5,5,22,22,22,29,29,45],"current_hp_per_floor":[62,62,62,53,53,53,33,32,32,26,26,26,23,9,30,15,56,54,45,53,53,53,35,28,28,28,28,19,77,73,77,77,54,71,55,55,55,55,42,42,38,53,53,53,68,68,68,68,68,62],"gold":74,"neow_bonus":"TRANSFORM_CARD","is_daily":false,"chose_seed":false,"campfire_upgraded":6,"win_rate":0.0,"timestamp":1610966497,"path_taken":["M","$","M","M","$","R","E","?","T","E","?","M","M","E","R","BOSS","M","?","M","?","$","E","M","R","T","?","E","$","M","$","R","BOSS","M","?","?","?","M","R","?","?","T","?","$","E","R","M","R","BOSS"],"items_purchased_type":["Card","Relic","Card","Card","Card","Relic","Relic","Relic","Card","Relic","Card"],"build_version":"2020-12-22","purchased_purges":5,"victory":true,"max_hp_per_floor":[70,70,70,70,70,70,70,70,70,70,70,70,70,70,70,70,70,70,70,70,70,70,70,70,70,70,70,70,77,77,77,77,77,77,77,73,73,73,73,73,73,73,73,73,73,73,73,73,73,73],"card_choices":[{"not_picked":["Sucker Punch","Calculated Gamble"],"picked":"Backflip","floor":1.0},{"not_picked":["Choke","Sucker Punch","Catalyst"],"picked":"SKIP","floor":3.0},{"not_picked":["Skewer","Acrobatics"],"picked":"Blade Dance","floor":4.0},{"not_picked":["Backstab","Concentrate","Heel Hook"],"picked":"SKIP","floor":7.0},{"not_picked":["Bouncing Flask","Distraction"],"picked":"Dagger Spray","floor":10.0},{"not_picked":["Sucker Punch","PiercingWail"],"picked":"Crippling Poison","floor":12.0},{"not_picked":["Underhanded Strike","Backstab"],"picked":"Reflex","floor":13.0},{"not_picked":["Finisher","Noxious Fumes","Bouncing Flask"],"picked":"SKIP","floor":14.0},{"not_picked":["Storm of Steel","Wraith Form v2"],"picked":"Corpse Explosion","floor":16.0},{"not_picked":["Expertise","PiercingWail"],"picked":"Acrobatics","floor":18.0},{"not_picked":["Riddle With Holes","Blur"],"picked":"Well Laid Plans","floor":19.0},{"not_picked":["Cloak And Dagger","Leg Sweep","Underhanded Strike+1"],"picked":"SKIP","floor":20.0},{"not_picked":["Choke","Escape Plan+1"],"picked":"Blade Dance","floor":22.0},{"not_picked":["Dagger Throw","Crippling Poison","Dagger Spray+1"],"picked":"SKIP","floor":23.0},{"not_picked":["Predator","Terror"],"picked":"Cloak And Dagger+1","floor":24.0},{"not_picked":["Outmaneuver","Eviscerate"],"picked":"A Thousand Cuts","floor":28.0},{"not_picked":["Deadly Poison","Dagger Spray","Underhanded Strike"],"picked":"SKIP","floor":30.0},{"not_picked":["Venomology","Die Die Die"],"picked":"Malaise","floor":33.0},{"not_picked":["Poisoned Stab+1","Underhanded Strike","Acrobatics"],"picked":"SKIP","floor":35.0},{"not_picked":["Dagger Throw+1","Acrobatics"],"picked":"PiercingWail+1","floor":37.0},{"not_picked":["Heel Hook","Blur"],"picked":"Prepared+1","floor":39.0},{"not_picked":["Flechettes","Accuracy+1","Finisher"],"picked":"SKIP","floor":41.0},{"not_picked":["Blur+1","Underhanded Strike","Dash"],"picked":"SKIP","floor":46.0},{"not_picked":["Predator","Catalyst+1","Slice"],"picked":"SKIP","floor":48}],"player_experience":475894,"relics_obtained":[{"floor":7.0,"key":"Toy Ornithopter"},{"floor":8.0,"key":"Odd Mushroom"},{"floor":9.0,"key":"Happy Flower"},{"floor":10.0,"key":"Du-Vu Doll"},{"floor":14.0,"key":"Anchor"},{"floor":23.0,"key":"MealTicket"},{"floor":26.0,"key":"Orichalcum"},{"floor":28.0,"key":"The Courier"},{"floor":37.0,"key":"The Specimen"},{"floor":43.0,"key":"War Paint"},{"floor":46.0,"key":"Dream Catcher"}],"event_choices":[{"damage_healed":0.0,"max_hp_gain":0.0,"max_hp_loss":0.0,"gold_gain":0.0,"event_name":"Mushrooms","player_choice":"Fought Mushrooms","floor":8.0,"gold_loss":0.0,"damage_taken":0.0},{"cards_removed":["Defend_G"],"damage_healed":0.0,"max_hp_gain":0.0,"max_hp_loss":0.0,"gold_gain":0.0,"event_name":"Bonfire Elementals","player_choice":"Offered Basic","floor":11.0,"gold_loss":0.0,"damage_taken":0.0},{"damage_healed":0.0,"max_hp_gain":0.0,"max_hp_loss":0.0,"gold_gain":0.0,"event_name":"Ghosts","player_choice":"Ignored","floor":21.0,"gold_loss":0.0,"damage_taken":0.0},{"damage_healed":0.0,"max_hp_gain":0.0,"max_hp_loss":0.0,"gold_gain":0.0,"event_name":"The Mausoleum","player_choice":"Ignored","floor":27.0,"gold_loss":0.0,"damage_taken":0.0},{"damage_healed":0.0,"max_hp_gain":0.0,"max_hp_loss":4.0,"gold_gain":0.0,"event_name":"Winding Halls","player_choice":"Max HP","floor":36.0,"gold_loss":0.0,"damage_taken":0.0},{"damage_healed":0.0,"max_hp_gain":0.0,"max_hp_loss":0.0,"gold_gain":0.0,"event_name":"MindBloom","player_choice":"Fight","floor":37.0,"gold_loss":0.0,"damage_taken":0.0},{"damage_healed":0.0,"max_hp_gain":0.0,"max_hp_loss":0.0,"gold_gain":0.0,"event_name":"Tomb of Lord Red Mask","player_choice":"Ignored","floor":38.0,"gold_loss":0.0,"damage_taken":0.0},{"damage_healed":0.0,"max_hp_gain":0.0,"max_hp_loss":0.0,"gold_gain":0.0,"event_name":"The Woman in Blue","player_choice":"Bought 0 Potions","floor":44.0,"gold_loss":0.0,"damage_taken":0.0}],"is_beta":false,"boss_relics":[{"not_picked":["Ectoplasm","Coffee Dripper"],"picked":"SlaversCollar"},{"not_picked":["Philosopher\u0027s Stone","Runic Dome"],"picked":"Empty Cage"}],"items_purged_floors":[2,5,22,29,42],"is_endless":false,"potions_floor_spawned":[4,7,13,14,16,23,30,33,35,39,46],"ascension_level":10}}