{"host":"k2mw1od0xoi9pcfj","time":1610943386,"event":{"mods":["Act Like it!","Aspiration","BaseMod","Downfall","Energized Spire","Highlight Path","Minty Spire (QoL Compilation)","Relic Stats","Retaliation","StSLib","TheHeartMod"],"gold_per_floor":[109,184,203,203,218,250,270,290,341,374,549,64,64,79,79,182,182,200,200,200,212,228,261,261,290,314,349,349,448,448,373,373,477,477,492,542,558,574,574,574,586,616,616,616,666,701,383,409,409,409,409,409,37,66,66],"floor_reached":56,"language":"ENG","playtime":2766,"items_purged":["Pain"],"score":1554,"play_id":"17889aaf-9b68-4c80-85bc-daf13326a891","local_time":"20210117221626","is_ascension_mode":true,"campfire_choices":[{"floor":13,"key":"RECALL"},{"data":"DDmod:PokeAttack","floor":15,"key":"SMITH"},{"data":"Infernal Blade","floor":30,"key":"SMITH"},{"data":"DDmod:UnstoppableAttack","floor":32,"key":"SMITH"},{"data":"Armaments","floor":40,"key":"SMITH"},{"data":"1","floor":49,"key":"LIFT"},{"data":"2","floor":52,"key":"LIFT"}],"circlet_count":0,"master_deck":["Strike_R","Strike_R","Strike_R","Strike_R","Strike_R","Defend_R","Defend_R","Defend_R","Defend_R","Bash","Heavy Blade","DDmod:SpikeMailSkill","DDmod:SpikedSkill","DDmod:UnstoppableAttack+1","Whirlwind","Feel No Pain","Infernal Blade+1","DDmod:PokeAttack+1","Metallicize","Metallicize+1","DDmod:PokeAttack","DDmod:PokeAttack+1","DDmod:SpikeMailSkill","Limit Break","Anger","Ghostly Armor","Iron Wave+1","Pummel","Thunderclap","Feel No Pain","Armaments+1","Anger+1","DDmod:SpikedSkill","DDmod:PokeAttack+1","Shrug It Off+1","True Grit+1","Reaper","Juggernaut","Bludgeon","Feel No Pain+1","True Grit","Reckless Charge","Havoc","DDmod:PokeAttack","True Grit","Clash+1","Searing Blow","Blood for Blood","DDmod:UnstoppableAttack+1","DDmod:RapidStrikeAttack+1","Havoc"],"relics":["aspiration:PoetsPen_weak","WarpedTongs","Boot","Red Skull","Bottled Flame","Kunai","Sling","aspiration:SecretTechniqueScroll","aspiration:Stabinomicon","aspiration:FetidBarrel","Bag of Marbles","aspiration:RitualStick","Nunchaku","Singing Bowl","energizedSpire:StickyHand","Unceasing Top","Gambling Chip","The Courier","DDmod:BarbedSlagRelic","Girya","Bronze Scales","aspiration:Lifesprig","Brimstone","Omamori","ClockworkSouvenir","Happy Flower","Lantern","Toy Ornithopter"],"acts_visited":["Exordium","TheCity","TheBeyond","TheEnding"],"potions_floor_usage":[23,55],"damage_taken":[{"damage":1,"enemies":"Jaw Worm","floor":1,"turns":3},{"damage":5,"enemies":"Small Slimes","floor":3,"turns":3},{"damage":4,"enemies":"Cultist","floor":5,"turns":2},{"damage":8,"enemies":"Gremlin Nob","floor":6,"turns":3},{"damage":2,"enemies":"Exordium Wildlife","floor":7,"turns":3},{"damage":22,"enemies":"3 Louse","floor":8,"turns":3},{"damage":16,"enemies":"Lagavulin","floor":10,"turns":5},{"damage":1,"enemies":"Exordium Thugs","floor":14,"turns":3},{"damage":6,"enemies":"Hexaghost","floor":16,"turns":8},{"damage":0,"enemies":"Chosen","floor":18,"turns":3},{"damage":0,"enemies":"3 Byrds","floor":21,"turns":4},{"damage":0,"enemies":"Cultist and Chosen","floor":22,"turns":5},{"damage":7,"enemies":"Gremlin Leader","floor":23,"turns":2},{"damage":12,"enemies":"Book of Stabbing","floor":25,"turns":2},{"damage":16,"enemies":"Slavers","floor":27,"turns":3},{"damage":9,"enemies":"Champ","floor":33,"turns":4},{"damage":9,"enemies":"3 Darklings","floor":35,"turns":2},{"damage":0,"enemies":"Mind Bloom Boss Battle","floor":36,"turns":1},{"damage":0,"enemies":"Orb Walker","floor":37,"turns":1},{"damage":0,"enemies":"Transient","floor":38,"turns":5},{"damage":0,"enemies":"Jaw Worm Horde","floor":41,"turns":2},{"damage":0,"enemies":"Nemesis","floor":42,"turns":1},{"damage":14,"enemies":"2 Orb Walkers","floor":45,"turns":2},{"damage":7,"enemies":"Giant Head","floor":46,"turns":3},{"damage":0,"enemies":"Reptomancer","floor":48,"turns":2},{"damage":52,"enemies":"Awakened One","floor":50,"turns":4},{"damage":0,"enemies":"Shield and Spear","floor":54,"turns":1},{"damage":76,"enemies":"The Heart","floor":55,"turns":4}],"seed_played":"4467233373517991450","potions_obtained":[{"floor":3,"key":"champ:CounterPotion"},{"floor":8,"key":"ColorlessPotion"},{"floor":10,"key":"SpeedPotion"},{"floor":21,"key":"SmokeBomb"},{"floor":22,"key":"BlessingOfTheForge"},{"floor":25,"key":"LiquidBronze"},{"floor":35,"key":"Fire Potion"},{"floor":37,"key":"Regen Potion"}],"is_trial":false,"path_per_floor":["M","?","M","?","M","E","M","M","T","E","?","$","R","M","R","B",null,"M","?","?","M","M","E","?","E","T","E","?","?","R","?","R","B",null,"M","?","M","M","?","R","M","E","T","?","?","E","$","E","R","B",null,"R","$","E","B",null],"character_chosen":"IRONCLAD","items_purchased":["Kunai","Sling","aspiration:Lifesprig","Brimstone","DDmod:PokeAttack","True Grit","ClockworkSouvenir","Happy Flower","Lantern"],"campfire_rested":0,"item_purchase_floors":[12,12,47,47,47,47,53,53,53],"current_hp_per_floor":[79,68,63,63,59,51,53,35,35,26,26,26,26,32,32,38,80,80,64,64,68,80,73,57,45,45,48,48,48,48,48,48,67,82,73,73,73,82,82,82,84,84,84,84,84,86,86,86,86,86,86,86,86,86,77],"gold":66,"neow_bonus":"BOSS_RELIC","is_daily":false,"chose_seed":false,"campfire_upgraded":4,"win_rate":0.0,"timestamp":1610943386,"path_taken":["M","?","M","?","?","E","M","M","T","E","?","$","R","M","R","BOSS","M","?","?","?","M","E","?","E","T","E","?","?","R","?","R","BOSS","M","?","M","M","?","R","?","E","T","?","?","E","$","E","R","BOSS","R","$","E","BOSS"],"items_purchased_type":["Relic","Relic","Relic","Relic","Card","Card","Relic","Relic","Relic"],"build_version":"2020-12-22","purchased_purges":1,"victory":true,"max_hp_per_floor":[80,80,80,80,80,80,80,80,80,80,80,80,80,80,80,80,80,80,80,80,80,80,80,80,80,80,82,82,82,82,82,82,82,82,82,82,82,82,82,82,84,84,84,84,84,86,86,86,86,86,86,86,86,86,86],"relic_stats":{"Singing Bowl":6,"Happy Flower":[1],"counters":[28,84],"Boot":[160],"aspiration:RitualStick":[0],"WarpedTongs":[78],"Nunchaku":[16],"Gambling Chip":[6],"Bronze Scales":[45],"Kunai":[60],"obtain_stats":[{"aspiration:Lifesprig":47,"Lantern":53,"Singing Bowl":27,"aspiration:PoetsPen_weak":0,"aspiration:Stabinomicon":19,"Boot":6,"Sling":12,"Burning Blood":0,"aspiration:RitualStick":24,"ClockworkSouvenir":53,"Nunchaku":25,"Gambling Chip":42,"Kunai":12,"Red Skull":9,"Girya":45,"Happy Flower":53,"aspiration:FetidBarrel":20,"The Courier":43,"Omamori":48,"aspiration:SecretTechniqueScroll":17,"energizedSpire:StickyHand":34,"WarpedTongs":4,"Bottled Flame":10,"Brimstone":47,"Bronze Scales":46,"Bag of Marbles":23,"DDmod:BarbedSlagRelic":44,"Unceasing Top":36,"Toy Ornithopter":54},{"aspiration:Lifesprig":24,"Lantern":26,"Singing Bowl":15,"aspiration:PoetsPen_weak":0,"aspiration:Stabinomicon":10,"Boot":4,"Sling":7,"Burning Blood":0,"aspiration:RitualStick":13,"ClockworkSouvenir":26,"Nunchaku":14,"Gambling Chip":22,"Kunai":7,"Red Skull":6,"Girya":23,"Happy Flower":26,"aspiration:FetidBarrel":10,"The Courier":22,"Omamori":25,"aspiration:SecretTechniqueScroll":9,"energizedSpire:StickyHand":16,"WarpedTongs":2,"Bottled Flame":7,"Brimstone":24,"Bronze Scales":24,"Bag of Marbles":13,"DDmod:BarbedSlagRelic":22,"Unceasing Top":18,"Toy Ornithopter":27},{"aspiration:Lifesprig":73,"Lantern":79,"Singing Bowl":52,"aspiration:PoetsPen_weak":0,"aspiration:Stabinomicon":36,"Boot":11,"Sling":22,"Burning Blood":0,"aspiration:RitualStick":47,"ClockworkSouvenir":79,"Nunchaku":49,"Gambling Chip":68,"Kunai":22,"Red Skull":17,"Girya":70,"Happy Flower":79,"aspiration:FetidBarrel":36,"The Courier":68,"Omamori":75,"aspiration:SecretTechniqueScroll":33,"energizedSpire:StickyHand":56,"WarpedTongs":6,"Bottled Flame":22,"Brimstone":73,"Bronze Scales":73,"Bag of Marbles":47,"DDmod:BarbedSlagRelic":68,"Unceasing Top":59,"Toy Ornithopter":80}],"Unceasing Top":[9],"Toy Ornithopter":1},"card_choices":[{"not_picked":["Twin Strike","Thunderclap"],"picked":"Heavy Blade","floor":1},{"not_picked":["Armaments","Pommel Strike"],"picked":"DDmod:SpikeMailSkill","floor":3},{"not_picked":["Thunderclap","Seeing Red"],"picked":"DDmod:SpikedSkill","floor":5},{"not_picked":["Shrug It Off","DDmod:AllInSkill"],"picked":"DDmod:UnstoppableAttack","floor":6},{"not_picked":["Shrug It Off","Power Through"],"picked":"Whirlwind","floor":7},{"not_picked":["Pummel","Power Through"],"picked":"Feel No Pain","floor":8},{"not_picked":["Battle Trance","Havoc"],"picked":"Infernal Blade","floor":10},{"not_picked":["Wild Strike","Combust"],"picked":"DDmod:PokeAttack","floor":14},{"not_picked":["Sword Boomerang","Havoc"],"picked":"Metallicize","floor":18},{"not_picked":["Wild Strike","Pommel Strike"],"picked":"Metallicize+1","floor":21},{"not_picked":["DDmod:UnstoppableAttack","Wild Strike"],"picked":"DDmod:PokeAttack","floor":22},{"not_picked":["DDmod:EasePowerCard","Warcry"],"picked":"DDmod:PokeAttack+1","floor":23},{"not_picked":["Intimidate","Cleave+1","Feel No Pain"],"picked":"SKIP","floor":25},{"not_picked":["Combust","Bloodletting","Feel No Pain"],"picked":"Singing Bowl","floor":27},{"not_picked":["Juggernaut","Feed"],"picked":"Limit Break","floor":33},{"not_picked":["Anger","Ghostly Armor"],"picked":"Iron Wave+1","floor":35},{"not_picked":["Pummel","Feel No Pain"],"picked":"Thunderclap","floor":36},{"not_picked":["Armaments","DDmod:SpikedSkill"],"picked":"Anger+1","floor":37},{"not_picked":["DDmod:PokeAttack+1","True Grit+1"],"picked":"Shrug It Off+1","floor":38},{"not_picked":["DDmod:CallousedSkill","Dropkick+1","Evolve+1"],"picked":"Singing Bowl","floor":41},{"not_picked":["Juggernaut","Feel No Pain+1"],"picked":"Bludgeon","floor":42},{"not_picked":["True Grit","Havoc"],"picked":"Reckless Charge","floor":45},{"not_picked":["Thunderclap+1","Whirlwind","DDmod:EasePowerCard"],"picked":"Singing Bowl","floor":46},{"not_picked":["Searing Blow","Blood for Blood"],"picked":"Clash+1","floor":48},{"not_picked":["DDmod:UnstoppableAttack+1","Havoc"],"picked":"DDmod:RapidStrikeAttack+1","floor":54}],"player_experience":643300,"relics_obtained":[{"floor":6,"key":"Boot"},{"floor":9,"key":"Red Skull"},{"floor":10,"key":"Bottled Flame"},{"floor":19,"key":"aspiration:Stabinomicon"},{"floor":23,"key":"Bag of Marbles"},{"floor":25,"key":"Nunchaku"},{"floor":27,"key":"Singing Bowl"},{"floor":36,"key":"Unceasing Top"},{"floor":42,"key":"Gambling Chip"},{"floor":43,"key":"The Courier"},{"floor":45,"key":"Girya"},{"floor":46,"key":"Bronze Scales"},{"floor":48,"key":"Omamori"},{"floor":54,"key":"Toy Ornithopter"}],"event_choices":[{"damage_healed":0,"gold_gain":75,"player_choice":"Gather Gold","damage_taken":11,"max_hp_gain":0,"max_hp_loss":0,"event_name":"World of Goop","floor":2,"gold_loss":0},{"damage_healed":0,"gold_gain":0,"player_choice":"Rummage","damage_taken":0,"relics_obtained":["WarpedTongs"],"max_hp_gain":0,"max_hp_loss":0,"event_name":"Accursed Blacksmith","floor":4,"gold_loss":0,"cards_obtained":["Pain"]},{"damage_healed":0,"gold_gain":175,"player_choice":"AGREE","damage_taken":0,"max_hp_gain":0,"max_hp_loss":0,"event_name":"Liars Game","floor":11,"gold_loss":0,"cards_obtained":["Doubt"]},{"damage_healed":0,"gold_gain":0,"player_choice":"Obtained Book","damage_taken":16,"max_hp_gain":0,"max_hp_loss":0,"event_name":"Cursed Tome","floor":19,"gold_loss":0},{"damage_healed":0,"gold_gain":0,"player_choice":"Gave Potion","damage_taken":0,"relics_obtained":["aspiration:FetidBarrel"],"max_hp_gain":0,"max_hp_loss":0,"event_name":"WeMeetAgain","floor":20,"gold_loss":0},{"damage_healed":0,"gold_gain":0,"player_choice":"Read","damage_taken":0,"max_hp_gain":0,"max_hp_loss":0,"event_name":"The Library","floor":28,"gold_loss":0,"cards_obtained":["DDmod:SpikeMailSkill"]},{"damage_healed":0,"gold_gain":99,"player_choice":"Stole From Cult","damage_taken":0,"max_hp_gain":0,"max_hp_loss":0,"event_name":"Nest","floor":29,"gold_loss":0},{"cards_removed":["Doubt"],"damage_healed":0,"gold_gain":0,"player_choice":"Gave Gold","damage_taken":0,"max_hp_gain":0,"max_hp_loss":0,"event_name":"Beggar","floor":31,"gold_loss":75},{"damage_healed":0,"gold_gain":0,"player_choice":"Fight","damage_taken":0,"max_hp_gain":0,"max_hp_loss":0,"event_name":"MindBloom","floor":36,"gold_loss":0},{"damage_healed":0,"gold_gain":0,"player_choice":"1 cards matched","damage_taken":0,"max_hp_gain":0,"max_hp_loss":0,"event_name":"Match and Keep!","floor":39,"gold_loss":0,"cards_obtained":["Reaper"]},{"damage_healed":0,"gold_gain":0,"player_choice":"Fight","damage_taken":0,"max_hp_gain":0,"max_hp_loss":0,"event_name":"Mysterious Sphere","floor":45,"gold_loss":0}],"is_beta":false,"boss_relics":[{"not_picked":["Fusion Hammer","energizedSpire:DeadBattery"],"picked":"aspiration:SecretTechniqueScroll"},{"not_picked":["energizedSpire:MagnifyingGlass","energizedSpire:RedRose"],"picked":"energizedSpire:StickyHand"}],"items_purged_floors":[12],"is_endless":false,"potions_floor_spawned":[3,8,10,14,16,21,22,25,35,37,42,45,48,54],"ascension_level":1}}