{"host":"hzinic87vu8p95wn","time":1610976516,"event":{"mods":["BaseMod","Minty Spire (QoL Compilation)"],"gold_per_floor":[113,113,113,113,58,99,99,135,135,178,178,197,197,215,215,311,311,329,379,398,323,323,323,338,338,338,363,363,363,363,387,387,387,387],"floor_reached":33,"language":"ENG","playtime":2365,"items_purged":["Defend_B"],"score":676,"play_id":"04d21cc8-41a0-4cc3-af95-61e681ebfa80","local_time":"20210119002836","is_ascension_mode":true,"campfire_choices":[{"floor":7.0,"key":"REST"},{"data":"Glacier","floor":11.0,"key":"SMITH"},{"floor":15.0,"key":"REST"},{"floor":23.0,"key":"REST"},{"floor":32,"key":"REST"}],"circlet_count":0,"master_deck":["AscendersBane","Strike_B+1","Strike_B+1","Strike_B+1","Defend_B+1","Defend_B+1","Defend_B+1","Zap","Dualcast","Ball Lightning","Conserve Battery","Defragment","Glacier+1","Lockon","Glacier","Sweeping Beam","Electrodynamics","Compile Driver+1","Capacitor","Melter","Cold Snap","Redo+1"],"relics":["Cracked Core","NeowsBlessing","Golden Idol","Letter Opener","Regal Pillow","White Beast Statue","Bag of Preparation","Vajra","Nuclear Battery","Bottled Tornado","MutagenicStrength"],"acts_visited":["Exordium","TheCity"],"potions_floor_usage":[33],"damage_taken":[{"damage":0.0,"enemies":"2 Louse","floor":1.0,"turns":1.0},{"damage":0.0,"enemies":"3 Sentries","floor":6.0,"turns":1.0},{"damage":0.0,"enemies":"Gremlin Nob","floor":8.0,"turns":1.0},{"damage":0.0,"enemies":"3 Sentries","floor":10.0,"turns":10.0},{"damage":8.0,"enemies":"Small Slimes","floor":12.0,"turns":3.0},{"damage":0.0,"enemies":"Jaw Worm","floor":14.0,"turns":3.0},{"damage":37.0,"enemies":"Hexaghost","floor":16.0,"turns":11.0},{"damage":3.0,"enemies":"Shell Parasite","floor":18.0,"turns":8.0},{"damage":10.0,"enemies":"2 Thieves","floor":20.0,"turns":3.0},{"damage":6.0,"enemies":"Shelled Parasite and Fungi","floor":24.0,"turns":5.0},{"damage":0.0,"enemies":"Book of Stabbing","floor":25.0,"turns":1.0},{"damage":20.0,"enemies":"Snake Plant","floor":27.0,"turns":5.0},{"damage":4,"enemies":"Cultist and Chosen","floor":31,"turns":4},{"damage":89,"enemies":"Champ","floor":33,"turns":16}],"seed_played":"-3002696159685525857","potions_obtained":[{"floor":6.0,"key":"SkillPotion"},{"floor":10.0,"key":"LiquidBronze"},{"floor":12.0,"key":"DuplicationPotion"},{"floor":16.0,"key":"DuplicationPotion"},{"floor":18.0,"key":"Energy Potion"},{"floor":20.0,"key":"Energy Potion"},{"floor":24.0,"key":"SmokeBomb"},{"floor":27.0,"key":"GamblersBrew"},{"floor":31,"key":"SpeedPotion"}],"is_trial":false,"path_per_floor":["M","?","?","?","$","E","R","E","T","E","R","M","T","M","R","B",null,"M","?","M","$","?","R","M","E","T","M","?","?","?","M","R","B"],"character_chosen":"DEFECT","items_purchased":["Conserve Battery"],"campfire_rested":4,"item_purchase_floors":[5],"current_hp_per_floor":[64,64,40,33,33,33,54,54,54,54,54,46,46,46,71,34,62,59,59,49,49,49,71,65,65,65,45,45,45,45,41,71,0,0],"gold":387,"neow_bonus":"THREE_ENEMY_KILL","is_daily":false,"chose_seed":false,"campfire_upgraded":1,"win_rate":0.0,"timestamp":1610976516,"path_taken":["M","?","?","?","$","E","R","E","T","E","R","M","?","M","R","BOSS","M","?","M","$","?","R","M","E","T","?","?","?","?","?","R","BOSS"],"items_purchased_type":["Card"],"build_version":"2020-12-22","purchased_purges":1,"victory":false,"max_hp_per_floor":[71,71,71,71,71,71,71,71,71,71,71,71,71,71,71,71,71,71,71,71,71,71,71,71,71,71,71,71,71,71,71,71,71,71],"card_choices":[{"not_picked":["Steam Power","Leap"],"picked":"Ball Lightning","floor":1.0},{"not_picked":["Compile Driver","Coolheaded"],"picked":"Defragment","floor":6.0},{"not_picked":["Go for the Eyes","Auto Shields"],"picked":"Glacier","floor":8.0},{"not_picked":["Stack","FTL"],"picked":"Lockon","floor":10.0},{"not_picked":["Coolheaded","Hello World"],"picked":"Glacier","floor":12.0},{"not_picked":["White Noise","Rebound"],"picked":"Sweeping Beam","floor":14.0},{"not_picked":["Biased Cognition","Reboot"],"picked":"Electrodynamics","floor":16.0},{"not_picked":["Stack","Beam Cell","Coolheaded"],"picked":"SKIP","floor":18.0},{"not_picked":["Force Field","Turbo"],"picked":"Compile Driver+1","floor":20.0},{"not_picked":["Turbo","Coolheaded"],"picked":"Melter","floor":24.0},{"not_picked":["Conserve Battery","FTL"],"picked":"Cold Snap","floor":27.0},{"not_picked":["Barrage","Meteor Strike"],"picked":"Redo+1","floor":31}],"player_experience":1580392,"relics_obtained":[{"floor":6.0,"key":"Letter Opener"},{"floor":8.0,"key":"Regal Pillow"},{"floor":9.0,"key":"White Beast Statue"},{"floor":10.0,"key":"Bag of Preparation"},{"floor":13.0,"key":"Vajra"},{"floor":26.0,"key":"Bottled Tornado"}],"event_choices":[{"damage_healed":0.0,"max_hp_gain":0.0,"max_hp_loss":0.0,"gold_gain":0.0,"event_name":"Scrap Ooze","player_choice":"Fled","floor":2.0,"gold_loss":0.0,"damage_taken":0.0},{"damage_healed":0.0,"max_hp_gain":0.0,"max_hp_loss":0.0,"gold_gain":0.0,"event_name":"Golden Idol","player_choice":"Take Damage","floor":3.0,"gold_loss":0.0,"damage_taken":24.0,"relics_obtained":["Golden Idol"]},{"cards_removed":["Strike_B"],"damage_healed":0.0,"max_hp_gain":0.0,"max_hp_loss":0.0,"gold_gain":0.0,"event_name":"Golden Wing","player_choice":"Card Removal","floor":4.0,"gold_loss":0.0,"damage_taken":7.0},{"damage_healed":0.0,"max_hp_gain":0.0,"max_hp_loss":0.0,"gold_gain":50.0,"event_name":"Nest","player_choice":"Stole From Cult","floor":19.0,"gold_loss":0.0,"damage_taken":0.0},{"damage_healed":0.0,"max_hp_gain":0.0,"max_hp_loss":0.0,"gold_gain":0.0,"event_name":"Match and Keep!","player_choice":"1 cards matched","floor":22.0,"gold_loss":0.0,"damage_taken":0.0,"cards_obtained":["Capacitor"]},{"damage_healed":0.0,"max_hp_gain":0.0,"max_hp_loss":0.0,"gold_gain":0.0,"event_name":"Back to Basics","player_choice":"Simplicity","floor":28.0,"gold_loss":0.0,"damage_taken":0.0,"cards_upgraded":["Strike_B","Strike_B","Strike_B","Defend_B","Defend_B","Defend_B"]},{"damage_healed":0,"gold_gain":0,"player_choice":"Inject Mutagens","damage_taken":0,"relics_obtained":["MutagenicStrength"],"max_hp_gain":0,"max_hp_loss":0,"event_name":"Drug Dealer","floor":29,"gold_loss":0},{"damage_healed":0,"gold_gain":0,"player_choice":"Ignored","damage_taken":0,"max_hp_gain":0,"max_hp_loss":0,"event_name":"Ghosts","floor":30,"gold_loss":0}],"is_beta":false,"boss_relics":[{"not_picked":["Coffee Dripper","Cursed Key"],"picked":"Nuclear Battery"}],"items_purged_floors":[21],"is_endless":false,"potions_floor_spawned":[6,10,12,14,16,18,20,24,25,27,31],"killed_by":"Champ","ascension_level":18}}