{"host":"qjjo2tl9lbhe5pjm","time":1610932583,"event":{"mods":["Act Like it!","Aspiration","BaseMod","Better Third Choice","BetterRewards","Challenge The Spire","Conspire","Energized Spire","GifTheSpireLib","Halation","HexUI Lib","Hubris","Infinite Spire","Minty Spire (QoL Compilation)","Pale of the Ancients","Replay The Spire","Shop Mod","StSLib","Stuff the Spire","SuperFastMode","Synergy Search","The Jungle"],"gold_per_floor":[114,129,144,159,174,204,204,324,324,339,114,129,144,159,159,259,259,274,289,304,277,292,412,412,412,412],"floor_reached":25,"language":"ENG","playtime":690,"items_purged":["hubris:ReadiedAction","Rampage"],"score":366,"play_id":"e8aac42d-8feb-4ce5-abf9-2d1ee3ff39f4","local_time":"20210117191623","daily_mods":["Draft","Flight","Lethality"],"is_ascension_mode":false,"campfire_choices":[{"data":"Armaments","floor":7,"key":"SMITH"}],"circlet_count":0,"master_deck":["Armaments+1","Flex","Pommel Strike+1","Sword Boomerang","Sword Boomerang","Replay:Undeath\u0027s Touch","hubris:ReadiedAction","Thunderclap","StuffTheSpire:RockThrow","Clothesline","StuffTheSpire:RockThrow","Headbutt","Sword Boomerang","Replay:Undeath\u0027s Touch","StuffTheSpire:Slingshot","Pot Of Greed","Pot Of Greed","StuffTheSpire:Slingshot","Headbutt","ReplayTheSpireMod:Limb From Limb","Exhume","ReplayTheSpireMod:Strike From Hell","Bite","Bite","Bite","Bite","Bite"],"relics":["Burning Blood","StuffTheSpire:TintedRock","MerchantsRug","StuffTheSpire:Kangaroo","Bottled Lightning"],"acts_visited":["Exordium","TheCity"],"potions_floor_usage":[8],"damage_taken":[{"damage":0,"enemies":"Cultist","floor":1,"turns":1},{"damage":0,"enemies":"2 Louse","floor":2,"turns":1},{"damage":8,"enemies":"conspire:RoseBush","floor":3,"turns":1},{"damage":16,"enemies":"conspire:2 RoseBushes","floor":4,"turns":1},{"damage":0,"enemies":"Blue Slaver","floor":5,"turns":1},{"damage":0,"enemies":"Gremlin Nob","floor":6,"turns":2},{"damage":0,"enemies":"Lagavulin","floor":8,"turns":2},{"damage":0,"enemies":"Looter","floor":10,"turns":1},{"damage":0,"enemies":"Large Slime","floor":12,"turns":2},{"damage":3,"enemies":"Gremlin Gang","floor":13,"turns":2},{"damage":0,"enemies":"Looter","floor":14,"turns":1},{"damage":0,"enemies":"Fading Forest","floor":16,"turns":11},{"damage":24,"enemies":"conspire:FuzzyDice","floor":18,"turns":2},{"damage":16,"enemies":"Chosen","floor":19,"turns":2},{"damage":0,"enemies":"Snecko","floor":20,"turns":2},{"damage":0,"enemies":"Centurion and Healer","floor":22,"turns":2},{"damage":24,"enemies":"Replay:Snechameleon","floor":23,"turns":2}],"seed_played":"-1283480827410872575","potions_obtained":[{"floor":1,"key":"SkillPotion"},{"floor":3,"key":"Regen Potion"},{"floor":6,"key":"Ancient Potion"},{"floor":14,"key":"Milkshake"},{"floor":16,"key":"Block Potion"},{"floor":19,"key":"Strength Potion"},{"floor":20,"key":"Energy Potion"}],"is_trial":false,"path_per_floor":["M","M","M","M","M","E","R","E","T","M","$","M","M","M","R","B",null,"M","M","M","$","M","E","?","R"],"character_chosen":"IRONCLAD","items_purchased":["MerchantsRug"],"campfire_rested":0,"item_purchase_floors":[11],"current_hp_per_floor":[80,80,78,68,74,80,80,80,80,80,80,80,80,80,80,80,80,62,52,58,58,64,46,46,46,46],"gold":412,"neow_bonus":"","is_daily":true,"chose_seed":false,"campfire_upgraded":1,"win_rate":0.0,"timestamp":1610932583,"path_taken":["M","M","M","M","M","E","R","E","T","?","$","M","M","M","R","BOSS","M","M","M","$","M","E","?","R"],"items_purchased_type":["Relic"],"build_version":"2020-12-22","purchased_purges":2,"victory":false,"max_hp_per_floor":[80,80,80,80,80,80,80,80,80,80,80,80,80,80,80,80,80,80,80,80,80,80,80,56,56,56],"card_choices":[{"not_picked":["hubris:CleavingFinish","Iron Wave"],"picked":"Armaments","floor":0},{"not_picked":["Blood for Blood","Thunderclap"],"picked":"Flex","floor":0},{"not_picked":["Cleave","Clothesline"],"picked":"hubris:ReadiedAction","floor":0},{"not_picked":["StuffTheSpire:Incineration","Iron Wave"],"picked":"Pommel Strike","floor":0},{"not_picked":["infinitespire:OneForAll","Clash"],"picked":"Sword Boomerang","floor":0},{"not_picked":["hubris:CleavingFinish","Cleave"],"picked":"Sword Boomerang","floor":0},{"not_picked":["Burning Pact","Iron Wave"],"picked":"Replay:Undeath\u0027s Touch","floor":0},{"not_picked":["Clothesline","Heavy Blade"],"picked":"hubris:ReadiedAction","floor":0},{"not_picked":["Anger","Iron Wave"],"picked":"Thunderclap","floor":0},{"not_picked":["Bloodletting","Pummel"],"picked":"StuffTheSpire:RockThrow","floor":0},{"not_picked":["ReplayReversal","Thunderclap"],"picked":"Clothesline","floor":0},{"not_picked":["StuffTheSpire:Incineration","Body Slam"],"picked":"StuffTheSpire:RockThrow","floor":0},{"not_picked":["Entrench","Searing Blow"],"picked":"Rampage","floor":0},{"not_picked":["StuffTheSpire:RagingBull","Anger"],"picked":"Headbutt","floor":0},{"not_picked":["Whirlwind","Clash"],"picked":"Sword Boomerang","floor":0},{"not_picked":["ReplayTheSpireMod:Strike From Hell","Iron Wave"],"picked":"Replay:Undeath\u0027s Touch","floor":1},{"not_picked":["hubris:SharpeningStone","Pommel Strike"],"picked":"StuffTheSpire:Slingshot","floor":2},{"not_picked":["Shrug It Off","Wild Strike","Dropkick"],"picked":"SKIP","floor":3},{"not_picked":["Rampage","infinitespire:OneForAll","Demon Form"],"picked":"SKIP","floor":4},{"not_picked":["StuffTheSpire:BloodClot","Body Slam","ReplayTheSpireMod:Strike From Hell"],"picked":"SKIP","floor":5},{"not_picked":["Disarm","Reckless Charge","Anger"],"picked":"SKIP","floor":6},{"not_picked":["Heavy Blade","Dual Wield","Clothesline"],"picked":"SKIP","floor":8},{"not_picked":["conspire:ExplosiveBarrier","ReplayTheSpireMod:Strike From Hell"],"picked":"StuffTheSpire:Slingshot","floor":10},{"not_picked":["ReplayTheSpireMod:Corrosion Curse","hubris:ReadiedAction","Rupture"],"picked":"SKIP","floor":12},{"not_picked":["Corruption","Clash"],"picked":"Headbutt","floor":13},{"not_picked":["Perfected Strike","Flex"],"picked":"ReplayTheSpireMod:Limb From Limb","floor":14},{"not_picked":["Corruption","Immolate"],"picked":"Exhume","floor":16},{"not_picked":["ReplayTheSpireMod:Muscle Training","Run Through"],"picked":"ReplayTheSpireMod:Strike From Hell","floor":18},{"not_picked":["Fire Breathing+1","Clash","Headbutt"],"picked":"SKIP","floor":19},{"not_picked":["Barricade","Pommel Strike","ReplayTheSpireMod:LeadingStrike"],"picked":"SKIP","floor":20},{"not_picked":["Searing Blow","Perfected Strike+1","hubris:ReadiedAction"],"picked":"SKIP","floor":22},{"not_picked":["Clothesline+1","Shrug It Off","StuffTheSpire:RockThrow"],"picked":"SKIP","floor":23}],"player_experience":672536,"relics_obtained":[{"floor":6,"key":"StuffTheSpire:TintedRock"},{"floor":8,"key":"Grinning Jar"},{"floor":9,"key":"Replay:Rubber Ducky"},{"floor":23,"key":"Bottled Lightning"}],"event_choices":[{"damage_healed":0,"gold_gain":0,"player_choice":"Became a vampire","damage_taken":0,"max_hp_gain":0,"max_hp_loss":24,"event_name":"Vampires","floor":24,"gold_loss":0,"cards_obtained":["Bite","Bite","Bite","Bite","Bite"]}],"is_beta":false,"boss_relics":[{"not_picked":["Velvet Choker","halation:Yufonium"],"picked":"StuffTheSpire:Kangaroo"}],"items_purged_floors":[11,21],"is_endless":false,"potions_floor_spawned":[1,3,6,14,16,19,20,23],"ascension_level":0}}