{"host":"qrbkigq52dd42dk0","time":1610977792,"event":{"mods":["AchievementEnabler","BaseMod","Colored Map","Colored Powertips","Minty Spire (QoL Compilation)","Quick Restart","StSLib","SuperFastMode","The IronCluck"],"gold_per_floor":[114,114,114,128,141,169,169,199,199,199,199,211,189,199,199,199,199],"floor_reached":16,"language":"ENG","playtime":279,"items_purged":[],"score":176,"play_id":"1fb2b348-5e19-4c94-b363-e2783d5d34a1","local_time":"20210118144952","is_ascension_mode":true,"campfire_choices":[{"data":"Armaments","floor":7.0,"key":"SMITH"},{"floor":10,"key":"REST"},{"floor":15,"key":"REST"}],"circlet_count":0,"master_deck":["AscendersBane","Strike_R","Strike_R","Strike_R+1","Strike_R+1","Defend_R","Defend_R","Defend_R","Defend_R","Bash+1","Armaments+1","Uppercut"],"relics":["Burning Blood","NeowsBlessing","Potion Belt","Sundial"],"acts_visited":["Exordium"],"potions_floor_usage":[8,14,14],"damage_taken":[{"damage":0.0,"enemies":"2 Louse","floor":1.0,"turns":1.0},{"damage":0.0,"enemies":"Cultist","floor":4.0,"turns":1.0},{"damage":0.0,"enemies":"Small Slimes","floor":5.0,"turns":1.0},{"damage":32.0,"enemies":"Gremlin Nob","floor":6.0,"turns":4.0},{"damage":45,"enemies":"Lagavulin","floor":8,"turns":8},{"damage":7,"enemies":"3 Louse","floor":12,"turns":4},{"damage":18,"enemies":"Large Slime","floor":14,"turns":6},{"damage":37,"enemies":"Slime Boss","floor":16,"turns":9}],"seed_played":"5713808047540175912","potions_obtained":[{"floor":6.0,"key":"Swift Potion"},{"floor":12,"key":"LiquidMemories"},{"floor":14,"key":"Fruit Juice"}],"is_trial":false,"path_per_floor":["M","?","?","M","M","E","R","E","T","R","?","M","?","M","R","B"],"character_chosen":"IRONCLAD","items_purchased":[],"campfire_rested":2,"item_purchase_floors":[],"current_hp_per_floor":[78,62,62,68,74,48,48,9,9,33,26,25,25,18,43,6,6],"gold":199,"neow_bonus":"THREE_ENEMY_KILL","is_daily":false,"chose_seed":false,"campfire_upgraded":1,"win_rate":0.0,"timestamp":1610977792,"path_taken":["M","?","?","M","?","E","R","E","T","R","?","M","?","M","R","BOSS"],"items_purchased_type":[],"build_version":"2020-12-22","purchased_purges":0,"victory":false,"max_hp_per_floor":[80,80,80,80,80,80,80,80,80,80,80,80,80,85,85,85,85],"card_choices":[{"not_picked":["Clash","Anger","Iron Wave"],"picked":"SKIP","floor":1.0},{"not_picked":["Clash","Thunderclap","Warcry"],"picked":"SKIP","floor":4.0},{"not_picked":["Wild Strike","Sentinel","Combust"],"picked":"SKIP","floor":5.0},{"not_picked":["Hemokinesis","Sword Boomerang"],"picked":"Armaments","floor":6.0},{"not_picked":["Clash","Twin Strike","Power Through"],"picked":"SKIP","floor":8},{"not_picked":["Seeing Red","Sever Soul"],"picked":"Uppercut","floor":12},{"not_picked":["Sentinel","Anger","True Grit"],"picked":"SKIP","floor":14}],"player_experience":167486,"relics_obtained":[{"floor":6.0,"key":"Potion Belt"},{"floor":8,"key":"Sundial"}],"event_choices":[{"damage_healed":0.0,"max_hp_gain":0.0,"max_hp_loss":0.0,"gold_gain":0.0,"event_name":"Shining Light","player_choice":"Entered Light","floor":2.0,"gold_loss":0.0,"damage_taken":16.0,"cards_upgraded":["Bash","Strike_R"]},{"damage_healed":0.0,"max_hp_gain":0.0,"max_hp_loss":0.0,"gold_gain":0.0,"event_name":"Upgrade Shrine","player_choice":"Upgraded","floor":3.0,"gold_loss":0.0,"damage_taken":0.0,"cards_upgraded":["Strike_R"]},{"cards_removed":["Strike_R"],"damage_healed":0,"gold_gain":0,"player_choice":"Card Removal","damage_taken":7,"max_hp_gain":0,"max_hp_loss":0,"event_name":"Golden Wing","floor":11,"gold_loss":0},{"damage_healed":0,"gold_gain":0,"player_choice":"Left Gold","damage_taken":0,"max_hp_gain":0,"max_hp_loss":0,"event_name":"World of Goop","floor":13,"gold_loss":22}],"is_beta":false,"boss_relics":[],"items_purged_floors":[],"is_endless":false,"potions_floor_spawned":[6,12,14],"killed_by":"Slime Boss","ascension_level":12}}