{"host":"vlqejv0notyktumz","time":1610929229,"event":{"mods":["AchievementEnabler","BaseMod","Colored Map","Colored Powertips","Downfall","Googly Eyes","Minty Spire (QoL Compilation)","StSLib"],"gold_per_floor":[114,69,19,19,19,19,52,66,66,77,77,92,92,102,102,207,207,225,68,78,92,92,92,127,127,127,3,3,3,3,103,103,103,103],"floor_reached":33,"language":"ENG","playtime":669,"items_purged":["Strike_B","Strike_B"],"score":403,"play_id":"ce0077c0-9e79-49e7-967a-ed4396a06484","local_time":"20210117182029","is_ascension_mode":true,"campfire_choices":[{"data":"Zap","floor":6,"key":"SMITH"},{"floor":13,"key":"DIG"},{"floor":15,"key":"REST"},{"floor":23,"key":"REST"},{"floor":25,"key":"DIG"},{"floor":29,"key":"DIG"},{"floor":32,"key":"DIG"}],"circlet_count":0,"master_deck":["Strike_B+1","Defend_B","Defend_B","Defend_B","Zap+1","Dualcast","Capacitor","Leap+1","Biased Cognition","Sweeping Beam","Go for the Eyes","Auto Shields","Ball Lightning","Gash","Amplify","Barrage","Hello World","White Noise","Redo","Doom and Gloom+1","Gash","Ball Lightning"],"relics":["Cracked Core","NeowsBlessing","Shovel","Eternal Feather","Dream Catcher","Sozu","Ornamental Fan","Toxic Egg 2","WingedGreaves","Pantograph","Bag of Preparation","MealTicket"],"acts_visited":["Exordium","TheCity"],"potions_floor_usage":[20,28,33],"damage_taken":[{"damage":0,"enemies":"Small Slimes","floor":1,"turns":1},{"damage":0,"enemies":"Lagavulin","floor":7,"turns":1},{"damage":0,"enemies":"Jaw Worm","floor":8,"turns":1},{"damage":1,"enemies":"Cultist","floor":10,"turns":3},{"damage":9,"enemies":"Red Slaver","floor":12,"turns":3},{"damage":6,"enemies":"Lots of Slimes","floor":14,"turns":3},{"damage":32,"enemies":"Slime Boss","floor":16,"turns":9},{"damage":19,"enemies":"Shell Parasite","floor":18,"turns":7},{"damage":0,"enemies":"3 Byrds","floor":20,"turns":5},{"damage":34,"enemies":"Centurion and Healer","floor":21,"turns":7},{"damage":34,"enemies":"Book of Stabbing","floor":24,"turns":5},{"damage":13,"enemies":"Chosen and Byrds","floor":28,"turns":5},{"damage":67,"enemies":"Collector","floor":33,"turns":7}],"seed_played":"-3251878594051640486","potions_obtained":[{"floor":1,"key":"SmokeBomb"},{"floor":10,"key":"Slimebound:ThreeZeroPotion"},{"floor":12,"key":"bronze:BurnAndBuffPotion"}],"is_trial":false,"path_per_floor":["M","$","?","?","?","R","E","M","T","M","$","M","R","M","R","B",null,"M","$","M","M","T","R","E","R","T","$","M","R","$","?","R","B"],"character_chosen":"DEFECT","items_purchased":["Leap","Hello World","Ball Lightning"],"campfire_rested":2,"item_purchase_floors":[2,19,27],"current_hp_per_floor":[68,68,68,53,53,53,53,53,53,52,52,43,49,43,74,42,67,48,48,48,14,14,48,14,26,26,26,13,25,25,25,37,0,0],"gold":103,"neow_bonus":"THREE_ENEMY_KILL","is_daily":false,"chose_seed":false,"campfire_upgraded":1,"win_rate":0.0,"timestamp":1610929229,"path_taken":["M","$","?","?","?","R","E","M","T","M","$","M","R","M","R","BOSS","M","$","?","M","?","R","E","R","T","$","?","R","?","?","R","BOSS"],"items_purchased_type":["Card","Card","Card"],"build_version":"2020-12-22","purchased_purges":2,"victory":false,"max_hp_per_floor":[75,75,75,75,75,75,75,75,75,75,75,75,75,75,75,75,75,75,75,75,75,75,75,75,75,75,75,75,75,75,75,75,75,75],"card_choices":[{"not_picked":["Steam","Coolheaded"],"picked":"Capacitor","floor":1},{"not_picked":["Machine Learning","Scrape"],"picked":"Sweeping Beam","floor":7},{"not_picked":["Sweeping Beam","Compile Driver"],"picked":"Go for the Eyes","floor":8},{"not_picked":["Rebound","Leap"],"picked":"Auto Shields","floor":10},{"not_picked":["Stack","Turbo","Blizzard"],"picked":"SKIP","floor":12},{"not_picked":["Sunder","Redo"],"picked":"Ball Lightning","floor":14},{"not_picked":["Creative AI","Coolheaded"],"picked":"Gash","floor":15},{"not_picked":["Echo Form","Seek"],"picked":"Amplify","floor":16},{"not_picked":["Stack","White Noise"],"picked":"Barrage","floor":18},{"not_picked":["Steam","Sweeping Beam+1"],"picked":"White Noise","floor":20},{"not_picked":["Force Field","Rebound"],"picked":"Redo","floor":21},{"not_picked":["Heatsinks","Cold Snap"],"picked":"Doom and Gloom+1","floor":23},{"not_picked":["Turbo+1","Go for the Eyes"],"picked":"Gash","floor":24}],"player_experience":355708,"relics_obtained":[{"floor":7,"key":"Shovel"},{"floor":9,"key":"Eternal Feather"},{"floor":13,"key":"Dream Catcher"},{"floor":22,"key":"Ornamental Fan"},{"floor":24,"key":"Toxic Egg 2"},{"floor":25,"key":"WingedGreaves"},{"floor":26,"key":"Pantograph"},{"floor":29,"key":"Bag of Preparation"},{"floor":32,"key":"MealTicket"}],"event_choices":[{"cards_removed":["Defend_B"],"damage_healed":0,"gold_gain":0,"player_choice":"Card Removal","damage_taken":0,"max_hp_gain":0,"max_hp_loss":0,"event_name":"The Cleric","floor":3,"gold_loss":50},{"damage_healed":0,"gold_gain":0,"player_choice":"Entered Light","damage_taken":15,"max_hp_gain":0,"max_hp_loss":0,"event_name":"Shining Light","floor":4,"gold_loss":0,"cards_upgraded":["Leap","Strike_B"]},{"damage_healed":0,"gold_gain":0,"cards_transformed":["Strike_B"],"player_choice":"Transformed","damage_taken":0,"max_hp_gain":0,"max_hp_loss":0,"event_name":"Transmorgrifier","floor":5,"gold_loss":0,"cards_obtained":["Biased Cognition"]},{"damage_healed":0,"gold_gain":100,"player_choice":"Pray","damage_taken":0,"max_hp_gain":0,"max_hp_loss":0,"event_name":"Golden Shrine","floor":31,"gold_loss":0}],"is_beta":false,"boss_relics":[{"not_picked":["Cursed Key","Black Star"],"picked":"Sozu"}],"items_purged_floors":[19,27],"is_endless":false,"potions_floor_spawned":[1,10,12,14,20,28],"killed_by":"Collector","ascension_level":8}}