{"host":"2t0ddmgeopc3yqug","time":1610943870,"event":{"mods":["AchievementEnabler","BaseMod","Colored Map","Colored Powertips","Hermit","Marisa£¨Ùöéë¡¡Øª×âÞÞ£©","Minty Spire (QoL Compilation)","Rare Cards Sparkle","StSLib","SuperFastMode","The Servant 0.9.4","everything is the same but u backflip on backflip"],"gold_per_floor":[118,118,132,152,152,152,152,152,152,13,13,13,32,107,107,212,212,227,227,227,227,39,39,71,71,97,110,142,157,157,14,14,111,111,129,39,54,54,54,54],"floor_reached":39,"language":"KOR","playtime":1467,"items_purged":["Defend_G"],"score":468,"play_id":"dc55843a-c81a-4ad3-a25c-8806baeab46f","local_time":"20210118132430","is_ascension_mode":true,"campfire_choices":[{"floor":6.0,"key":"REST"},{"data":"Catalyst","floor":11.0,"key":"SMITH"},{"floor":15.0,"key":"REST"},{"data":"Well Laid Plans","floor":23.0,"key":"SMITH"},{"floor":30.0,"key":"REST"},{"floor":32.0,"key":"REST"}],"circlet_count":0,"master_deck":["Defend_G+1","Survivor+1","Neutralize+1","Bouncing Flask","Catalyst+1","Corpse Explosion","Venomology","RitualDagger","Bite","Bite","Bite","Bite+1","Bite","Well Laid Plans+1","Writhe","Injury","Noxious Fumes"],"relics":["Ring of the Snake","NeowsBlessing","Juzu Bracelet","Sundial","Darkstone Periapt","Cursed Key","Lee\u0027s Waffle","Molten Egg 2","Strawberry","Whetstone","Art of War","Fusion Hammer"],"acts_visited":["Exordium","TheCity","TheBeyond"],"potions_floor_usage":[],"damage_taken":[{"damage":0.0,"enemies":"2 Louse","floor":1.0,"turns":1.0},{"damage":0.0,"enemies":"Small Slimes","floor":3.0,"turns":1.0},{"damage":0.0,"enemies":"Cultist","floor":4.0,"turns":1.0},{"damage":5.0,"enemies":"Gremlin Gang","floor":13.0,"turns":3.0},{"damage":15.0,"enemies":"The Guardian","floor":16.0,"turns":6.0},{"damage":15.0,"enemies":"Shell Parasite","floor":18.0,"turns":4.0},{"damage":42.0,"enemies":"Gremlin Leader","floor":24.0,"turns":7.0},{"damage":7.0,"enemies":"Spheric Guardian","floor":27.0,"turns":4.0},{"damage":43.0,"enemies":"Slavers","floor":28.0,"turns":3.0},{"damage":12.0,"enemies":"Cultist and Chosen","floor":29.0,"turns":4.0},{"damage":70,"enemies":"Collector","floor":33,"turns":8},{"damage":35,"enemies":"3 Shapes","floor":35,"turns":5},{"damage":28,"enemies":"3 Darklings","floor":37,"turns":2},{"damage":33,"enemies":"Jaw Worm Horde","floor":39,"turns":1}],"seed_played":"-7719685115657362897","potions_obtained":[{"floor":1.0,"key":"AttackPotion"},{"floor":4.0,"key":"CunningPotion"},{"floor":13.0,"key":"Block Potion"},{"floor":16.0,"key":"Dexterity Potion"},{"floor":24.0,"key":"SkillPotion"},{"floor":37,"key":"Fire Potion"}],"is_trial":false,"path_per_floor":["M","?","M","M","?","R","?","?","T","$","R","?","M","?","R","B",null,"M","?","?","?","$","R","E","?","T","M","E","M","R","$","R","B",null,"M","?","M","$","M"],"character_chosen":"THE_SILENT","items_purchased":["Corpse Explosion","Lee\u0027s Waffle","Well Laid Plans","Noxious Fumes"],"campfire_rested":4,"item_purchase_floors":[10,22,22,31],"current_hp_per_floor":[70,56,56,56,44,65,65,65,65,65,65,58,53,42,63,48,70,55,55,49,49,56,56,36,49,55,60,26,25,47,47,69,18,75,49,49,26,26,0,0],"gold":54,"neow_bonus":"THREE_ENEMY_KILL","is_daily":false,"chose_seed":false,"campfire_upgraded":2,"win_rate":0.0,"timestamp":1610943870,"path_taken":["M","?","M","M","?","R","?","?","T","$","R","?","M","?","R","BOSS","M","?","?","?","$","R","E","?","T","M","E","M","R","$","R","BOSS","M","?","M","$","M"],"items_purchased_type":["Card","Relic","Card","Card"],"build_version":"2020-12-22","purchased_purges":1,"victory":false,"max_hp_per_floor":[70,70,70,70,70,70,70,70,70,70,70,70,70,70,70,70,70,70,70,70,49,56,56,56,69,75,75,75,75,75,75,75,75,75,75,75,75,75,75,75],"card_choices":[{"not_picked":["Terror","Distraction","PiercingWail"],"picked":"SKIP","floor":1.0},{"not_picked":["Cloak And Dagger","PiercingWail"],"picked":"Bouncing Flask","floor":3.0},{"not_picked":["Predator","Acrobatics"],"picked":"Catalyst","floor":4.0},{"not_picked":["Terror","Choke","Reflex"],"picked":"SKIP","floor":13.0},{"not_picked":["Die Die Die","Doppelganger"],"picked":"Venomology","floor":16.0},{"not_picked":["Poisoned Stab","Leg Sweep","Deflect+1"],"picked":"SKIP","floor":18.0},{"not_picked":["Tools of the Trade","Flying Knee+1","Backstab+1"],"picked":"SKIP","floor":24.0},{"not_picked":["Caltrops+1","Eviscerate+1","Dagger Throw+1"],"picked":"SKIP","floor":27.0},{"not_picked":["Flying Knee+1","Dagger Throw+1","Flechettes+1"],"picked":"SKIP","floor":28.0},{"not_picked":["Blade Dance","Underhanded Strike+1","Dash+1"],"picked":"SKIP","floor":29.0},{"not_picked":["Infinite Blades+1","Quick Slash+1","Poisoned Stab+1"],"picked":"SKIP","floor":35},{"not_picked":["Dagger Spray+1","Dodge and Roll","Finisher+1"],"picked":"SKIP","floor":37}],"player_experience":82821,"relics_obtained":[{"floor":9.0,"key":"Darkstone Periapt"},{"floor":24.0,"key":"Molten Egg 2"},{"floor":26.0,"key":"Whetstone"},{"floor":28.0,"key":"Art of War"}],"event_choices":[{"damage_healed":0.0,"max_hp_gain":0.0,"max_hp_loss":0.0,"gold_gain":0.0,"event_name":"Shining Light","player_choice":"Entered Light","floor":2.0,"gold_loss":0.0,"damage_taken":14.0,"cards_upgraded":["Strike_G","Defend_G"]},{"damage_healed":0.0,"max_hp_gain":0.0,"max_hp_loss":0.0,"gold_gain":0.0,"event_name":"Scrap Ooze","player_choice":"Success","floor":5.0,"gold_loss":0.0,"damage_taken":12.0,"relics_obtained":["Juzu Bracelet"]},{"damage_healed":0.0,"max_hp_gain":0.0,"max_hp_loss":0.0,"gold_gain":0.0,"event_name":"Match and Keep!","player_choice":"1 cards matched","floor":7.0,"gold_loss":0.0,"damage_taken":0.0,"cards_obtained":["Dagger Throw"]},{"cards_removed":["Dagger Throw"],"damage_healed":0.0,"max_hp_gain":0.0,"max_hp_loss":0.0,"gold_gain":0.0,"event_name":"WeMeetAgain","player_choice":"Gave Card","floor":8.0,"gold_loss":0.0,"damage_taken":0.0,"relics_obtained":["Sundial"]},{"cards_removed":["Defend_G"],"damage_healed":0.0,"max_hp_gain":0.0,"max_hp_loss":0.0,"gold_gain":0.0,"event_name":"Golden Wing","player_choice":"Card Removal","floor":12.0,"gold_loss":0.0,"damage_taken":7.0},{"damage_healed":0.0,"max_hp_gain":0.0,"max_hp_loss":0.0,"gold_gain":75.0,"event_name":"World of Goop","player_choice":"Gather Gold","floor":14.0,"gold_loss":0.0,"damage_taken":11.0},{"cards_removed":["Defend_G"],"damage_healed":0.0,"max_hp_gain":0.0,"max_hp_loss":0.0,"gold_gain":0.0,"event_name":"Back to Basics","player_choice":"Elegance","floor":19.0,"gold_loss":0.0,"damage_taken":0.0},{"damage_healed":0.0,"max_hp_gain":0.0,"max_hp_loss":0.0,"gold_gain":0.0,"event_name":"Nest","player_choice":"Joined the Cult","floor":20.0,"gold_loss":0.0,"damage_taken":6.0,"cards_obtained":["RitualDagger"]},{"damage_healed":0.0,"max_hp_gain":0.0,"max_hp_loss":21.0,"gold_gain":0.0,"event_name":"Vampires","player_choice":"Became a vampire","floor":21.0,"gold_loss":0.0,"damage_taken":0.0,"cards_obtained":["Bite","Bite","Bite","Bite","Bite"]},{"damage_healed":0.0,"max_hp_gain":0.0,"max_hp_loss":0.0,"gold_gain":0.0,"event_name":"The Mausoleum","player_choice":"Opened","floor":25.0,"gold_loss":0.0,"damage_taken":0.0,"relics_obtained":["Strawberry"],"cards_obtained":["Writhe"]},{"cards_removed":["Defend_G"],"damage_healed":0,"gold_gain":0,"player_choice":"Upgrade and Remove","damage_taken":0,"max_hp_gain":0,"max_hp_loss":0,"event_name":"Designer","floor":36,"gold_loss":90,"cards_upgraded":["Survivor"]}],"is_beta":false,"boss_relics":[{"not_picked":["Tiny House","Runic Dome"],"picked":"Cursed Key"},{"not_picked":["Black Star","SlaversCollar"],"picked":"Fusion Hammer"}],"items_purged_floors":[31],"is_endless":false,"potions_floor_spawned":[1,4,13,16,24,37],"killed_by":"Jaw Worm Horde","ascension_level":2}}