{"host":"8t5dkgm85abdp22d","time":1610969227,"event":{"mods":["Act Like it!","BaseMod","Colored Powertips","Dota2Spire","Downfall","Gensokyo","GungeonMod","Hallownest","Luminous","Marisa£®ÏF”Í°°ƒß¿Ì…≥£©","Minty Spire (QoL Compilation)","StSLib","TheWitcher","UnlockEverythingMod","Waifu the Spire","Yakumo Yukari mod","vexMod","°æ“≈ŒÔø®≈∆°øREMEMod"],"gold_per_floor":[131,56,56,109,123,152,82,82,82,116,135,135,151,178,178,273,273,292,304,304,771,791,821,571,571,571,122,122,135,169,179,179,274,274,290,390,408,408,422,449,449,474,544,544,202,202,218,236,236,236,236,236,111,137,127],"floor_reached":56,"language":"ZHS","playtime":2246,"items_purged":["AT_purpleEX","AT_purpleEX","ContainerChange_purple"],"score":1512,"play_id":"29c58ee7-9fe7-4a0c-9a79-040c7a96dae4","local_time":"20210118192707","is_ascension_mode":true,"campfire_choices":[{"data":"RuptureOfTimeAndSpace_purple","floor":15.0,"key":"SMITH"},{"data":"StateErode_purple","floor":25.0,"key":"SMITH"},{"data":"MeetDecomposer_purple","floor":28.0,"key":"SMITH"},{"data":"ContainerChange_purple","floor":32.0,"key":"SMITH"},{"data":"Human_Monster_Realm_purple","floor":41,"key":"SMITH"},{"data":"DimensionStaggered_purple","floor":44,"key":"SMITH"},{"floor":49,"key":"RECALL"},{"data":"Hallownest:skillGreenpathMap","floor":52,"key":"SMITH"}],"circlet_count":1,"master_deck":["AT_purpleEX","AT_purpleEX","Observe_purple_1","Observe_purple_2","Die Die Die","AdvanceAttack_purple","Hallownest:skillGreenpathMap+1","Shallow_ocean_purpleEX","Hallownest:skillSlugHide","Hallownest:skillSlugHide","Hallownest:skillSlugHide","Hallownest:skillSlugHide","Hallownest:skillSlugHide","RuptureOfTimeAndSpace_purple+1","Know_ledgeAbilityRealm_purple","PurpleNeedle_purple+1","StateErode_purple+1","Charmbait_purple","MeetDecomposer_purple+1","DimensionStaggered_purple+1","ContainerChange_purple+1","Human_Monster_Realm_purple+1","Photoelasticity_Doppler_Effect_purple+1","SnafuTest:CurseRiot","Shame","ExternalForce_HighSpeedFlying_purple+1","Shame","Shame","DimensionStaggered_purple+1"],"relics":["Memoryfragments_purpleEX","Runic Pyramid","Hallownest:DreamNailRelic","Meat on the Bone","Hallownest:StagBellRelic1","Circlet","DemoMod:VorpalBullet","Bag of Preparation","Bottled Flame","vexMod:CursedCompass","Dota2Spire:OrchidMalevolence","Hallownest:UnbreakableCardRelic","Pantograph","Dota2Spire:BattleFury","Du-Vu Doll","Busted Crown","Blue Candle","Gambling Chip","Dota2Spire:OctarineCore","DemoMod:MeltedRock","ThegodofHakurei_purpleEX","Hallownest:HeavyBlowRelic","Dota2Spire:ArmletOfMordiggian"],"acts_visited":["Exordium","Hallownest:Greenpath","Hallownest:CityofTears","TheEnding"],"potions_floor_usage":[55,55,55],"damage_taken":[{"damage":2.0,"enemies":"Hallownest:2_Baldur","floor":1.0,"turns":2.0},{"damage":0.0,"enemies":"Hallownest:monsterHuskGuard","floor":5.0,"turns":3.0},{"damage":34.0,"enemies":"Hallownest:eliteCrystalGuardian","floor":6.0,"turns":7.0},{"damage":14.0,"enemies":"Hallownest:eliteMossKnight","floor":10.0,"turns":5.0},{"damage":0.0,"enemies":"Hallownest:2_Tiktiks_and_1_Crawlid","floor":11.0,"turns":2.0},{"damage":1.0,"enemies":"Hallownest:1_Baldur_1_Crawlid_1_Warrior","floor":13.0,"turns":5.0},{"damage":15.0,"enemies":"Hallownest:eliteVengeflyKing","floor":14.0,"turns":7.0},{"damage":2.0,"enemies":"Hallownest:BossBrokenVessel","floor":16.0,"turns":14.0},{"damage":0.0,"enemies":"Hallownest:3_Youths","floor":18.0,"turns":5.0},{"damage":0.0,"enemies":"Hallownest:Guard_and_Sentry","floor":19.0,"turns":2.0},{"damage":9.0,"enemies":"Hallownest:2_Husk_Sentries","floor":22.0,"turns":5.0},{"damage":20.0,"enemies":"Hallownest:eliteSoulWarrior","floor":23.0,"turns":4.0},{"damage":1.0,"enemies":"Hallownest:2_Flukemon","floor":29.0,"turns":4.0},{"damage":18.0,"enemies":"Hallownest:eliteWatcherKnight","floor":30.0,"turns":7.0},{"damage":5.0,"enemies":"Hallownest:Master_and_Novice","floor":31.0,"turns":2.0},{"damage":0.0,"enemies":"Hallownest:BossGrimm","floor":33.0,"turns":6.0},{"damage":0.0,"enemies":"Hallownest:3_Siblings","floor":35.0,"turns":4.0},{"damage":0.0,"enemies":"Hallownest:2_Littles","floor":37.0,"turns":1.0},{"damage":21,"enemies":"Hallownest:monsterPrimalAspid","floor":39,"turns":3},{"damage":1,"enemies":"Hallownest:StalkingDevout","floor":40,"turns":3},{"damage":35,"enemies":"Hallownest:eliteHiveKnight","floor":42,"turns":4},{"damage":2,"enemies":"Hallownest:2_Wing_and_1_Kings","floor":47,"turns":3},{"damage":0,"enemies":"Hallownest:Shield_Sturdy","floor":48,"turns":2},{"damage":19,"enemies":"Hallownest:Radiance","floor":50,"turns":4},{"damage":0,"enemies":"Shield and Spear","floor":54,"turns":1},{"damage":65,"enemies":"The Heart","floor":55,"turns":5}],"seed_played":"-3931497566386816994","potions_obtained":[{"floor":5.0,"key":"DemoMod:LeadSkinPotion"},{"floor":11.0,"key":"Fire Potion"},{"floor":18.0,"key":"ColorlessPotion"},{"floor":22.0,"key":"BlessingOfTheForge"},{"floor":30.0,"key":"Dota2Spire:Clarity"},{"floor":33.0,"key":"Explosive Potion"}],"is_trial":false,"path_per_floor":["M","?","?","T","M","E","?","?","T","E","M","?","M","E","R","B",null,"M","M","?","?","M","E","?","R","T","$","R","M","E","M","R","B",null,"M","?","M","?","M","E","R","E","T","R","$","?","M","M","R","B",null,"R","$","E","B",null],"character_chosen":"Youkari","items_purchased":["Dota2Spire:BattleFury","Charmbait_purple","MeetDecomposer_purple","DimensionStaggered_purple","ThegodofHakurei_purpleEX"],"campfire_rested":0,"item_purchase_floors":[27,27,27,27,45],"current_hp_per_floor":[68,68,68,68,70,41,41,41,41,32,47,47,51,41,41,44,70,70,70,70,70,66,50,50,50,50,50,50,49,46,41,41,68,70,70,75,75,75,58,57,57,38,38,38,38,38,53,53,53,59,75,75,75,75,27],"gold":127,"neow_bonus":"BOSS_RELIC","is_daily":false,"chose_seed":false,"campfire_upgraded":7,"win_rate":0.0,"timestamp":1610969227,"path_taken":["M","?","?","?","M","E","?","?","T","E","?","?","M","E","R","BOSS","M","M","?","?","M","E","?","R","T","$","R","M","E","M","R","BOSS","M","?","M","?","M","E","R","E","T","R","$","?","M","M","R","BOSS","R","$","E","BOSS"],"items_purchased_type":["Relic","Card","Card","Card","Relic"],"build_version":"2020-12-22","purchased_purges":3,"victory":true,"max_hp_per_floor":[70,70,70,70,70,70,70,70,70,70,70,70,70,70,70,70,70,70,70,70,70,70,70,70,70,70,70,70,70,70,70,70,70,70,70,75,75,75,75,75,75,75,75,75,75,75,75,75,75,75,75,75,75,75,75],"card_choices":[{"not_picked":["SharpContractionReality_purple","Mirror_FormAndEmptin_purple"],"picked":"AdvanceAttack_purple","floor":1.0},{"not_picked":["Mirror_FourBoundary_purple","Yakumo_Ran_purple"],"picked":"RuleDissolution_purple","floor":5.0},{"not_picked":["RuleDissolution_purple","AdvanceAttack_purple","Line_surface_state_purple"],"picked":"SKIP","floor":6.0},{"not_picked":["Boundary_ObjectiveBoundary_purple","OpenedBox_purple","Anti_communist_purple"],"picked":"SKIP","floor":10.0},{"not_picked":["StateDuplicate_purple","ExistenceContinue_purple"],"picked":"Shallow_ocean_purpleEX","floor":11.0},{"not_picked":["Umbrella_purple","Bait_HighSpeedFlying_purple","Boundary_of_Extermination_purpleEX"],"picked":"SKIP","floor":13.0},{"not_picked":["WingOfChimera_purple","Worldmountain_purple"],"picked":"RuptureOfTimeAndSpace_purple","floor":14.0},{"not_picked":["Price_of_realm_purpleEX","LoveAcrossDimensions_purple"],"picked":"Know_ledgeAbilityRealm_purple","floor":16.0},{"not_picked":["StateErode_purple","Shallow_ocean_purpleEX"],"picked":"PurpleNeedle_purple+1","floor":18.0},{"not_picked":["Mirror_WaveAndshot_purple","RuleDissolution_purple","SharpContractionReality_purple"],"picked":"SKIP","floor":19.0},{"not_picked":["StateDuplicate_purple","AdvanceAttack_purple"],"picked":"StateErode_purple","floor":22.0},{"not_picked":["StretchesForeverDream_purple+1","Nest_LightFlightworm_purple","WorldDissolvedintheRealm_purple"],"picked":"SKIP","floor":23.0},{"not_picked":["Charmbait_purple","DimensionStaggered_purple","Yakumo_Ran_purple+1"],"picked":"SKIP","floor":29.0},{"not_picked":["StateErode_purple","Shallow_ocean_purpleEX","Line_surface_state_purple"],"picked":"SKIP","floor":30.0},{"not_picked":["EighthInstrument_OneDividesIntoTwo_purple","PurpleNeedle_purple+1"],"picked":"ContainerChange_purple","floor":31.0},{"not_picked":["WasteWire_Metro_purple","Mirror_TwoAndThreeElementRealm_purple"],"picked":"Human_Monster_Realm_purple","floor":33.0},{"not_picked":[],"picked":"Photoelasticity_Doppler_Effect_purple+1","floor":35.0},{"not_picked":[],"picked":"ExternalForce_HighSpeedFlying_purple+1","floor":37.0},{"not_picked":["RuptureOfTimeAndSpace_purple+1"],"picked":"SKIP","floor":39},{"not_picked":["Worldmountain_purple"],"picked":"SKIP","floor":40},{"not_picked":["StateErode_purple+1"],"picked":"SKIP","floor":42},{"not_picked":["Mirror_WaveAndshot_purple+1"],"picked":"SKIP","floor":47},{"not_picked":["StateDuplicate_purple+1"],"picked":"SKIP","floor":48},{"not_picked":[],"picked":"DimensionStaggered_purple+1","floor":54}],"player_experience":115442,"relics_obtained":[{"floor":6.0,"key":"Meat on the Bone"},{"floor":9.0,"key":"DemoMod:VorpalBullet"},{"floor":10.0,"key":"Bag of Preparation"},{"floor":14.0,"key":"Bottled Flame"},{"floor":23.0,"key":"Dota2Spire:OrchidMalevolence"},{"floor":26.0,"key":"Pantograph"},{"floor":30.0,"key":"Du-Vu Doll"},{"floor":40,"key":"Gambling Chip"},{"floor":42,"key":"Dota2Spire:OctarineCore"},{"floor":43,"key":"DemoMod:MeltedRock"},{"floor":54,"key":"Dota2Spire:ArmletOfMordiggian"}],"event_choices":[],"is_beta":false,"boss_relics":[{"not_picked":["Philosopher\u0027s Stone","Cursed Key"],"picked":"vexMod:CursedCompass"},{"not_picked":["REME_LowDesire","vexMod:ImprovementManual"],"picked":"Busted Crown"}],"items_purged_floors":[27,45,53],"is_endless":false,"potions_floor_spawned":[5,11,18,22,30,31,33,37,40,42,54],"ascension_level":1}}