{"host":"nrxstibvl428zo7h","time":1610992485,"event":{"mods":["AchievementEnabler","BaseMod","Colored Map","Dark Map","Minty Spire (QoL Compilation)","StSLib"],"gold_per_floor":[117,292,292,292,304,304,304,304,304,317,117,130,141,141,141,141,141],"floor_reached":16,"language":"ENG","playtime":407,"items_purged":["Doubt"],"score":90,"play_id":"46d42986-fbf9-4621-a269-2831b3f40024","local_time":"20210118095445","is_ascension_mode":false,"campfire_choices":[{"floor":6,"key":"REST"},{"data":"Gash","floor":8,"key":"SMITH"},{"data":"Turbo","floor":15,"key":"SMITH"}],"circlet_count":0,"master_deck":["Strike_B+1","Strike_B","Strike_B","Strike_B","Defend_B","Defend_B","Defend_B","Defend_B","Zap","Dualcast","Streamline+1","Gash+1","Turbo+1","Heatsinks","Conserve Battery","Coolheaded","Cold Snap"],"relics":["Cracked Core","Mummified Hand","Darkstone Periapt","Regal Pillow"],"acts_visited":["Exordium"],"potions_floor_usage":[],"damage_taken":[{"damage":0,"enemies":"Small Slimes","floor":1,"turns":3},{"damage":9,"enemies":"2 Louse","floor":5,"turns":3},{"damage":11,"enemies":"Jaw Worm","floor":10,"turns":2},{"damage":0,"enemies":"Looter","floor":12,"turns":2},{"damage":5,"enemies":"3 Louse","floor":13,"turns":3},{"damage":65,"enemies":"Hexaghost","floor":16,"turns":12}],"seed_played":"7097435493961562481","potions_obtained":[{"floor":5,"key":"DistilledChaos"},{"floor":12,"key":"DuplicationPotion"}],"is_trial":false,"path_per_floor":["M","?","?","?","M","R","?","R","T","M","$","M","M","?","R","B"],"character_chosen":"DEFECT","items_purchased":["Heatsinks","Conserve Battery"],"campfire_rested":1,"item_purchase_floors":[11,11],"current_hp_per_floor":[82,82,82,66,57,81,81,81,81,70,70,70,65,62,62,0,0],"gold":141,"neow_bonus":"TEN_PERCENT_HP_BONUS","is_daily":false,"chose_seed":false,"campfire_upgraded":2,"win_rate":0.0,"timestamp":1610992485,"path_taken":["M","?","?","?","M","R","?","R","T","M","$","M","?","?","R","BOSS"],"items_purchased_type":["Card","Card"],"build_version":"2020-12-22","purchased_purges":1,"victory":false,"max_hp_per_floor":[82,82,82,82,82,82,82,82,82,82,82,82,82,82,82,82,82],"card_choices":[{"not_picked":["Stack","Scrape"],"picked":"Streamline","floor":1},{"not_picked":["Force Field","Leap"],"picked":"Gash","floor":5},{"not_picked":["Rebound","Capacitor"],"picked":"Turbo","floor":10},{"not_picked":["Streamline","Rebound"],"picked":"Coolheaded","floor":12},{"not_picked":["Ball Lightning","Melter"],"picked":"Cold Snap","floor":13}],"player_experience":81536,"relics_obtained":[{"floor":9,"key":"Darkstone Periapt"}],"event_choices":[{"damage_healed":0,"gold_gain":175,"player_choice":"AGREE","damage_taken":0,"max_hp_gain":0,"max_hp_loss":0,"event_name":"Liars Game","floor":2,"gold_loss":0,"cards_obtained":["Doubt"]},{"damage_healed":0,"gold_gain":0,"player_choice":"Box","damage_taken":0,"relics_obtained":["Mummified Hand"],"max_hp_gain":0,"max_hp_loss":0,"event_name":"Big Fish","floor":3,"gold_loss":0,"cards_obtained":["Regret"]},{"damage_healed":0,"gold_gain":0,"player_choice":"Entered Light","damage_taken":16,"max_hp_gain":0,"max_hp_loss":0,"event_name":"Shining Light","floor":4,"gold_loss":0,"cards_upgraded":["Strike_B","Streamline"]},{"cards_removed":["Regret"],"damage_healed":0,"gold_gain":0,"player_choice":"Forget","damage_taken":0,"max_hp_gain":0,"max_hp_loss":0,"event_name":"Living Wall","floor":7,"gold_loss":0},{"damage_healed":0,"gold_gain":0,"player_choice":"Success","damage_taken":3,"relics_obtained":["Regal Pillow"],"max_hp_gain":0,"max_hp_loss":0,"event_name":"Scrap Ooze","floor":14,"gold_loss":0}],"is_beta":false,"boss_relics":[],"items_purged_floors":[11],"is_endless":false,"potions_floor_spawned":[5,12],"killed_by":"Hexaghost","ascension_level":0}}