{"host":"xjs3b8lu14idcd3l","time":1610993298,"event":{"mods":["Act Like it!","BaseMod","Friendly Minions","Gensokyo","Kiyohime£®«Âºß£©","Koishi","Marisa£®ÏF”Í°°ƒß¿Ì…≥£©","Minty Spire (QoL Compilation)","Prisma Mod","Reimu£®≤©¿ˆ¡È√Œ£©","Remilia£®¿Ÿ√◊¿Ú—«£©","Replay The Spire","StSLib","The Administrix","The Servant 0.9.4","Youmu£®ªÍ∆«—˝√Œ£©","Yuyuko"],"gold_per_floor":[118,118,78,88,10,36,50,50,50,71,71,91,105,126,126,249,249,272,272,288,288,302,302,341,354,354,373,391,391,409,432,432,551,551,567,506,24,45,64,99,99,99,125,144,157,181,214,214,214,214],"floor_reached":51,"language":"ZHS","playtime":3569,"items_purged":["Spear of Papilio"],"score":862,"play_id":"7a73d124-d0b4-4d9b-a188-0da99b0e2100","local_time":"20210119020818","is_ascension_mode":false,"campfire_choices":[{"floor":11.0,"key":"DIG"},{"floor":15.0,"key":"DIG"},{"floor":23.0,"key":"DIG"},{"floor":29.0,"key":"DIG"},{"floor":32,"key":"DIG"},{"floor":41,"key":"REST"},{"floor":49,"key":"DIG"}],"circlet_count":0,"master_deck":["Fantasy Butterflies","Fantasy Butterflies","Fantasy Butterflies","Fantasy Butterflies","Fantasy Butterflies","Dreamy Sakura","Dreamy Sakura","Dreamy Sakura","Dreamy Sakura+1","Dreamy Sakura","Deathly Ground+1","Faramita\u0027s Temptation","Unknown Petal","The Inky Sakura","Ghost Spot","Cerasus Subhirtella","Steamed Phantom","Gauzy Sakura","Childlike","Ghost Spot","Unstable Ward","Full Inky Sakura","Infinite Sin","Dream of Spring","Showy Withering","Childlike+1","Open The Fan","Elegance+1","Snowing Sakura","Elegance+1","Ticket to Heaven","Nihility+1","Phantom Gift","Serene Spring+1","Unknown Petal","Snowing Sakura"],"relics":["Coronal","Yuyuko\u0027s fan","NeowsBlessing","PaintedHorse:ReiMu","Golden Idol","Shovel","Replay:Kaleidoscope","Dead Branch","Runic Pyramid","Nloth\u0027s Gift","Blue Doll","Replay:Accelerometer","Gambling Chip","PureWhite:ReiMu","Replay:Rubber Ducky","ChewingGum","Bag of Marbles","ReplayFunnel","Question Card","Boot","ReplayTheSpireMod:TigerMarble","Eternal Feather","ReplayTheSpireMod:Ring of Challenge","Bird Faced Urn"],"acts_visited":["Exordium","TheCity","TheBeyond"],"potions_floor_usage":[46,47],"damage_taken":[{"damage":1.0,"enemies":"2 Louse","floor":1.0,"turns":1.0},{"damage":1.0,"enemies":"Jaw Worm","floor":4.0,"turns":1.0},{"damage":1.0,"enemies":"Lagavulin","floor":6.0,"turns":1.0},{"damage":22.0,"enemies":"Cultist","floor":7.0,"turns":5.0},{"damage":29.0,"enemies":"Looter","floor":10.0,"turns":4.0},{"damage":25.0,"enemies":"Red Slaver","floor":12.0,"turns":4.0},{"damage":15.0,"enemies":"3 Louse","floor":13.0,"turns":3.0},{"damage":45.0,"enemies":"Exordium Thugs","floor":14.0,"turns":6.0},{"damage":53.0,"enemies":"Hexaghost","floor":16.0,"turns":13.0},{"damage":12.0,"enemies":"3 Byrds","floor":18.0,"turns":4.0},{"damage":22.0,"enemies":"2 Thieves","floor":20.0,"turns":2.0},{"damage":9.0,"enemies":"Snecko","floor":22.0,"turns":3.0},{"damage":7.0,"enemies":"Gremlin Leader","floor":24.0,"turns":3.0},{"damage":29.0,"enemies":"Cultist and Chosen","floor":25.0,"turns":5.0},{"damage":2.0,"enemies":"Snake Plant","floor":27.0,"turns":2.0},{"damage":2.0,"enemies":"3 Cultists","floor":28.0,"turns":2.0},{"damage":16.0,"enemies":"Snecko","floor":30.0,"turns":3.0},{"damage":1,"enemies":"Snake Plant","floor":31,"turns":1},{"damage":3,"enemies":"Automaton","floor":33,"turns":3},{"damage":5,"enemies":"3 Shapes","floor":35,"turns":3},{"damage":13,"enemies":"3 Darklings","floor":38,"turns":2},{"damage":5,"enemies":"Transient","floor":39,"turns":5},{"damage":34,"enemies":"Reptomancer","floor":40,"turns":5},{"damage":10,"enemies":"4 Shapes","floor":44,"turns":1},{"damage":1,"enemies":"3 Darklings","floor":45,"turns":1},{"damage":39,"enemies":"Spire Growth","floor":46,"turns":4},{"damage":13,"enemies":"Giant Head","floor":47,"turns":6},{"damage":9,"enemies":"Donu and Deca","floor":50,"turns":3}],"seed_played":"509884801875697822","potions_obtained":[{"floor":1.0,"key":"SpeedPotion"},{"floor":6.0,"key":"LiquidMemories"},{"floor":7.0,"key":"Dexterity Potion"},{"floor":12.0,"key":"SteroidPotion"},{"floor":18.0,"key":"Swift Potion"},{"floor":30.0,"key":"Firefly"},{"floor":39,"key":"Venom Potion"},{"floor":42,"key":"Languid Potion"},{"floor":42,"key":"Firefly"},{"floor":46,"key":"Adrenaline Potion"}],"is_trial":false,"path_per_floor":["M","?","?","M","$","E","M","?","T","M","R","M","M","M","R","B",null,"M","?","M","?","M","R","E","M","T","M","M","R","M","M","R","B",null,"M","?","$","M","M","E","R","?","T","M","M","M","E","?","R","B",null],"character_chosen":"YUYOKO","items_purchased":["The Inky Sakura","ReplayFunnel","Question Card"],"campfire_rested":1,"item_purchase_floors":[5,37,37],"current_hp_per_floor":[39,31,31,30,30,30,35,35,35,26,26,33,30,20,20,14,37,31,31,22,22,25,25,24,29,29,35,35,35,30,36,36,34,37,34,34,34,28,32,23,34,34,34,26,25,27,31,31,37,32],"gold":214,"neow_bonus":"THREE_ENEMY_KILL","is_daily":false,"chose_seed":false,"campfire_upgraded":0,"win_rate":0.0,"timestamp":1610993298,"path_taken":["M","?","?","M","$","E","M","?","T","?","R","M","M","M","R","BOSS","M","?","?","?","M","R","E","M","T","?","M","R","M","M","R","BOSS","M","?","?","M","M","E","R","?","T","M","M","?","E","?","R","BOSS"],"items_purchased_type":["Card","Relic","Relic"],"build_version":"2020-12-22","purchased_purges":1,"victory":true,"max_hp_per_floor":[40,40,40,40,40,40,40,37,37,37,37,37,37,37,37,37,37,37,37,37,37,37,37,37,37,37,37,37,37,37,37,37,37,37,37,37,37,37,37,37,37,37,37,37,37,37,37,37,37,37],"card_choices":[{"not_picked":["Phantom Village","Steamed Phantom"],"picked":"Spear of Papilio","floor":1.0},{"not_picked":["Become Phantom","Song of Papilio"],"picked":"Unknown Petal","floor":4.0},{"not_picked":["Fondling of Papilio","Ghostdom Sakura"],"picked":"Ghost Spot","floor":6.0},{"not_picked":["Spear of Papilio","Dark Wind"],"picked":"Cerasus Subhirtella","floor":7.0},{"not_picked":["Final of Final","Dying Sakura"],"picked":"The Forgotten Winter","floor":10.0},{"not_picked":["Redemption of Death","Final of Final"],"picked":"Steamed Phantom","floor":12.0},{"not_picked":["Song of Papilio","Trap Lamp"],"picked":"Gauzy Sakura","floor":13.0},{"not_picked":["Become Phantom","City of Death"],"picked":"Childlike","floor":14.0},{"not_picked":["Explore Ghostdom","Snowing Sakura"],"picked":"Ghost Spot","floor":16.0},{"not_picked":["Gone","Open The Fan"],"picked":"Unstable Ward","floor":18.0},{"not_picked":["Unborn Light+1","Serene Spring"],"picked":"Full Inky Sakura","floor":20.0},{"not_picked":["End of Faramita","Gauzy Sakura"],"picked":"Infinite Sin","floor":22.0},{"not_picked":["Dancing Butterflies+1","Fondling of Papilio+1"],"picked":"Dream of Spring","floor":24.0},{"not_picked":["Gauzy Sakura","Dancing Butterflies+1"],"picked":"Showy Withering","floor":25.0},{"not_picked":["Steamed Phantom","Linger over Flower","End of Faramita"],"picked":"SKIP","floor":27.0},{"not_picked":["Death Dancing+1","Become Phantom"],"picked":"Childlike+1","floor":28.0},{"not_picked":["Snow","Phantom Butterflies"],"picked":"Open The Fan","floor":30.0},{"not_picked":["Song of Papilio","Phantom Butterflies+1"],"picked":"Elegance+1","floor":31},{"not_picked":["Reunion after Death","Supernatural Nether"],"picked":"Snowing Sakura","floor":33},{"not_picked":["Spear of Papilio","Dream of Spring","Elegance"],"picked":"SKIP","floor":35},{"not_picked":["Redemption of Death","Unpaved Way+1","Unreal"],"picked":"Elegance+1","floor":38},{"not_picked":["Wandering Soul","Unborn Light+1","All Wander"],"picked":"Ticket to Heaven","floor":39},{"not_picked":["Unborn Light","Become Phantom","The Inky Sakura"],"picked":"Nihility+1","floor":40},{"not_picked":["Bloom","Dancing Butterflies+1","All Wander+1"],"picked":"Phantom Gift","floor":44},{"not_picked":["Triple Snow","Showy Withering","Steamed Phantom"],"picked":"Serene Spring+1","floor":45},{"not_picked":["Bloom+1","Butterflies Rainbow","Gone+1"],"picked":"Unknown Petal","floor":46},{"not_picked":["Bomb","Mini Ghostdom","Butterflies Rainbow+1"],"picked":"Snowing Sakura","floor":47}],"player_experience":163301,"relics_obtained":[{"floor":6.0,"key":"Pocketwatch"},{"floor":9.0,"key":"Shovel"},{"floor":11.0,"key":"Replay:Kaleidoscope"},{"floor":15.0,"key":"Dead Branch"},{"floor":23.0,"key":"Blue Doll"},{"floor":24.0,"key":"Replay:Accelerometer"},{"floor":26.0,"key":"Gambling Chip"},{"floor":29.0,"key":"PureWhite:ReiMu"},{"floor":32,"key":"Replay:Rubber Ducky"},{"floor":40,"key":"Boot"},{"floor":43,"key":"ReplayTheSpireMod:TigerMarble"},{"floor":47,"key":"Eternal Feather"},{"floor":48,"key":"ReplayTheSpireMod:Ring of Challenge"},{"floor":49,"key":"Bird Faced Urn"}],"event_choices":[{"damage_healed":0.0,"max_hp_gain":0.0,"max_hp_loss":0.0,"gold_gain":0.0,"event_name":"Shining Light","player_choice":"Entered Light","floor":2.0,"gold_loss":0.0,"damage_taken":8.0,"cards_upgraded":["Deathly Ground","Dreamy Sakura"]},{"damage_healed":0.0,"max_hp_gain":0.0,"max_hp_loss":0.0,"gold_gain":0.0,"event_name":"yidonshenshe","player_choice":"»˚«Æ","floor":3.0,"gold_loss":40.0,"damage_taken":0.0,"relics_obtained":["PaintedHorse:ReiMu"]},{"damage_healed":0.0,"max_hp_gain":0.0,"max_hp_loss":3.0,"gold_gain":0.0,"event_name":"Golden Idol","player_choice":"Lose Max HP","floor":8.0,"gold_loss":0.0,"damage_taken":0.0,"relics_obtained":["Golden Idol"]},{"damage_healed":0.0,"max_hp_gain":0.0,"max_hp_loss":0.0,"gold_gain":0.0,"event_name":"N\u0027loth","player_choice":"Traded Relic","floor":19.0,"relics_lost":["Pocketwatch"],"gold_loss":0.0,"damage_taken":0.0,"relics_obtained":["Nloth\u0027s Gift"]},{"cards_removed":["The Forgotten Winter"],"damage_healed":0.0,"max_hp_gain":0.0,"max_hp_loss":0.0,"gold_gain":0.0,"event_name":"Wheel of Change","player_choice":"Card Removal","floor":21.0,"gold_loss":0.0,"damage_taken":0.0},{"damage_healed":0,"gold_gain":0,"player_choice":"Paid Gold","damage_taken":0,"relics_obtained":["Bag of Marbles"],"max_hp_gain":0,"max_hp_loss":0,"event_name":"WeMeetAgain","floor":36,"gold_loss":61},{"damage_healed":0,"gold_gain":0,"player_choice":"Got Potions","damage_taken":0,"max_hp_gain":0,"max_hp_loss":0,"event_name":"Lab","floor":42,"gold_loss":0}],"is_beta":false,"boss_relics":[{"not_picked":["Runic Dome","Painkiller Herb"],"picked":"Runic Pyramid"},{"not_picked":["Cursed Key","Empty Cage"],"picked":"ChewingGum"}],"items_purged_floors":[37],"is_endless":false,"potions_floor_spawned":[1,6,7,12,18,20,30,39,45,46],"ascension_level":0}}