{"host":"7l2t4psy44vpcd9q","time":1610933243,"event":{"mods":["AchievementEnabler","BaseMod","DeckTracker","Minty Spire (QoL Compilation)","SuperFastMode"],"gold_per_floor":[110,125,183,195,195,227,227,96,96,111,111,111,55,68,68,68,68],"floor_reached":16,"language":"KOR","playtime":376,"items_purged":["Defend_B"],"score":200,"play_id":"c37228c3-7f0b-4de8-8803-e03137210b69","local_time":"20210118102723","is_ascension_mode":true,"campfire_choices":[{"data":"Conserve Battery","floor":7,"key":"SMITH"},{"data":"Streamline","floor":12,"key":"SMITH"},{"data":"Zap","floor":15,"key":"SMITH"}],"circlet_count":0,"master_deck":["AscendersBane","Strike_B","Strike_B","Strike_B","Strike_B","Defend_B","Defend_B","Defend_B","Zap+1","Dualcast","Streamline+1","Cold Snap","Compile Driver","Conserve Battery+1","Chill","Parasite","Ball Lightning","Compile Driver"],"relics":["Coffee Dripper","Question Card","WingedGreaves"],"acts_visited":["Exordium"],"potions_floor_usage":[6,10,16,16],"damage_taken":[{"damage":1,"enemies":"Cultist","floor":1,"turns":4},{"damage":4,"enemies":"2 Louse","floor":2,"turns":2},{"damage":13,"enemies":"Small Slimes","floor":4,"turns":3},{"damage":27,"enemies":"Gremlin Nob","floor":6,"turns":4},{"damage":10,"enemies":"Gremlin Gang","floor":10,"turns":6},{"damage":11,"enemies":"Large Slime","floor":14,"turns":4},{"damage":15,"enemies":"The Guardian","floor":16,"turns":4}],"seed_played":"-8311301751553086754","potions_obtained":[{"floor":1,"key":"SneckoOil"},{"floor":6,"key":"PotionOfCapacity"},{"floor":10,"key":"Swift Potion"}],"is_trial":false,"path_per_floor":["M","M","?","M","?","E","R","$","T","M","?","R","$","M","R","B"],"character_chosen":"DEFECT","items_purchased":["SpeedPotion","Ball Lightning"],"campfire_rested":0,"item_purchase_floors":[8,13],"current_hp_per_floor":[63,59,59,46,46,19,19,19,19,9,26,26,26,15,15,0,0],"gold":68,"neow_bonus":"BOSS_RELIC","is_daily":false,"chose_seed":false,"campfire_upgraded":3,"win_rate":0.0,"timestamp":1610933243,"path_taken":["M","M","?","M","?","E","R","$","T","M","?","R","$","M","R","BOSS"],"items_purchased_type":["Potion","Card"],"build_version":"2020-12-22","purchased_purges":1,"victory":false,"max_hp_per_floor":[71,71,71,71,71,71,71,71,71,71,71,71,71,71,71,71,71],"card_choices":[{"not_picked":["Hello World","Beam Cell"],"picked":"Streamline","floor":1},{"not_picked":["Beam Cell","Ball Lightning"],"picked":"Cold Snap","floor":2},{"not_picked":["Gash","Hologram"],"picked":"Compile Driver","floor":4},{"not_picked":["Sweeping Beam","Turbo"],"picked":"Conserve Battery","floor":6},{"not_picked":["Coolheaded","Storm","Tempest"],"picked":"Chill","floor":10},{"not_picked":["Reprogram","Recycle","Redo"],"picked":"Compile Driver","floor":14}],"player_experience":1252561,"relics_obtained":[{"floor":6,"key":"Question Card"},{"floor":9,"key":"WingedGreaves"}],"event_choices":[{"damage_healed":0,"gold_gain":58,"player_choice":"Gained Gold","damage_taken":0,"max_hp_gain":0,"max_hp_loss":0,"event_name":"Golden Wing","floor":3,"gold_loss":0},{"damage_healed":0,"gold_gain":0,"player_choice":"Ignored","damage_taken":0,"max_hp_gain":0,"max_hp_loss":0,"event_name":"Golden Idol","floor":5,"gold_loss":0},{"damage_healed":17,"gold_gain":0,"player_choice":"Healed and dodged fight","damage_taken":0,"max_hp_gain":0,"max_hp_loss":0,"event_name":"Mushrooms","floor":11,"gold_loss":0,"cards_obtained":["Parasite"]}],"is_beta":false,"boss_relics":[],"items_purged_floors":[8],"is_endless":false,"potions_floor_spawned":[1,6,10],"killed_by":"The Guardian","ascension_level":20}}