{"host":"8i4doyxqctgl5qb0","time":1610939119,"event":{"mods":["AchievementEnabler","BaseMod","Block Reminder","Colored Powertips","Minty Spire (QoL Compilation)","Permanent Neow","Potion Indicator Mod","Rare Cards Sparkle","StSLib","SuperFastMode","The Jungle"],"gold_per_floor":[212,58,74,44,64,64,80,96,96,96,108,118,118,19,19,115,115,132,132,132,57,57,57,87,87,137,152,152,251,251,251,251,354,354,367,367,67,84,101,101,101,120,120,120,22,54,54,65,65,65],"floor_reached":51,"language":"ZHS","playtime":1708,"items_purged":[],"score":930,"play_id":"3cfe97a5-c33d-41f6-a7c9-f76e56e6cf39","local_time":"20210118110519","is_ascension_mode":true,"campfire_choices":[{"data":"After Image","floor":6.0,"key":"SMITH"},{"floor":10.0,"key":"REST"},{"data":"Dagger Spray","floor":13.0,"key":"SMITH"},{"data":"Terror","floor":15.0,"key":"SMITH"},{"data":"Adrenaline","floor":23.0,"key":"SMITH"},{"floor":25.0,"key":"REST"},{"data":"Noxious Fumes","floor":28.0,"key":"SMITH"},{"data":"Poisoned Stab","floor":32.0,"key":"SMITH"},{"data":"Bullet Time","floor":40.0,"key":"SMITH"},{"data":"Backflip","floor":47,"key":"SMITH"},{"data":"Sucker Punch","floor":49,"key":"SMITH"}],"circlet_count":0,"master_deck":["Strike_G","Strike_G","Strike_G","Strike_G","Defend_G","Defend_G","Defend_G","Defend_G","Defend_G","Survivor","Neutralize","Sucker Punch+1","Leg Sweep","After Image+1","Dagger Spray+1","Dagger Spray","Terror+1","Poisoned Stab+1","Dagger Spray","Noxious Fumes+1","Adrenaline+1","Infinite Blades+1","Dodge and Roll+1","Infinite Blades","Bullet Time+1","Backflip+1","PiercingWail+1","Burst","Distraction+1","Blade Dance+1","Parasite","Dagger Spray"],"relics":["Ring of the Serpent","TwistedFunnel","Ninja Scroll","WarpedTongs","Girya","Juzu Bracelet","Strawberry","Mummified Hand","Ice Cream","Blue Candle","Bird Faced Urn"],"acts_visited":["Exordium","TheCity","TheBeyond"],"potions_floor_usage":[46,50,50,50,50],"damage_taken":[{"damage":10.0,"enemies":"Jaw Worm","floor":1.0,"turns":4.0},{"damage":2.0,"enemies":"Cultist","floor":3.0,"turns":4.0},{"damage":0.0,"enemies":"Small Slimes","floor":5.0,"turns":3.0},{"damage":4.0,"enemies":"3 Louse","floor":7.0,"turns":3.0},{"damage":4.0,"enemies":"Large Slime","floor":8.0,"turns":9.0},{"damage":0.0,"enemies":"Lots of Slimes","floor":11.0,"turns":1.0},{"damage":4.0,"enemies":"Exordium Wildlife","floor":12.0,"turns":2.0},{"damage":25.0,"enemies":"Hexaghost","floor":16.0,"turns":10.0},{"damage":1.0,"enemies":"Shell Parasite","floor":18.0,"turns":5.0},{"damage":19.0,"enemies":"Gremlin Leader","floor":24.0,"turns":5.0},{"damage":1.0,"enemies":"3 Byrds","floor":27.0,"turns":3.0},{"damage":49.0,"enemies":"Automaton","floor":33.0,"turns":10.0},{"damage":5.0,"enemies":"Orb Walker","floor":35.0,"turns":4.0},{"damage":0.0,"enemies":"3 Shapes","floor":38.0,"turns":3.0},{"damage":15.0,"enemies":"Transient","floor":39.0,"turns":5.0},{"damage":11.0,"enemies":"Sphere and 2 Shapes","floor":42.0,"turns":5.0},{"damage":10,"enemies":"Reptomancer","floor":46,"turns":6},{"damage":18,"enemies":"Writhing Mass","floor":48,"turns":7},{"damage":21,"enemies":"Donu and Deca","floor":50,"turns":8}],"seed_played":"9187265489458347567","potions_obtained":[{"floor":4.0,"key":"GamblersBrew"},{"floor":4.0,"key":"LiquidMemories"},{"floor":5.0,"key":"Ancient Potion"},{"floor":11.0,"key":"Dexterity Potion"},{"floor":35.0,"key":"Swift Potion"},{"floor":39.0,"key":"CunningPotion"},{"floor":42.0,"key":"CultistPotion"}],"is_trial":false,"path_per_floor":["M","$","M","?","M","R","M","M","T","R","M","M","R","$","R","B",null,"M","$","?","?","?","R","E","R","T","M","R","?","T","?","R","B",null,"M","?","$","M","M","R","$","M","T","?","$","E","R","M","R","B",null],"character_chosen":"THE_SILENT","items_purchased":["TwistedFunnel","Dagger Spray","Noxious Fumes","Ice Cream","EntropicBrew"],"campfire_rested":2,"item_purchase_floors":[2,14,14,37,45],"current_hp_per_floor":[53,53,51,51,51,51,47,43,43,64,64,60,60,60,60,35,61,60,60,60,60,60,60,41,62,62,61,61,61,68,68,68,19,63,58,58,58,58,43,43,43,32,32,67,67,57,57,47,47,36],"gold":65,"neow_bonus":"HUNDRED_GOLD","is_daily":false,"chose_seed":false,"campfire_upgraded":9,"win_rate":0.0,"timestamp":1610939119,"path_taken":["M","$","M","?","?","R","M","M","T","R","M","?","R","?","R","BOSS","M","$","?","?","?","R","E","R","T","M","R","?","?","?","R","BOSS","M","?","$","M","M","R","?","M","T","?","$","E","R","M","R","BOSS"],"items_purchased_type":["Relic","Card","Card","Relic","Potion"],"build_version":"2020-12-22","purchased_purges":0,"victory":true,"max_hp_per_floor":[70,70,70,70,70,70,70,70,70,70,70,70,70,70,70,70,70,70,70,70,70,70,70,70,70,70,70,70,70,77,77,77,77,77,77,77,77,77,77,77,77,77,77,67,67,67,67,67,67,67],"card_choices":[{"not_picked":["Slice","Prepared"],"picked":"Sucker Punch","floor":1.0},{"not_picked":["Flechettes","PiercingWail"],"picked":"Leg Sweep","floor":3.0},{"not_picked":["PiercingWail","Poisoned Stab"],"picked":"After Image","floor":5.0},{"not_picked":["Flying Knee","Prepared"],"picked":"Dagger Spray","floor":7.0},{"not_picked":["Heel Hook","After Image"],"picked":"Dagger Spray","floor":8.0},{"not_picked":["Blade Dance","Reflex"],"picked":"Terror","floor":11.0},{"not_picked":["Infinite Blades","All Out Attack"],"picked":"Poisoned Stab","floor":12.0},{"not_picked":["Burst","Malaise"],"picked":"Adrenaline","floor":16.0},{"not_picked":["Predator+1","Deflect"],"picked":"Infinite Blades+1","floor":18.0},{"not_picked":["Sucker Punch","Flying Knee"],"picked":"Dodge and Roll+1","floor":24.0},{"not_picked":["Underhanded Strike","Deflect"],"picked":"Infinite Blades","floor":27.0},{"not_picked":["Envenom","Die Die Die"],"picked":"Bullet Time","floor":33.0},{"not_picked":["PiercingWail+1","Setup"],"picked":"Backflip","floor":35.0},{"not_picked":["Acrobatics+1","Outmaneuver+1"],"picked":"PiercingWail+1","floor":38.0},{"not_picked":["Blur+1","Escape Plan"],"picked":"Burst","floor":39.0},{"not_picked":["Quick Slash","Deflect+1"],"picked":"Distraction+1","floor":42.0},{"not_picked":["Flying Knee","Dagger Throw+1"],"picked":"Blade Dance+1","floor":46},{"not_picked":["Backstab+1","Reflex"],"picked":"Dagger Spray","floor":48}],"player_experience":164088,"relics_obtained":[{"floor":9.0,"key":"Ninja Scroll"},{"floor":24.0,"key":"Girya"},{"floor":26.0,"key":"Juzu Bracelet"},{"floor":30.0,"key":"Strawberry"},{"floor":43.0,"key":"Blue Candle"},{"floor":46,"key":"Bird Faced Urn"}],"event_choices":[{"damage_healed":0.0,"max_hp_gain":0.0,"max_hp_loss":0.0,"gold_gain":0.0,"event_name":"The Woman in Blue","player_choice":"Bought 2 Potions","floor":4.0,"gold_loss":0.0,"damage_taken":0.0},{"damage_healed":0.0,"max_hp_gain":0.0,"max_hp_loss":0.0,"gold_gain":0.0,"event_name":"Ghosts","player_choice":"Ignored","floor":20.0,"gold_loss":0.0,"damage_taken":0.0},{"cards_removed":["Strike_G"],"damage_healed":0.0,"max_hp_gain":0.0,"max_hp_loss":0.0,"gold_gain":0.0,"event_name":"Beggar","player_choice":"Gave Gold","floor":21.0,"gold_loss":75.0,"damage_taken":0.0},{"damage_healed":0.0,"max_hp_gain":0.0,"max_hp_loss":0.0,"gold_gain":0.0,"event_name":"Accursed Blacksmith","player_choice":"Rummage","floor":22.0,"gold_loss":0.0,"damage_taken":0.0,"relics_obtained":["WarpedTongs"],"cards_obtained":["Pain"]},{"damage_healed":0.0,"max_hp_gain":0.0,"max_hp_loss":0.0,"gold_gain":99.0,"event_name":"Nest","player_choice":"Stole From Cult","floor":29.0,"gold_loss":0.0,"damage_taken":0.0},{"cards_removed":["Pain"],"damage_healed":0.0,"max_hp_gain":0.0,"max_hp_loss":0.0,"gold_gain":0.0,"event_name":"Purifier","player_choice":"Purged","floor":31.0,"gold_loss":0.0,"damage_taken":0.0},{"damage_healed":0.0,"max_hp_gain":0.0,"max_hp_loss":0.0,"gold_gain":0.0,"event_name":"WeMeetAgain","player_choice":"Gave Potion","floor":36.0,"gold_loss":0.0,"damage_taken":0.0,"relics_obtained":["Mummified Hand"]},{"damage_healed":67.0,"max_hp_gain":0.0,"max_hp_loss":10.0,"gold_gain":0.0,"event_name":"The Moai Head","player_choice":"Heal","floor":44.0,"gold_loss":0.0,"damage_taken":0.0}],"is_beta":false,"boss_relics":[{"not_picked":["SlaversCollar","Runic Pyramid"],"picked":"Ring of the Serpent"},{"not_picked":["Fusion Hammer","Velvet Choker","Cursed Key"]}],"items_purged_floors":[],"is_endless":false,"potions_floor_spawned":[5,11,16,27,35,39,42],"ascension_level":7}}