{"host":"cjhtzh7tp54jdfyv","time":1610930810,"event":{"mods":["AchievementEnabler","BaseMod","Colored Map","Colored Powertips","Curses Come First","DeckTracker","Filter the Spire","Minty Spire (QoL Compilation)","RNG Fix","Relic Sorter","Relic Stats","StSLib","UnlockEverythingMod","ojb\u0027s Better Paths Mod","ojb\u0027s Info Mod"],"gold_per_floor":[99,99,99,99,99,99,99,99,99,99,99,99,99,99,99,99,99,99,99,99,99,99,99,99,99,99,99,99,99,99,99,99,99,99,99,99,99,99,99,99,99,99,99,99,99,99,99,99,99,99,99,99],"floor_reached":51,"language":"ENG","playtime":5278,"items_purged":[],"score":1777,"play_id":"5cfdaa28-e946-4568-b4b1-ac7bb50d23ff","local_time":"20210117194650","is_ascension_mode":true,"campfire_choices":[{"data":"Eruption","floor":6.0,"key":"SMITH"},{"data":"CutThroughFate","floor":15.0,"key":"SMITH"},{"floor":24.0,"key":"REST"},{"floor":27.0,"key":"REST"},{"floor":32,"key":"REST"},{"floor":40,"key":"REST"},{"floor":49,"key":"RECALL"}],"circlet_count":0,"master_deck":["AscendersBane","Strike_P+1","Strike_P+1","Strike_P+1","Strike_P+1","Defend_P+1","Defend_P+1","Defend_P+1","Defend_P+1","Eruption+1","Vigilance+1","Sanctity+1","FlyingSleeves+1","Sanctity+1","EmptyFist+1","LessonLearned+1","SashWhip+1","Adaptation+1","CrushJoints+1","CutThroughFate+1","Ragnarok+1","Consecrate+1","CutThroughFate+1","FearNoEvil+1","Sanctity+1","BowlingBash+1","Meditate+1","Wireheading+1","Vault+1","Omniscience+1","Deep Breath+1","Deep Breath+1","Deep Breath+1","FearNoEvil+1","Indignation+1","InnerPeace+1","Indignation+1","Madness+1","Madness+1"],"relics":["Ectoplasm","Incense Burner","Bag of Marbles","Letter Opener","SlaversCollar","Pen Nib","Toxic Egg 2","Regal Pillow","TeardropLocket","Runic Dome","Boot","Orichalcum","Damaru"],"acts_visited":["Exordium","TheCity","TheBeyond"],"potions_floor_usage":[33,42],"damage_taken":[{"damage":4.0,"enemies":"2 Louse","floor":1.0,"turns":3.0},{"damage":0.0,"enemies":"Small Slimes","floor":2.0,"turns":3.0},{"damage":0.0,"enemies":"Jaw Worm","floor":4.0,"turns":2.0},{"damage":0.0,"enemies":"Blue Slaver","floor":5.0,"turns":6.0},{"damage":16.0,"enemies":"Lagavulin","floor":7.0,"turns":6.0},{"damage":6.0,"enemies":"Large Slime","floor":8.0,"turns":4.0},{"damage":0.0,"enemies":"Gremlin Nob","floor":10.0,"turns":3.0},{"damage":9.0,"enemies":"Red Slaver","floor":11.0,"turns":2.0},{"damage":0.0,"enemies":"Blue Slaver","floor":12.0,"turns":1.0},{"damage":2.0,"enemies":"3 Sentries","floor":13.0,"turns":7.0},{"damage":0.0,"enemies":"Large Slime","floor":14.0,"turns":3.0},{"damage":0.0,"enemies":"Slime Boss","floor":16.0,"turns":3.0},{"damage":9.0,"enemies":"Shell Parasite","floor":18.0,"turns":4.0},{"damage":0.0,"enemies":"Chosen","floor":19.0,"turns":2.0},{"damage":19.0,"enemies":"Centurion and Healer","floor":20.0,"turns":6.0},{"damage":1.0,"enemies":"Chosen and Byrds","floor":21.0,"turns":6.0},{"damage":9.0,"enemies":"Cultist and Chosen","floor":22.0,"turns":4.0},{"damage":0.0,"enemies":"Gremlin Leader","floor":23.0,"turns":4.0},{"damage":6.0,"enemies":"3 Cultists","floor":25.0,"turns":6.0},{"damage":8.0,"enemies":"Slavers","floor":28.0,"turns":4.0},{"damage":0.0,"enemies":"Centurion and Healer","floor":29.0,"turns":6.0},{"damage":16.0,"enemies":"Gremlin Leader","floor":30.0,"turns":3.0},{"damage":6,"enemies":"Cultist and Chosen","floor":31,"turns":4},{"damage":12,"enemies":"Automaton","floor":33,"turns":6},{"damage":13,"enemies":"3 Shapes","floor":35,"turns":3},{"damage":0,"enemies":"Orb Walker","floor":37,"turns":3},{"damage":0,"enemies":"Transient","floor":38,"turns":7},{"damage":0,"enemies":"Maw","floor":39,"turns":3},{"damage":0,"enemies":"3 Darklings","floor":41,"turns":4},{"damage":1,"enemies":"Giant Head","floor":42,"turns":3},{"damage":0,"enemies":"Reptomancer","floor":44,"turns":2},{"damage":9,"enemies":"Writhing Mass","floor":45,"turns":3},{"damage":0,"enemies":"Sphere and 2 Shapes","floor":46,"turns":6},{"damage":41,"enemies":"Time Eater","floor":50,"turns":6},{"damage":13,"enemies":"Awakened One","floor":51,"turns":1}],"seed_played":"796360417603770098","potions_obtained":[{"floor":2.0,"key":"SpeedPotion"},{"floor":5.0,"key":"LiquidMemories"},{"floor":11.0,"key":"Energy Potion"},{"floor":12.0,"key":"EssenceOfSteel"},{"floor":14.0,"key":"BottledMiracle"},{"floor":16.0,"key":"DistilledChaos"},{"floor":18.0,"key":"Explosive Potion"},{"floor":21.0,"key":"CultistPotion"},{"floor":25.0,"key":"Ancient Potion"},{"floor":30.0,"key":"Fruit Juice"},{"floor":39,"key":"Swift Potion"},{"floor":42,"key":"PowerPotion"}],"is_trial":false,"path_per_floor":["M","M","?","M","M","R","E","M","T","E","M","M","E","M","R","B",null,"M","M","M","M","M","E","R","M","T","R","E","M","E","M","R","B",null,"M","?","M","M","M","R","M","E","T","E","M","M","?","?","R","B","B"],"character_chosen":"WATCHER","items_purchased":[],"campfire_rested":4,"item_purchase_floors":[],"current_hp_per_floor":[57,57,62,62,62,62,46,40,40,40,31,31,29,29,29,29,62,53,53,34,33,24,24,45,39,39,60,52,52,36,30,66,54,68,55,45,45,45,45,73,73,77,77,77,68,68,54,54,54,13,0,0],"gold":99,"neow_bonus":"BOSS_RELIC","is_daily":false,"chose_seed":false,"campfire_upgraded":2,"win_rate":0.0,"timestamp":1610930810,"path_taken":["M","M","?","M","M","R","E","M","T","E","M","M","E","M","R","BOSS","M","M","M","?","M","E","R","M","T","R","E","M","E","M","R","BOSS","M","?","M","M","M","R","M","E","T","E","M","M","?","?","R","BOSS","BOSS"],"items_purchased_type":[],"build_version":"2020-12-22","purchased_purges":0,"victory":false,"max_hp_per_floor":[68,68,73,73,73,73,73,73,73,73,73,73,73,73,73,73,73,73,73,73,73,73,73,73,73,73,73,73,73,73,73,73,73,73,73,73,73,73,73,73,73,78,78,78,78,78,78,78,78,78,78,78],"relic_stats":{"Regal Pillow":22,"counters":[35,139],"Ectoplasm":743,"Pen Nib":[16],"Letter Opener":[194],"Orichalcum":[18],"Boot":[0],"obtain_stats":[{"Regal Pillow":28,"Damaru":44,"Pen Nib":23,"Incense Burner":7,"Letter Opener":13,"TeardropLocket":30,"Orichalcum":43,"Boot":42,"SlaversCollar":17,"Runic Dome":34,"Ectoplasm":0,"Bag of Marbles":10,"PureWater":0,"Toxic Egg 2":26},{"Regal Pillow":20,"Damaru":31,"Pen Nib":18,"Incense Burner":5,"Letter Opener":10,"TeardropLocket":22,"Orichalcum":30,"Boot":30,"SlaversCollar":12,"Runic Dome":24,"Ectoplasm":0,"Bag of Marbles":7,"PureWater":0,"Toxic Egg 2":19},{"Regal Pillow":79,"Damaru":123,"Pen Nib":69,"Incense Burner":20,"Letter Opener":37,"TeardropLocket":88,"Orichalcum":121,"Boot":121,"SlaversCollar":43,"Runic Dome":98,"Ectoplasm":0,"Bag of Marbles":27,"PureWater":0,"Toxic Egg 2":75}]},"card_choices":[{"not_picked":["EmptyFist","FollowUp"],"picked":"Sanctity","floor":1.0},{"not_picked":["Nirvana","Collect"],"picked":"FlyingSleeves","floor":2.0},{"not_picked":["LikeWater","Protect"],"picked":"Sanctity","floor":4.0},{"not_picked":["FlyingSleeves","EmptyBody"],"picked":"EmptyFist","floor":5.0},{"not_picked":["JustLucky","InnerPeace"],"picked":"LessonLearned","floor":7.0},{"not_picked":["ThirdEye","DeceiveReality","Nirvana"],"picked":"SKIP","floor":8.0},{"not_picked":["WheelKick","WreathOfFlame"],"picked":"SashWhip","floor":10.0},{"not_picked":["FlyingSleeves","Indignation"],"picked":"Adaptation","floor":11.0},{"not_picked":["Evaluate","FlurryOfBlows"],"picked":"CrushJoints","floor":12.0},{"not_picked":["BattleHymn","DevaForm"],"picked":"CutThroughFate","floor":13.0},{"not_picked":["DeceiveReality","Prostrate","CarveReality"],"picked":"SKIP","floor":14.0},{"not_picked":["Judgement","Alpha"],"picked":"Ragnarok","floor":16.0},{"not_picked":["FlyingSleeves","BowlingBash","CarveReality"],"picked":"SKIP","floor":18.0},{"not_picked":["BowlingBash","FollowUp"],"picked":"Consecrate+1","floor":19.0},{"not_picked":["MasterReality","Consecrate"],"picked":"CutThroughFate","floor":20.0},{"not_picked":["Sanctity","Halt+1"],"picked":"FearNoEvil+1","floor":21.0},{"not_picked":["WindmillStrike","SignatureMove"],"picked":"Sanctity","floor":22.0},{"not_picked":["Collect","CrushJoints"],"picked":"BowlingBash+1","floor":23.0},{"not_picked":["WheelKick","Protect"],"picked":"Meditate+1","floor":25.0},{"not_picked":["Prostrate+1","Halt+1"],"picked":"Wireheading","floor":28.0},{"not_picked":["Protect+1","WindmillStrike","LikeWater"],"picked":"SKIP","floor":29.0},{"not_picked":["LikeWater","SashWhip"],"picked":"Vault+1","floor":30.0},{"not_picked":["JustLucky","Evaluate+1","EmptyBody+1"],"picked":"SKIP","floor":31},{"not_picked":["ConjureBlade+1","Ragnarok"],"picked":"Omniscience+1","floor":33},{"not_picked":["CrushJoints","Pray+1","ThirdEye+1"],"picked":"SKIP","floor":35},{"not_picked":["Forethought+1","Good Instincts+1"],"picked":"Deep Breath+1","floor":36},{"not_picked":["Forethought+1","Violence+1"],"picked":"Deep Breath+1","floor":36},{"not_picked":["PanicButton+1","Panache"],"picked":"Deep Breath+1","floor":36},{"not_picked":["BowlingBash+1","SashWhip+1","Study+1"],"picked":"SKIP","floor":37},{"not_picked":["BowlingBash+1","SandsOfTime","DeceiveReality+1"],"picked":"SKIP","floor":38},{"not_picked":["Weave","BowlingBash"],"picked":"FearNoEvil+1","floor":39},{"not_picked":["Evaluate+1","LikeWater"],"picked":"Indignation+1","floor":41},{"not_picked":["FlurryOfBlows+1","PathToVictory+1"],"picked":"InnerPeace+1","floor":42},{"not_picked":["ThirdEye+1","LikeWater","EmptyBody+1"],"picked":"SKIP","floor":44},{"not_picked":["Alpha+1","ThirdEye+1","DeceiveReality+1"],"picked":"SKIP","floor":45},{"not_picked":["EmptyBody+1","CrushJoints"],"picked":"Indignation+1","floor":46}],"player_experience":4590958,"relics_obtained":[{"floor":7.0,"key":"Incense Burner"},{"floor":10.0,"key":"Bag of Marbles"},{"floor":13.0,"key":"Letter Opener"},{"floor":23.0,"key":"Pen Nib"},{"floor":26.0,"key":"Toxic Egg 2"},{"floor":28.0,"key":"Regal Pillow"},{"floor":30.0,"key":"TeardropLocket"},{"floor":42,"key":"Boot"},{"floor":43,"key":"Orichalcum"},{"floor":44,"key":"Damaru"}],"event_choices":[{"damage_healed":0.0,"max_hp_gain":5.0,"max_hp_loss":0.0,"gold_gain":0.0,"event_name":"Big Fish","player_choice":"Donut","floor":3.0,"gold_loss":0.0,"damage_taken":0.0},{"damage_healed":0,"gold_gain":0,"player_choice":"Memory 3","damage_taken":10,"max_hp_gain":0,"max_hp_loss":0,"event_name":"SensoryStone","floor":36,"gold_loss":0},{"damage_healed":0,"gold_gain":0,"player_choice":"Embrace Madness","damage_taken":14,"max_hp_gain":0,"max_hp_loss":0,"event_name":"Winding Halls","floor":47,"gold_loss":0,"cards_obtained":["Madness","Madness"]},{"damage_healed":0,"gold_gain":0,"player_choice":"Ignored","damage_taken":0,"max_hp_gain":0,"max_hp_loss":0,"event_name":"Accursed Blacksmith","floor":48,"gold_loss":0}],"is_beta":false,"boss_relics":[{"not_picked":["Runic Pyramid","Empty Cage"],"picked":"SlaversCollar"},{"not_picked":["Sozu","Busted Crown"],"picked":"Runic Dome"}],"items_purged_floors":[],"is_endless":false,"potions_floor_spawned":[2,5,11,12,14,16,18,21,22,25,28,30,39,42,45,46],"killed_by":"Awakened One","ascension_level":20}}