{"host":"dhlnk6yox2l1s6up","time":1610937029,"event":{"mods":["BaseMod","Colored Map","Highlight Path","Minty Spire (QoL Compilation)","Relic Stats","StSLib"],"gold_per_floor":[119,119,138,88,88,117,117,42,67,97,97,126,144,154,154,259,259,272,285,64,64,64,78,103,117,144,176,176,209,209,237,237,337,337,354,354,44,59,74,74,123,123,123,138,138,152,152,179,179,179,179,179,35,62,62],"floor_reached":56,"language":"ENG","playtime":8066,"items_purged":["Strike_R","Strike_R"],"score":1704,"play_id":"f2592b9a-d012-41b1-be6d-35da8bfdb914","local_time":"20210117203029","is_ascension_mode":true,"campfire_choices":[{"data":"Cleave","floor":7.0,"key":"SMITH"},{"data":"Armaments","floor":15.0,"key":"SMITH"},{"data":"True Grit","floor":28.0,"key":"SMITH"},{"floor":32.0,"key":"RECALL"},{"data":"True Grit","floor":40.0,"key":"SMITH"},{"data":"Pommel Strike","floor":42.0,"key":"SMITH"},{"data":"Feel No Pain","floor":45.0,"key":"SMITH"},{"data":"Impervious","floor":47.0,"key":"SMITH"},{"data":"Impervious","floor":49.0,"key":"SMITH"},{"data":"Disarm","floor":52.0,"key":"SMITH"}],"circlet_count":0,"master_deck":["Strike_R+1","Strike_R","Defend_R+1","Defend_R","Defend_R","Bash+1","Cleave+1","Rampage","Reaper","Seeing Red","Impervious+1","Armaments+1","Inflame+1","Exhume","Pommel Strike+1","True Grit+1","Feel No Pain+1","Twin Strike+1","Intimidate+1","Dropkick+1","Dropkick+1","Disarm+1","Impervious+1","True Grit+1","Fiend Fire+1","Parasite","Shrug It Off","Spot Weakness+1","Battle Trance+1","Impervious+1"],"relics":["Burning Blood","Lantern","Bag of Preparation","Nunchaku","Boot","Bronze Scales","Philosopher\u0027s Stone","Molten Egg 2","Potion Belt","Bottled Lightning","InkBottle","Ancient Tea Set","Coffee Dripper","OrangePellets","Incense Burner","Shuriken","DollysMirror","Anchor"],"acts_visited":["Exordium","TheCity","TheBeyond","TheEnding"],"potions_floor_usage":[55,55,55,55,55,55,55,55],"damage_taken":[{"damage":6.0,"enemies":"Cultist","floor":1.0,"turns":3.0},{"damage":0.0,"enemies":"Small Slimes","floor":3.0,"turns":3.0},{"damage":18.0,"enemies":"Gremlin Nob","floor":6.0,"turns":4.0},{"damage":12.0,"enemies":"3 Sentries","floor":10.0,"turns":6.0},{"damage":8.0,"enemies":"Gremlin Nob","floor":12.0,"turns":3.0},{"damage":0.0,"enemies":"2 Louse","floor":13.0,"turns":2.0},{"damage":8.0,"enemies":"Red Slaver","floor":14.0,"turns":3.0},{"damage":0.0,"enemies":"Slime Boss","floor":16.0,"turns":6.0},{"damage":12.0,"enemies":"2 Thieves","floor":18.0,"turns":4.0},{"damage":0.0,"enemies":"Chosen","floor":19.0,"turns":4.0},{"damage":37.0,"enemies":"Snake Plant","floor":23.0,"turns":4.0},{"damage":0.0,"enemies":"Gremlin Leader","floor":24.0,"turns":7.0},{"damage":19.0,"enemies":"Sentry and Sphere","floor":25.0,"turns":5.0},{"damage":24.0,"enemies":"Slavers","floor":27.0,"turns":6.0},{"damage":7.0,"enemies":"Gremlin Leader","floor":29.0,"turns":6.0},{"damage":9.0,"enemies":"Slavers","floor":31.0,"turns":6.0},{"damage":49.0,"enemies":"Automaton","floor":33.0,"turns":10.0},{"damage":0.0,"enemies":"3 Shapes","floor":35.0,"turns":5.0},{"damage":3.0,"enemies":"3 Darklings","floor":38.0,"turns":6.0},{"damage":17.0,"enemies":"Writhing Mass","floor":39.0,"turns":8.0},{"damage":7.0,"enemies":"2 Orb Walkers","floor":41.0,"turns":4.0},{"damage":0.0,"enemies":"Jaw Worm Horde","floor":44.0,"turns":4.0},{"damage":0.0,"enemies":"Transient","floor":46.0,"turns":5.0},{"damage":10.0,"enemies":"Reptomancer","floor":48.0,"turns":7.0},{"damage":71.0,"enemies":"Donu and Deca","floor":50.0,"turns":8.0},{"damage":13.0,"enemies":"Shield and Spear","floor":54.0,"turns":9.0},{"damage":36,"enemies":"The Heart","floor":55,"turns":11}],"seed_played":"-839670733459566631","potions_obtained":[{"floor":6.0,"key":"Block Potion"},{"floor":12.0,"key":"SpeedPotion"},{"floor":13.0,"key":"BlessingOfTheForge"},{"floor":19.0,"key":"SkillPotion"},{"floor":23.0,"key":"SkillPotion"},{"floor":27.0,"key":"ColorlessPotion"},{"floor":29.0,"key":"HeartOfIron"},{"floor":38.0,"key":"Swift Potion"},{"floor":39.0,"key":"DistilledChaos"},{"floor":46.0,"key":"Fruit Juice"},{"floor":48.0,"key":"ColorlessPotion"},{"floor":54.0,"key":"Dexterity Potion"}],"is_trial":false,"path_per_floor":["M","?","M","?","?","E","R","$","T","E","?","E","M","M","R","B",null,"M","M","$","?","?","M","E","M","T","E","R","E","?","E","R","B",null,"M","?","$","M","M","R","?","R","T","M","R","M","R","E","R","B",null,"R","$","E","B",null],"character_chosen":"IRONCLAD","items_purchased":["True Grit","Feel No Pain","OrangePellets","EntropicBrew","True Grit","DollysMirror"],"campfire_rested":0,"item_purchase_floors":[20,20,37,37,37,53],"current_hp_per_floor":[72,77,83,83,66,54,54,54,54,60,60,64,80,78,78,85,85,79,85,85,69,69,48,69,62,62,51,51,69,69,82,82,49,80,90,90,90,90,86,86,90,90,90,90,90,90,90,90,90,38,77,77,77,70,64],"gold":62,"neow_bonus":"RANDOM_COMMON_RELIC","is_daily":false,"chose_seed":false,"campfire_upgraded":9,"win_rate":0.0,"timestamp":1610937029,"path_taken":["M","?","M","?","?","E","R","$","T","E","?","E","M","M","R","BOSS","M","M","?","?","?","?","E","M","T","E","R","E","?","E","R","BOSS","M","?","$","M","?","R","?","R","T","M","R","M","R","E","R","BOSS","R","$","E","BOSS"],"items_purchased_type":["Card","Card","Relic","Potion","Card","Relic"],"build_version":"2020-12-22","purchased_purges":2,"victory":true,"max_hp_per_floor":[80,85,85,85,85,85,85,85,85,85,85,85,85,85,85,85,85,85,85,85,90,90,90,90,90,90,90,90,90,90,90,90,90,90,90,90,90,90,90,90,90,90,90,90,90,90,90,90,90,90,90,90,90,90,95],"relic_stats":{"OrangePellets":[6],"Nunchaku":[30],"counters":[27,149],"Shuriken":[9],"Bronze Scales":[493],"Bag of Preparation":[48],"Boot":[27],"obtain_stats":[{"Potion Belt":26,"Lantern":0,"Bag of Preparation":6,"Incense Burner":41,"Boot":10,"Ancient Tea Set":31,"Burning Blood":0,"OrangePellets":37,"Nunchaku":9,"Anchor":54,"Shuriken":48,"DollysMirror":53,"Bronze Scales":12,"Philosopher\u0027s Stone":17,"Molten Egg 2":24,"Coffee Dripper":34,"Bottled Lightning":27,"InkBottle":29},{"Potion Belt":13,"Lantern":0,"Bag of Preparation":3,"Incense Burner":21,"Boot":4,"Ancient Tea Set":16,"Burning Blood":0,"OrangePellets":18,"Nunchaku":3,"Anchor":26,"Shuriken":24,"DollysMirror":25,"Bronze Scales":5,"Philosopher\u0027s Stone":8,"Molten Egg 2":12,"Coffee Dripper":17,"Bottled Lightning":14,"InkBottle":15},{"Potion Belt":54,"Lantern":0,"Bag of Preparation":10,"Incense Burner":105,"Boot":16,"Ancient Tea Set":72,"Burning Blood":0,"OrangePellets":87,"Nunchaku":10,"Anchor":138,"Shuriken":121,"DollysMirror":129,"Bronze Scales":19,"Philosopher\u0027s Stone":30,"Molten Egg 2":49,"Coffee Dripper":82,"Bottled Lightning":60,"InkBottle":66}],"Burning Blood":117,"InkBottle":[36]},"card_choices":[{"not_picked":["Iron Wave","Feel No Pain"],"picked":"Cleave","floor":1.0},{"not_picked":["Armaments","Rupture"],"picked":"Rampage","floor":3.0},{"not_picked":["Immolate","Body Slam"],"picked":"Reaper","floor":6.0},{"not_picked":["Twin Strike","Heavy Blade"],"picked":"Seeing Red","floor":10.0},{"not_picked":["Rampage","Iron Wave"],"picked":"Impervious","floor":12.0},{"not_picked":["Anger","Uppercut"],"picked":"Armaments","floor":13.0},{"not_picked":["Clothesline","Armaments"],"picked":"Inflame","floor":14.0},{"not_picked":["Double Tap","Bludgeon"],"picked":"Exhume","floor":16.0},{"not_picked":["Anger","Carnage"],"picked":"Pommel Strike","floor":18.0},{"not_picked":["Fire Breathing+1","Sever Soul+1","Warcry"],"picked":"SKIP","floor":19.0},{"not_picked":["Heavy Blade","Second Wind","Perfected Strike"],"picked":"SKIP","floor":23.0},{"not_picked":["Body Slam+1","Armaments","Warcry+1"],"picked":"SKIP","floor":24.0},{"not_picked":["Wild Strike+1","Blood for Blood+1"],"picked":"Twin Strike+1","floor":25.0},{"not_picked":["Havoc","Twin Strike+1"],"picked":"Intimidate+1","floor":27.0},{"not_picked":["Anger+1","Infernal Blade+1"],"picked":"Dropkick+1","floor":29.0},{"not_picked":["Thunderclap+1","Havoc+1"],"picked":"Disarm","floor":31.0},{"not_picked":["Bludgeon+1","Juggernaut"],"picked":"Impervious","floor":33.0},{"not_picked":["Anger+1","Flex+1","Warcry"],"picked":"SKIP","floor":35.0},{"not_picked":["Pommel Strike+1","Cleave+1"],"picked":"Fiend Fire+1","floor":38.0},{"not_picked":["Perfected Strike+1","Thunderclap+1"],"picked":"Shrug It Off","floor":39.0},{"not_picked":["Flex","Headbutt+1"],"picked":"Spot Weakness+1","floor":41.0},{"not_picked":["Second Wind+1","Sever Soul+1","Whirlwind+1"],"picked":"SKIP","floor":44.0},{"not_picked":["Twin Strike+1","Juggernaut","Perfected Strike+1"],"picked":"SKIP","floor":46.0},{"not_picked":["Reckless Charge+1","Twin Strike+1"],"picked":"Battle Trance+1","floor":48.0},{"not_picked":["Hemokinesis+1","Immolate+1","Inflame+1"],"picked":"SKIP","floor":54.0}],"player_experience":5861496,"relics_obtained":[{"floor":6.0,"key":"Bag of Preparation"},{"floor":9.0,"key":"Nunchaku"},{"floor":10.0,"key":"Boot"},{"floor":12.0,"key":"Bronze Scales"},{"floor":24.0,"key":"Molten Egg 2"},{"floor":26.0,"key":"Potion Belt"},{"floor":27.0,"key":"Bottled Lightning"},{"floor":29.0,"key":"InkBottle"},{"floor":31.0,"key":"Ancient Tea Set"},{"floor":41.0,"key":"Incense Burner"},{"floor":48.0,"key":"Shuriken"},{"floor":54.0,"key":"Anchor"}],"event_choices":[{"damage_healed":0.0,"max_hp_gain":5.0,"max_hp_loss":0.0,"gold_gain":0.0,"event_name":"Big Fish","player_choice":"Donut","floor":2.0,"gold_loss":0.0,"damage_taken":0.0},{"cards_removed":["Strike_R"],"damage_healed":0.0,"max_hp_gain":0.0,"max_hp_loss":0.0,"gold_gain":0.0,"event_name":"The Cleric","player_choice":"Card Removal","floor":4.0,"gold_loss":50.0,"damage_taken":0.0},{"damage_healed":0.0,"max_hp_gain":0.0,"max_hp_loss":0.0,"gold_gain":0.0,"event_name":"Shining Light","player_choice":"Entered Light","floor":5.0,"gold_loss":0.0,"damage_taken":17.0,"cards_upgraded":["Strike_R","Defend_R"]},{"damage_healed":0.0,"max_hp_gain":0.0,"max_hp_loss":0.0,"gold_gain":0.0,"event_name":"Upgrade Shrine","player_choice":"Upgraded","floor":11.0,"gold_loss":0.0,"damage_taken":0.0,"cards_upgraded":["Bash"]},{"damage_healed":0.0,"max_hp_gain":5.0,"max_hp_loss":0.0,"gold_gain":0.0,"event_name":"Forgotten Altar","player_choice":"Shed Blood","floor":21.0,"gold_loss":0.0,"damage_taken":21.0},{"cards_removed":["Defend_R"],"damage_healed":0.0,"max_hp_gain":0.0,"max_hp_loss":0.0,"gold_gain":0.0,"event_name":"Bonfire Elementals","player_choice":"Offered Basic","floor":22.0,"gold_loss":0.0,"damage_taken":0.0},{"damage_healed":0.0,"max_hp_gain":0.0,"max_hp_loss":0.0,"gold_gain":0.0,"event_name":"The Library","player_choice":"Read","floor":30.0,"gold_loss":0.0,"damage_taken":0.0,"cards_obtained":["Dropkick"]},{"damage_healed":0.0,"max_hp_gain":0.0,"max_hp_loss":0.0,"gold_gain":0.0,"event_name":"Upgrade Shrine","player_choice":"Upgraded","floor":36.0,"gold_loss":0.0,"damage_taken":0.0,"cards_upgraded":["Inflame"]},{"damage_healed":0.0,"max_hp_gain":0.0,"max_hp_loss":0.0,"gold_gain":0.0,"event_name":"Mysterious Sphere","player_choice":"Fight","floor":41.0,"gold_loss":0.0,"damage_taken":0.0}],"is_beta":false,"boss_relics":[{"not_picked":["Calling Bell","Tiny House"],"picked":"Philosopher\u0027s Stone"},{"not_picked":["Astrolabe","Black Star"],"picked":"Coffee Dripper"}],"items_purged_floors":[8,20],"is_endless":false,"potions_floor_spawned":[6,12,13,19,23,24,27,29,38,39,46,48,54],"ascension_level":8}}