{"host":"oigynbtg272c19pw","time":1610984145,"event":{"mods":["BaseMod","Colored Map","Minty Spire (QoL Compilation)","Relic Stats","Slay the Relics Exporter","StSLib"],"gold_per_floor":[109,6,6,6,81,81,107,107,134,134,146,146,174,191,191,270,270,289,301,201,201,221,221,221,221],"floor_reached":24,"playtime":792,"items_purged":["Regret","Strike_B"],"score":404,"play_id":"771a57b4-1c3c-45dc-b740-aa8683a0b935","local_time":"20210118163545","is_ascension_mode":true,"campfire_choices":[{"floor":6,"key":"REST"},{"floor":8,"key":"REST"},{"data":"Zap","floor":10,"key":"SMITH"},{"floor":15,"key":"REST"},{"floor":23,"key":"REST"}],"circlet_count":0,"master_deck":["AscendersBane","Strike_B","Strike_B","Defend_B","Defend_B","Defend_B","Defend_B","Zap+1","Dualcast","Panache","Gash","Sweeping Beam","Gash","Steam","Rip and Tear+1","Electrodynamics","Turbo","Loop","Go for the Eyes+1","Multi-Cast","Beam Cell+1","Tempest","Writhe","Turbo+1","Undo"],"relics":["Cracked Core","Dream Catcher","Molten Egg 2","Pen Nib","Peace Pipe","Mango","Nuclear Battery","Potion Belt"],"acts_visited":["Exordium","TheCity"],"potions_floor_usage":[19,22,22,24],"damage_taken":[{"damage":5,"enemies":"2 Louse","floor":1,"turns":2},{"damage":43,"enemies":"Gremlin Nob","floor":7,"turns":4},{"damage":0,"enemies":"Jaw Worm","floor":11,"turns":2},{"damage":15,"enemies":"3 Sentries","floor":13,"turns":3},{"damage":7,"enemies":"Small Slimes","floor":14,"turns":2},{"damage":26,"enemies":"The Guardian","floor":16,"turns":11},{"damage":35,"enemies":"Shell Parasite","floor":18,"turns":4},{"damage":15,"enemies":"Chosen","floor":19,"turns":5},{"damage":25,"enemies":"Shelled Parasite and Fungi","floor":22,"turns":6},{"damage":37,"enemies":"Book of Stabbing","floor":24,"turns":4}],"seed_played":"-1309074216484527411","potions_obtained":[{"floor":13,"key":"Regen Potion"},{"floor":14,"key":"LiquidMemories"},{"floor":19,"key":"SkillPotion"},{"floor":22,"key":"PowerPotion"}],"is_trial":false,"path_per_floor":["M","$","?","?","?","R","E","R","T","R","M","T","E","M","R","B",null,"M","M","$","?","M","R","E"],"character_chosen":"DEFECT","items_purchased":["Sweeping Beam"],"campfire_rested":4,"item_purchase_floors":[2],"current_hp_per_floor":[59,59,52,34,23,44,1,22,22,22,22,22,21,14,39,13,67,32,31,31,31,6,31,0,0],"gold":221,"neow_bonus":"RANDOM_COLORLESS_2","is_daily":false,"chose_seed":false,"campfire_upgraded":1,"win_rate":0.0,"timestamp":1610984145,"path_taken":["M","$","?","?","?","R","E","R","T","R","M","?","E","M","R","BOSS","M","M","$","?","M","R","E"],"items_purchased_type":["Card"],"build_version":"2020-12-13","purchased_purges":2,"victory":false,"max_hp_per_floor":[71,71,71,71,71,71,71,71,71,71,71,71,85,85,85,85,85,85,85,85,85,85,85,85,85],"relic_stats":{"Peace Pipe":0,"Dream Catcher":4,"counters":[10,43],"Pen Nib":[6],"obtain_stats":[{"Peace Pipe":12,"Potion Belt":21,"Dream Catcher":4,"Molten Egg 2":7,"Mango":13,"Pen Nib":9,"Cracked Core":0,"Nuclear Battery":17},{"Peace Pipe":3,"Potion Belt":8,"Dream Catcher":1,"Molten Egg 2":2,"Mango":4,"Pen Nib":2,"Cracked Core":0,"Nuclear Battery":6},{"Peace Pipe":8,"Potion Belt":33,"Dream Catcher":2,"Molten Egg 2":6,"Mango":11,"Pen Nib":6,"Cracked Core":0,"Nuclear Battery":24}]},"card_choices":[{"not_picked":["Magnetism","Sadistic Nature"],"picked":"Panache","floor":0},{"not_picked":["Beam Cell","Cold Snap"],"picked":"Gash","floor":1},{"not_picked":["Barrage","Double Energy"],"picked":"Gash","floor":6},{"not_picked":["Recycle","Hologram"],"picked":"Steam","floor":7},{"not_picked":["Steam Power","Tempest"],"picked":"Rip and Tear+1","floor":8},{"not_picked":["Glacier","Chaos"],"picked":"Electrodynamics","floor":11},{"not_picked":["Leap","Lockon+1"],"picked":"Turbo","floor":13},{"not_picked":["Heatsinks","Darkness"],"picked":"Loop","floor":14},{"not_picked":["Static Discharge","Sweeping Beam+1"],"picked":"Go for the Eyes+1","floor":15},{"not_picked":["Electrodynamics","Machine Learning"],"picked":"Multi-Cast","floor":16},{"not_picked":["Turbo","Streamline+1"],"picked":"Beam Cell+1","floor":18},{"not_picked":["Redo+1","Stack"],"picked":"Tempest","floor":19},{"not_picked":["Redo","Go for the Eyes+1"],"picked":"Turbo+1","floor":22},{"not_picked":["Consume","Coolheaded"],"picked":"Undo","floor":23}],"player_experience":1433599,"relics_obtained":[{"floor":7,"key":"Molten Egg 2"},{"floor":9,"key":"Pen Nib"},{"floor":12,"key":"Peace Pipe"},{"floor":13,"key":"Mango"}],"event_choices":[{"cards_removed":["Strike_B"],"damage_healed":0,"gold_gain":0,"player_choice":"Card Removal","damage_taken":7,"max_hp_gain":0,"max_hp_loss":0,"event_name":"Golden Wing","floor":3,"gold_loss":0},{"damage_healed":0,"gold_gain":0,"player_choice":"Success","damage_taken":18,"relics_obtained":["Dream Catcher"],"max_hp_gain":0,"max_hp_loss":0,"event_name":"Scrap Ooze","floor":4,"gold_loss":0},{"damage_healed":0,"gold_gain":75,"player_choice":"Gather Gold","damage_taken":11,"max_hp_gain":0,"max_hp_loss":0,"event_name":"World of Goop","floor":5,"gold_loss":0},{"damage_healed":0,"gold_gain":0,"player_choice":"Opened","damage_taken":0,"relics_obtained":["Potion Belt"],"max_hp_gain":0,"max_hp_loss":0,"event_name":"The Mausoleum","floor":21,"gold_loss":0,"cards_obtained":["Writhe"]}],"is_beta":false,"boss_relics":[{"not_picked":["Tiny House","Ectoplasm"],"picked":"Nuclear Battery"}],"items_purged_floors":[2,20],"is_endless":false,"potions_floor_spawned":[13,14,19,22],"killed_by":"Book of Stabbing","ascension_level":20}}