{"host":"5jzx1090woovszu4","time":1610930947,"event":{"mods":["BaseMod","Minty Spire (QoL Compilation)","Robot Space Explorer","Spicy Shops","StSLib","The Marked"],"gold_per_floor":[113,288,70,82,82,82,92,119,119,146,146,172,247,277,277,381,381,398,45,45,63,81,111,111,111,111,145,145,145,471,22,22,123,123,138,138,152,202,254,254,288,316,316,350,368,19,19,19,19,19],"floor_reached":51,"language":"ENG","playtime":3012,"items_purged":["Doubt"],"score":1363,"play_id":"ac534ccf-3d2f-48e5-8105-8158f3d24dc2","local_time":"20210118014907","daily_mods":["SealedDeck","Elite Swarm"],"is_ascension_mode":false,"campfire_choices":[{"data":"RobotSpaceExplorer:MiniBoosters","floor":6,"key":"SMITH"},{"data":"RobotSpaceExplorer:Ammunition","floor":11,"key":"SMITH"},{"data":"RobotSpaceExplorer:MiniDrones","floor":15,"key":"SMITH"},{"data":"RobotSpaceExplorer:ChargingLaser","floor":24,"key":"SMITH"},{"floor":29,"key":"REST"},{"floor":32,"key":"REST"},{"data":"RobotSpaceExplorer:ShockMissile","floor":40,"key":"SMITH"},{"data":"RobotSpaceExplorer:Arsenal","floor":47,"key":"SMITH"},{"data":"Madness","floor":49,"key":"SMITH"}],"circlet_count":0,"master_deck":["RobotSpaceExplorer:Pulsar","RobotSpaceExplorer:Pulsar","RobotSpaceExplorer:Ammunition","RobotSpaceExplorer:MiniBoosters+1","RobotSpaceExplorer:ScrapMissile","RobotSpaceExplorer:ScrapMissile","RobotSpaceExplorer:Ammunition+1","RobotSpaceExplorer:Ammunition","RobotSpaceExplorer:ScrapMissile","RobotSpaceExplorer:MiniDrones+1","RobotSpaceExplorer:ScrapMissile","RobotSpaceExplorer:ShovelStrike","RobotSpaceExplorer:ScrapMissile","RobotSpaceExplorer:Pulsar","RobotSpaceExplorer:Accelerator+1","RobotSpaceExplorer:Explosion","RobotSpaceExplorer:Ammunition","RobotSpaceExplorer:MiniDrones","RobotSpaceExplorer:ChargingLaser+1","RobotSpaceExplorer:Scanner+1","RobotSpaceExplorer:ShockMissile+1","RobotSpaceExplorer:MiniBoosters+1","RobotSpaceExplorer:Ammunition","RobotSpaceExplorer:Arsenal+1","RobotSpaceExplorer:MiniDrones+1","RobotSpaceExplorer:PowerCollector+1","RobotSpaceExplorer:Autoloader+1","RobotSpaceExplorer:Autoloader+1","RobotSpaceExplorer:MiniBoosters+1","RobotSpaceExplorer:PlasmaMissile","RobotSpaceExplorer:MiniBoosters+1","Madness+1","Madness"],"relics":["RobotSpaceExplorer:TurboCore","Ice Cream","Peace Pipe","Frozen Egg 2","InkBottle","Letter Opener","StrikeDummy","Chemical X","Pen Nib","Nilry\u0027s Codex","Mercury Hourglass","Darkstone Periapt","Unceasing Top","Old Coin","Membership Card","Bottled Tornado","Empty Cage","FossilizedHelix","WingedGreaves","Gambling Chip","Anchor","Blood Vial","Pear","Juzu Bracelet","DollysMirror","Sundial","HornCleat"],"acts_visited":["Exordium","TheCity","TheBeyond"],"potions_floor_usage":[8,16,21,23,30,33,33,38,50,50,50],"damage_taken":[{"damage":3,"enemies":"Small Slimes","floor":1,"turns":2},{"damage":0,"enemies":"2 Louse","floor":4,"turns":2},{"damage":0,"enemies":"Jaw Worm","floor":7,"turns":1},{"damage":0,"enemies":"Lagavulin","floor":8,"turns":5},{"damage":0,"enemies":"Gremlin Nob","floor":10,"turns":3},{"damage":0,"enemies":"Lagavulin","floor":12,"turns":5},{"damage":0,"enemies":"Gremlin Nob","floor":14,"turns":2},{"damage":0,"enemies":"Slime Boss","floor":16,"turns":4},{"damage":0,"enemies":"3 Byrds","floor":18,"turns":2},{"damage":0,"enemies":"Chosen","floor":21,"turns":1},{"damage":0,"enemies":"Sentry and Sphere","floor":22,"turns":2},{"damage":2,"enemies":"Slavers","floor":23,"turns":3},{"damage":21,"enemies":"Gremlin Leader","floor":27,"turns":4},{"damage":0,"enemies":"Slavers","floor":30,"turns":1},{"damage":0,"enemies":"Automaton","floor":33,"turns":3},{"damage":0,"enemies":"3 Shapes","floor":35,"turns":1},{"damage":0,"enemies":"Orb Walker","floor":37,"turns":2},{"damage":0,"enemies":"Mind Bloom Boss Battle","floor":38,"turns":3},{"damage":0,"enemies":"2 Orb Walkers","floor":39,"turns":3},{"damage":0,"enemies":"Nemesis","floor":41,"turns":3},{"damage":0,"enemies":"Reptomancer","floor":42,"turns":2},{"damage":0,"enemies":"Giant Head","floor":44,"turns":5},{"damage":0,"enemies":"4 Shapes","floor":45,"turns":2},{"damage":0,"enemies":"Time Eater","floor":50,"turns":5}],"seed_played":"-4197005630160414510","potions_obtained":[{"floor":1,"key":"PowerPotion"},{"floor":8,"key":"SkillPotion"},{"floor":10,"key":"CultistPotion"},{"floor":14,"key":"SteroidPotion"},{"floor":18,"key":"SteroidPotion"},{"floor":22,"key":"EssenceOfSteel"},{"floor":27,"key":"Dexterity Potion"},{"floor":30,"key":"FearPotion"},{"floor":35,"key":"LiquidBronze"},{"floor":37,"key":"Fruit Juice"},{"floor":41,"key":"ColorlessPotion"},{"floor":44,"key":"BlessingOfTheForge"},{"floor":45,"key":"Strength Potion"}],"is_trial":true,"path_per_floor":["M","?","$","M","$","R","M","E","T","E","R","E","?","E","R","B",null,"M","$","?","M","M","E","R","?","T","E","?","R","E","$","R","B",null,"M","?","M","?","?","R","E","E","T","E","M","$","R","?","R","B",null],"character_chosen":"RobotSpaceExplorer","items_purchased":["RobotSpaceExplorer:ScrapMissile","RobotSpaceExplorer:ShovelStrike","Chemical X","Pen Nib","RobotSpaceExplorer:Ammunition","RobotSpaceExplorer:MiniBoosters+1","Membership Card","Bottled Tornado","RobotSpaceExplorer:Ammunition","RobotSpaceExplorer:MiniBoosters+1","RobotSpaceExplorer:PlasmaMissile","DollysMirror","Sundial","HornCleat"],"campfire_rested":2,"item_purchase_floors":[3,3,19,19,19,31,31,31,31,46,46,46,46,46],"current_hp_per_floor":[72,72,72,72,72,72,72,72,72,72,72,72,61,61,61,61,75,75,75,59,59,59,57,57,57,57,36,36,58,58,58,75,75,75,75,75,75,80,80,80,80,80,80,90,90,90,90,79,79,81],"gold":19,"neow_bonus":"","is_daily":false,"chose_seed":false,"campfire_upgraded":7,"win_rate":0.0,"timestamp":1610930947,"path_taken":["M","?","$","M","$","R","M","E","T","E","R","E","?","E","R","BOSS","M","$","?","M","M","E","R","?","T","E","?","R","E","?","R","BOSS","M","?","M","?","?","R","E","E","T","E","M","$","R","?","R","BOSS"],"items_purchased_type":["Card","Card","Relic","Relic","Card","Card","Relic","Relic","Card","Card","Card","Relic","Relic","Relic"],"build_version":"2020-12-22","purchased_purges":1,"victory":true,"max_hp_per_floor":[75,75,75,75,75,75,75,75,75,75,75,75,75,75,75,75,75,75,75,75,75,75,75,75,75,75,75,75,75,75,75,75,75,75,75,75,75,80,80,80,80,80,80,90,90,90,90,90,90,90],"card_choices":[{"not_picked":["RobotSpaceExplorer:DoubleBlock","RobotSpaceExplorer:GlueShot"],"picked":"RobotSpaceExplorer:MiniDrones","floor":1},{"not_picked":["RobotSpaceExplorer:MetalStrike","RobotSpaceExplorer:ImprovisedAttack"],"picked":"RobotSpaceExplorer:ScrapMissile","floor":4},{"not_picked":["RobotSpaceExplorer:ShockKick","RobotSpaceExplorer:MiniDrones"],"picked":"RobotSpaceExplorer:Pulsar","floor":7},{"not_picked":["RobotSpaceExplorer:TrailblazerForm","RobotSpaceExplorer:DroneSwarm"],"picked":"RobotSpaceExplorer:Exploration","floor":8},{"not_picked":["RobotSpaceExplorer:Blaster","RobotSpaceExplorer:HighVoltage"],"picked":"RobotSpaceExplorer:Exploration","floor":10},{"not_picked":["RobotSpaceExplorer:Multitool+1","RobotSpaceExplorer:DroneSwarm+1"],"picked":"RobotSpaceExplorer:Accelerator+1","floor":12},{"not_picked":["RobotSpaceExplorer:ShockMissile","RobotSpaceExplorer:BlastShield"],"picked":"RobotSpaceExplorer:Comet","floor":14},{"not_picked":["RobotSpaceExplorer:BlastShield","RobotSpaceExplorer:Multitool+1"],"picked":"RobotSpaceExplorer:Explosion","floor":16},{"not_picked":["RobotSpaceExplorer:PowerCollector+1","RobotSpaceExplorer:MetalStrike","RobotSpaceExplorer:DoubleFind"],"picked":"SKIP","floor":18},{"not_picked":["RobotSpaceExplorer:ExhaustFan+1","RobotSpaceExplorer:DualCore+1"],"picked":"RobotSpaceExplorer:MiniDrones","floor":21},{"not_picked":["RobotSpaceExplorer:StunGrenade","RobotSpaceExplorer:Probe","RobotSpaceExplorer:Electroshield"],"picked":"SKIP","floor":22},{"not_picked":["RobotSpaceExplorer:BlastShield","RobotSpaceExplorer:TrailblazerForm+1"],"picked":"RobotSpaceExplorer:ChargingLaser","floor":23},{"not_picked":["RobotSpaceExplorer:TrailblazerForm+1","RobotSpaceExplorer:ChargingLaser"],"picked":"RobotSpaceExplorer:Scanner+1","floor":27},{"not_picked":["RobotSpaceExplorer:ChargingLaser","RobotSpaceExplorer:Wormhole"],"picked":"RobotSpaceExplorer:ShockMissile","floor":30},{"not_picked":["RobotSpaceExplorer:Asteroid","RobotSpaceExplorer:Accelerator+1"],"picked":"RobotSpaceExplorer:Arsenal","floor":33},{"not_picked":["RobotSpaceExplorer:GlueSpray","RobotSpaceExplorer:ImprovisedAttack+1","RobotSpaceExplorer:Pulsar"],"picked":"SKIP","floor":35},{"not_picked":["RobotSpaceExplorer:DoubleBlock","RobotSpaceExplorer:Pulsar+1"],"picked":"RobotSpaceExplorer:MiniDrones+1","floor":37},{"not_picked":["RobotSpaceExplorer:Counterblock","RobotSpaceExplorer:SwiftStep"],"picked":"RobotSpaceExplorer:PowerCollector+1","floor":39},{"not_picked":["RobotSpaceExplorer:DroneSwarm+1","RobotSpaceExplorer:Arsenal"],"picked":"RobotSpaceExplorer:Autoloader+1","floor":41},{"not_picked":["RobotSpaceExplorer:ShockMissile","RobotSpaceExplorer:Blaster"],"picked":"RobotSpaceExplorer:Exploration","floor":42},{"not_picked":["RobotSpaceExplorer:Asteroid","RobotSpaceExplorer:Scanner+1"],"picked":"RobotSpaceExplorer:Autoloader+1","floor":44},{"not_picked":["RobotSpaceExplorer:FranticSearch+1","RobotSpaceExplorer:ShockKick+1","RobotSpaceExplorer:Discharger+1"],"picked":"SKIP","floor":45},{"not_picked":["RobotSpaceExplorer:FranticSearch+1","RobotSpaceExplorer:ShockKick+1","RobotSpaceExplorer:Discharger+1"],"picked":"SKIP","floor":45}],"player_experience":612476,"relics_obtained":[{"floor":8,"key":"Ice Cream"},{"floor":9,"key":"Peace Pipe"},{"floor":10,"key":"Frozen Egg 2"},{"floor":12,"key":"InkBottle"},{"floor":12,"key":"Letter Opener"},{"floor":14,"key":"StrikeDummy"},{"floor":20,"key":"Nilry\u0027s Codex"},{"floor":23,"key":"Mercury Hourglass"},{"floor":26,"key":"Darkstone Periapt"},{"floor":27,"key":"Unceasing Top"},{"floor":30,"key":"Old Coin"},{"floor":38,"key":"FossilizedHelix"},{"floor":39,"key":"WingedGreaves"},{"floor":41,"key":"Gambling Chip"},{"floor":42,"key":"Anchor"},{"floor":43,"key":"Blood Vial"},{"floor":44,"key":"Pear"},{"floor":44,"key":"Juzu Bracelet"}],"event_choices":[{"damage_healed":0,"gold_gain":175,"player_choice":"AGREE","damage_taken":0,"max_hp_gain":0,"max_hp_loss":0,"event_name":"Liars Game","floor":2,"gold_loss":0,"cards_obtained":["Doubt"]},{"damage_healed":0,"gold_gain":75,"player_choice":"Gather Gold","damage_taken":11,"max_hp_gain":0,"max_hp_loss":0,"event_name":"World of Goop","floor":13,"gold_loss":0},{"damage_healed":0,"gold_gain":0,"player_choice":"Obtained Book","damage_taken":16,"max_hp_gain":0,"max_hp_loss":0,"event_name":"Cursed Tome","floor":20,"gold_loss":0},{"damage_healed":0,"gold_gain":0,"player_choice":"Ignored","damage_taken":0,"max_hp_gain":0,"max_hp_loss":0,"event_name":"Vampires","floor":25,"gold_loss":0},{"damage_healed":0,"gold_gain":0,"player_choice":"Ignored","damage_taken":0,"max_hp_gain":0,"max_hp_loss":0,"event_name":"Beggar","floor":28,"gold_loss":0},{"damage_healed":0,"gold_gain":0,"player_choice":"Ignored","damage_taken":0,"max_hp_gain":0,"max_hp_loss":0,"event_name":"Tomb of Lord Red Mask","floor":36,"gold_loss":0},{"damage_healed":0,"gold_gain":0,"player_choice":"Fight","damage_taken":0,"max_hp_gain":0,"max_hp_loss":0,"event_name":"MindBloom","floor":38,"gold_loss":0},{"damage_healed":0,"gold_gain":0,"player_choice":"Fight","damage_taken":0,"max_hp_gain":0,"max_hp_loss":0,"event_name":"Mysterious Sphere","floor":39,"gold_loss":0},{"damage_healed":0,"gold_gain":0,"player_choice":"Embrace Madness","damage_taken":11,"max_hp_gain":0,"max_hp_loss":0,"event_name":"Winding Halls","floor":48,"gold_loss":0,"cards_obtained":["Madness","Madness"]}],"is_beta":false,"boss_relics":[{"not_picked":["Astrolabe","Coffee Dripper"],"picked":"RobotSpaceExplorer:TurboCore"},{"not_picked":["Runic Dome","Snecko Eye"],"picked":"Empty Cage"}],"items_purged_floors":[3],"is_endless":false,"potions_floor_spawned":[1,8,10,14,18,22,27,30,35,37,41,44,45],"ascension_level":0}}