{"host":"jcg2u0j7gsi1hjjn","time":1610978162,"event":{"mods":["AchievementEnabler","BaseMod","Colored Map","Minty Spire (QoL Compilation)","StSLib"],"gold_per_floor":[15,15,25,40,56,91,91,103,103,113,140,140,172,172,172,270,270,285,285,295,312,237,268,268,268,293,293,310,5,36,1,1,1,1],"floor_reached":33,"language":"ENG","playtime":3021,"items_purged":[],"score":376,"play_id":"8b0c18db-6207-4a2e-9069-b57acb0e2e36","local_time":"20210118145602","is_ascension_mode":true,"campfire_choices":[{"floor":7,"key":"REST"},{"floor":12,"key":"REST"},{"floor":15,"key":"REST"},{"floor":24,"key":"REST"},{"floor":27,"key":"REST"},{"floor":32,"key":"REST"}],"circlet_count":0,"master_deck":["Strike_B","Strike_B","Defend_B","Defend_B","Defend_B","Zap","Dualcast","Ball Lightning+1","Gash","Skim","Capacitor","Chaos","Leap","Gash","Ball Lightning","Glacier","Parasite","Electrodynamics","Self Repair+1","FTL","Cold Snap","Scrape+1","Sweeping Beam+1","Rebound+1","Capacitor"],"relics":["Cracked Core","Mercury Hourglass","WingedGreaves","Mummified Hand","TungstenRod","Empty Cage","DataDisk","Molten Egg 2","Centennial Puzzle","Cables","Bottled Flame"],"acts_visited":["Exordium","TheCity"],"potions_floor_usage":[13,21,21,33,33],"damage_taken":[{"damage":2,"enemies":"Jaw Worm","floor":1,"turns":3},{"damage":0,"enemies":"Small Slimes","floor":3,"turns":2},{"damage":3,"enemies":"2 Louse","floor":4,"turns":3},{"damage":4,"enemies":"2 Fungi Beasts","floor":5,"turns":2},{"damage":25,"enemies":"Lagavulin","floor":6,"turns":5},{"damage":9,"enemies":"Red Slaver","floor":8,"turns":3},{"damage":18,"enemies":"Exordium Wildlife","floor":10,"turns":3},{"damage":17,"enemies":"3 Sentries","floor":11,"turns":5},{"damage":26,"enemies":"Lagavulin","floor":13,"turns":5},{"damage":29,"enemies":"Hexaghost","floor":16,"turns":9},{"damage":13,"enemies":"Chosen","floor":18,"turns":5},{"damage":13,"enemies":"Spheric Guardian","floor":20,"turns":4},{"damage":9,"enemies":"Snecko","floor":21,"turns":3},{"damage":56,"enemies":"Book of Stabbing","floor":23,"turns":7},{"damage":5,"enemies":"Chosen and Byrds","floor":28,"turns":3},{"damage":47,"enemies":"Slavers","floor":30,"turns":3},{"damage":54,"enemies":"Collector","floor":33,"turns":6}],"seed_played":"-1168843929578417368","potions_obtained":[{"floor":1,"key":"GamblersBrew"},{"floor":5,"key":"FearPotion"},{"floor":6,"key":"LiquidMemories"},{"floor":13,"key":"Swift Potion"},{"floor":28,"key":"LiquidMemories"},{"floor":30,"key":"SkillPotion"}],"is_trial":false,"path_per_floor":["M","?","M","M","M","E","R","M","T","M","E","R","E","?","R","B",null,"M","?","M","M","?","E","R","?","T","R","M","$","E","$","R","B"],"character_chosen":"DEFECT","items_purchased":["Cables","Sweeping Beam+1","Capacitor"],"campfire_rested":6,"item_purchase_floors":[29,29,31],"current_hp_per_floor":[87,87,87,84,80,55,81,72,72,54,37,63,37,59,85,56,89,76,60,57,58,58,12,40,40,40,68,73,73,26,26,54,0,0],"gold":1,"neow_bonus":"TWENTY_PERCENT_HP_BONUS","is_daily":false,"chose_seed":false,"campfire_upgraded":0,"win_rate":0.0,"timestamp":1610978162,"path_taken":["M","?","M","M","M","E","R","M","T","M","E","R","E","?","R","BOSS","M","?","M","M","?","E","R","?","T","R","M","$","E","?","R","BOSS"],"items_purchased_type":["Relic","Card","Card"],"build_version":"2020-12-22","purchased_purges":0,"victory":false,"max_hp_per_floor":[89,89,89,89,89,89,89,89,89,89,89,89,89,89,89,89,89,89,94,94,94,94,94,94,94,94,94,94,94,94,94,94,94,94],"card_choices":[{"not_picked":["Heatsinks","Glacier"],"picked":"Ball Lightning","floor":1},{"not_picked":["Turbo","Hologram"],"picked":"Gash","floor":3},{"not_picked":["Stack","BootSequence"],"picked":"Skim","floor":4},{"not_picked":["Leap","Hello World"],"picked":"Capacitor","floor":5},{"not_picked":["Tempest","Blizzard"],"picked":"Chaos","floor":6},{"not_picked":["Steam Power","Turbo"],"picked":"Leap","floor":8},{"not_picked":["Rip and Tear","Leap"],"picked":"Gash","floor":10},{"not_picked":["Heatsinks","Chaos"],"picked":"Ball Lightning","floor":11},{"not_picked":["Reprogram","Barrage"],"picked":"Glacier","floor":13},{"not_picked":["Echo Form","Rainbow"],"picked":"Electrodynamics","floor":16},{"not_picked":["Recycle+1","Coolheaded+1"],"picked":"Self Repair+1","floor":18},{"not_picked":["Rip and Tear+1","Consume"],"picked":"FTL","floor":20},{"not_picked":["Barrage","Heatsinks","Reprogram+1"],"picked":"SKIP","floor":21},{"not_picked":["Darkness","Reprogram"],"picked":"Cold Snap","floor":23},{"not_picked":["Stack","Ball Lightning+1"],"picked":"Scrape+1","floor":28},{"not_picked":["Beam Cell+1","Steam"],"picked":"Rebound+1","floor":30}],"player_experience":351549,"relics_obtained":[{"floor":6,"key":"Mercury Hourglass"},{"floor":9,"key":"WingedGreaves"},{"floor":11,"key":"Mummified Hand"},{"floor":13,"key":"TungstenRod"},{"floor":23,"key":"DataDisk"},{"floor":26,"key":"Centennial Puzzle"},{"floor":30,"key":"Bottled Flame"}],"event_choices":[{"damage_healed":0,"gold_gain":0,"player_choice":"Grow","damage_taken":0,"max_hp_gain":0,"max_hp_loss":0,"event_name":"Living Wall","floor":2,"gold_loss":0,"cards_upgraded":["Ball Lightning"]},{"damage_healed":22,"gold_gain":0,"player_choice":"Healed and dodged fight","damage_taken":0,"max_hp_gain":0,"max_hp_loss":0,"event_name":"Mushrooms","floor":14,"gold_loss":0,"cards_obtained":["Parasite"]},{"damage_healed":0,"gold_gain":0,"player_choice":"Shed Blood","damage_taken":22,"max_hp_gain":5,"max_hp_loss":0,"event_name":"Forgotten Altar","floor":19,"gold_loss":0},{"cards_removed":["Defend_B"],"damage_healed":0,"gold_gain":0,"player_choice":"Gave Gold","damage_taken":0,"max_hp_gain":0,"max_hp_loss":0,"event_name":"Beggar","floor":22,"gold_loss":75},{"damage_healed":0,"gold_gain":0,"player_choice":"Opened","damage_taken":0,"relics_obtained":["Molten Egg 2"],"max_hp_gain":0,"max_hp_loss":0,"event_name":"The Mausoleum","floor":25,"gold_loss":0}],"is_beta":false,"boss_relics":[{"not_picked":["Astrolabe","Fusion Hammer"],"picked":"Empty Cage"}],"items_purged_floors":[],"is_endless":false,"potions_floor_spawned":[1,5,6,8,13,16,18,20,28,30],"killed_by":"Collector","ascension_level":3}}