{"host":"egwexuw5uvnxf11j","time":1610991639,"event":{"mods":["2.2 Compatiblity","Aspiration","BaseMod","Better Altar","Better Note","Better Sensory Stone","Better Third Choice","Displayed Cursed Tome","Downfall","Hermit","Key Reminder","Koishi","Marisa????????","Minty Spire (QoL Compilation)","Quick Restart","Shade Mod","Spicy Shops","StSLib","The Construct","The Cursed","The Hierophant","The Runesmith","The Senshi","The Servant 0.9.4","Transform Curses"],"gold_per_floor":[17,28,48,61,61,128,128,158,158,4,4,19,39,82,82,334,334,359,34,34,60,110,110,178,210,255,266,295,295,329,329,329],"floor_reached":31,"language":"ENG","playtime":1485,"items_purged":[],"score":287,"play_id":"1e9bf4e5-4607-4319-80fd-f3fe4837af63","local_time":"20210118124039","is_ascension_mode":true,"campfire_choices":[{"floor":7,"key":"REST"},{"data":"hermit:RoundhouseKick","floor":11,"key":"SMITH"},{"floor":15,"key":"REST"},{"floor":23,"key":"REST"}],"circlet_count":0,"master_deck":["hermit:Strike_Hermit","hermit:Strike_Hermit","hermit:Strike_Hermit+1","hermit:Strike_Hermit","hermit:Defend_Hermit","hermit:Defend_Hermit","hermit:Defend_Hermit","hermit:Snapshot","hermit:Covet","hermit:RoundhouseKick+1","hermit:Quickdraw+1","hermit:Vantage","hermit:DeadOrAlive","hermit:WideOpen","hermit:Enervate","hermit:Headshot","hermit:BigShot","hermit:DeadOrAlive","hermit:TrackingShot","hermit:HeroicBravado","hermit:DeadMansHand","hermit:Snipe","Flash of Steel","hermit:RoundhouseKick","hermit:Ricochet+1","hermit:BigShot+1","hermit:ItchyTrigger","hermit:Vantage+1","hermit:SprayPray","hermit:Showdown","hermit:BigShot+1","hermit:Feint+1"],"relics":["hermit:Momento","theSenshi:SailorFukuRelic","aspiration:StickyExplosives_weak","keyreminder:keyreminder","Pantograph","HandDrill","aspiration:SecretTechniqueScroll","Membership Card","Unceasing Top","aspiration:ChemicalBlood","Whetstone","Oddly Smooth Stone"],"acts_visited":["Exordium","TheCity"],"potions_floor_usage":[16,16,16,24,24,25,27,28,30,30,31,31,31],"damage_taken":[{"damage":8,"enemies":"2 Louse","floor":1,"turns":2},{"damage":0,"enemies":"Cultist","floor":2,"turns":3},{"damage":0,"enemies":"Small Slimes","floor":3,"turns":3},{"damage":0,"enemies":"Gremlin Gang","floor":4,"turns":2},{"damage":11,"enemies":"3 Sentries","floor":6,"turns":6},{"damage":13,"enemies":"Gremlin Nob","floor":8,"turns":3},{"damage":0,"enemies":"Large Slime","floor":12,"turns":2},{"damage":0,"enemies":"Looter","floor":13,"turns":2},{"damage":18,"enemies":"Gremlin Gang","floor":14,"turns":4},{"damage":38,"enemies":"Slime Boss","floor":16,"turns":8},{"damage":27,"enemies":"2 Thieves","floor":18,"turns":4},{"damage":10,"enemies":"Spheric Guardian","floor":21,"turns":3},{"damage":6,"enemies":"3 Cultists","floor":22,"turns":4},{"damage":21,"enemies":"Gremlin Leader","floor":24,"turns":6},{"damage":13,"enemies":"Centurion and Healer","floor":25,"turns":4},{"damage":4,"enemies":"Sentry and Sphere","floor":27,"turns":3},{"damage":3,"enemies":"Snecko","floor":28,"turns":5},{"damage":0,"enemies":"Centurion and Healer","floor":30,"turns":4},{"damage":14,"enemies":"3 Cultists","floor":31,"turns":3}],"seed_played":"-8071661783358218196","potions_obtained":[{"floor":1,"key":"SpeedPotion"},{"floor":3,"key":"hermit:BlackBile"},{"floor":8,"key":"ColorlessPotion"},{"floor":12,"key":"EntropicBrew"},{"floor":22,"key":"Guardian:BlockOnCardUsePotion"},{"floor":25,"key":"sneckomod:MuddlingPotion"},{"floor":27,"key":"Fire Potion"},{"floor":30,"key":"EntropicBrew"}],"is_trial":false,"path_per_floor":["M","M","M","M","?","E","R","E","T","$","R","M","M","M","R","B",null,"M","$","?","M","M","R","E","M","T","M","M","?","M","M"],"character_chosen":"HERMIT","items_purchased":["HandDrill","Membership Card","Unceasing Top","hermit:Snipe","aspiration:ChemicalBlood"],"campfire_rested":3,"item_purchase_floors":[10,19,19,19,19],"current_hp_per_floor":[67,67,67,67,67,56,75,62,62,62,62,62,62,44,66,37,75,48,48,48,38,32,54,33,20,20,16,13,13,13,0,0],"gold":329,"neow_bonus":"THREE_RARE_CARDS","is_daily":false,"chose_seed":false,"campfire_upgraded":1,"win_rate":0.0,"timestamp":1610991639,"path_taken":["M","M","M","M","?","E","R","E","T","?","R","M","M","M","R","BOSS","M","$","?","M","?","R","E","M","T","M","M","?","?","M"],"items_purchased_type":["Relic","Relic","Relic","Card","Relic"],"build_version":"2020-12-22","purchased_purges":0,"victory":false,"max_hp_per_floor":[75,75,75,75,75,75,75,75,75,75,75,75,75,75,75,75,75,75,75,75,75,75,75,75,75,75,75,75,75,75,75,75],"card_choices":[{"not_picked":["hermit:Adapt","hermit:DeadOrAlive"],"picked":"hermit:RoundhouseKick","floor":0},{"not_picked":["hermit:Showdown","hermit:HoleUp"],"picked":"hermit:Quickdraw","floor":1},{"not_picked":["hermit:BigShot","hermit:Snipe"],"picked":"hermit:Vantage","floor":2},{"not_picked":["hermit:Midnight","hermit:Dive"],"picked":"hermit:DeadOrAlive","floor":3},{"not_picked":["hermit:TakeCover","hermit:CalledShot"],"picked":"hermit:WideOpen","floor":4},{"not_picked":["hermit:Coalescence","hermit:Desperado"],"picked":"hermit:Enervate","floor":6},{"not_picked":["hermit:Dive","hermit:Glare"],"picked":"hermit:Headshot","floor":8},{"not_picked":["hermit:Ricochet","hermit:Vantage"],"picked":"hermit:BigShot","floor":12},{"not_picked":["hermit:CalledShot","hermit:Quickdraw"],"picked":"hermit:DeadOrAlive","floor":13},{"not_picked":["hermit:Combo","hermit:Grudge"],"picked":"hermit:TrackingShot","floor":14},{"not_picked":["hermit:Dissolve","hermit:Reprieve"],"picked":"hermit:HeroicBravado","floor":16},{"not_picked":["hermit:CursedWeapon+1","hermit:TakeAim"],"picked":"hermit:DeadMansHand","floor":18},{"not_picked":["hermit:Roulette+1","hermit:LowProfile"],"picked":"hermit:Ricochet+1","floor":21},{"not_picked":["hermit:LoneWolf+1","hermit:EternalForm"],"picked":"hermit:BigShot+1","floor":22},{"not_picked":["hermit:LoneWolf","hermit:Vantage+1"],"picked":"hermit:ItchyTrigger","floor":24},{"not_picked":["hermit:Roulette","hermit:BodyArmor+1"],"picked":"hermit:Vantage+1","floor":25},{"not_picked":["hermit:LoneWolf","hermit:TakeAim"],"picked":"hermit:SprayPray","floor":27},{"not_picked":["hermit:TakeCover","hermit:LowProfile"],"picked":"hermit:Showdown","floor":28},{"not_picked":["hermit:LuckOfTheDraw","hermit:EternalForm"],"picked":"hermit:Feint+1","floor":30}],"player_experience":2257110,"relics_obtained":[{"floor":6,"key":"theSenshi:SailorFukuRelic"},{"floor":8,"key":"aspiration:StickyExplosives_weak"},{"floor":9,"key":"Pantograph"},{"floor":24,"key":"Whetstone"},{"floor":26,"key":"Oddly Smooth Stone"}],"event_choices":[{"cards_removed":["hermit:Defend_Hermit"],"damage_healed":0,"gold_gain":0,"player_choice":"Offered Basic","damage_taken":0,"max_hp_gain":0,"max_hp_loss":0,"event_name":"Bonfire Elementals","floor":5,"gold_loss":0},{"damage_healed":0,"gold_gain":0,"player_choice":"2 cards matched","damage_taken":0,"max_hp_gain":0,"max_hp_loss":0,"event_name":"Match and Keep!","floor":20,"gold_loss":0,"cards_obtained":["Flash of Steel","hermit:RoundhouseKick"]},{"damage_healed":0,"gold_gain":0,"player_choice":"Copied","damage_taken":0,"max_hp_gain":0,"max_hp_loss":0,"event_name":"Duplicator","floor":29,"gold_loss":0,"cards_obtained":["hermit:BigShot"]}],"is_beta":false,"boss_relics":[{"not_picked":["Runic Dome","hermit:DentedPlate"],"picked":"aspiration:SecretTechniqueScroll"}],"items_purged_floors":[],"is_endless":false,"potions_floor_spawned":[1,3,8,12,13,22,25,27,30],"killed_by":"3 Cultists","ascension_level":1}}