{"host":"a7n5dzefz0hsmd08","time":1610989883,"event":{"mods":["2.2 Compatiblity","AchievementEnabler","BaseMod","Minty Spire (QoL Compilation)","Relic Stats","StSLib"],"gold_per_floor":[364,364,41,54,54,85,85,116,116,151,163,163,81,100,100,195,195,210,309,489,150,165,165,190,209,288,323,357,183,216,216,216],"floor_reached":31,"language":"ENG","playtime":1713,"items_purged":[],"score":392,"play_id":"5bd6fa13-5084-44e4-a97e-93c93df4e435","local_time":"20210118181123","is_ascension_mode":true,"campfire_choices":[{"data":"Eruption","floor":7,"key":"SMITH"},{"data":"1","floor":12,"key":"LIFT"},{"data":"WreathOfFlame","floor":15,"key":"SMITH"},{"floor":23,"key":"REST"}],"circlet_count":0,"master_deck":["Strike_P+1","Strike_P","Strike_P","Strike_P","Defend_P","Defend_P","Defend_P+1","Defend_P","Eruption+1","Vigilance","PathToVictory","FlurryOfBlows","Consecrate","ForeignInfluence","EmptyMind","Meditate","WreathOfFlame+1","FollowUp","Adaptation","FlyingSleeves","Blasphemy","Bandage Up","Deep Breath","Dark Shackles","PathToVictory+1","DevaForm","Wallop","PathToVictory+1","LessonLearned","Transmutation","Vault"],"relics":["HolyWater","Shuriken","CaptainsWheel","Turnip","Girya","MealTicket","TeardropLocket","Mummified Hand","Eternal Feather","Red Mask","InkBottle","Smiling Mask"],"acts_visited":["Exordium","TheCity"],"potions_floor_usage":[6,10,16,16,24,24,28],"damage_taken":[{"damage":2,"enemies":"Small Slimes","floor":1,"turns":3},{"damage":0,"enemies":"Cultist","floor":4,"turns":3},{"damage":4,"enemies":"3 Sentries","floor":6,"turns":4},{"damage":0,"enemies":"Gremlin Nob","floor":8,"turns":2},{"damage":10,"enemies":"3 Sentries","floor":10,"turns":4},{"damage":4,"enemies":"2 Louse","floor":11,"turns":2},{"damage":0,"enemies":"Blue Slaver","floor":14,"turns":2},{"damage":31,"enemies":"The Guardian","floor":16,"turns":7},{"damage":11,"enemies":"Spheric Guardian","floor":18,"turns":4},{"damage":25,"enemies":"2 Thieves","floor":22,"turns":5},{"damage":12,"enemies":"Book of Stabbing","floor":24,"turns":3},{"damage":13,"enemies":"3 Cultists","floor":25,"turns":5},{"damage":0,"enemies":"Masked Bandits","floor":27,"turns":3},{"damage":9,"enemies":"Gremlin Leader","floor":28,"turns":6},{"damage":19,"enemies":"Book of Stabbing","floor":30,"turns":4},{"damage":21,"enemies":"Centurion and Healer","floor":31,"turns":1}],"seed_played":"-4820823577010259476","potions_obtained":[{"floor":4,"key":"ColorlessPotion"},{"floor":8,"key":"Swift Potion"},{"floor":10,"key":"Block Potion"},{"floor":11,"key":"Ambrosia"},{"floor":18,"key":"Fire Potion"},{"floor":27,"key":"Dexterity Potion"},{"floor":28,"key":"Fire Potion"}],"is_trial":false,"path_per_floor":["M","?","$","M","$","E","R","E","T","E","M","R","$","M","R","B",null,"M","?","?","$","M","R","E","M","T","?","E","$","E","M"],"character_chosen":"WATCHER","items_purchased":["Shuriken","FlurryOfBlows","Consecrate","Adaptation","TeardropLocket","Dark Shackles","Transmutation"],"campfire_rested":1,"item_purchase_floors":[3,3,3,13,21,21,29],"current_hp_per_floor":[70,69,69,69,69,65,65,65,65,55,51,51,66,66,66,35,69,58,58,20,35,14,34,26,17,17,21,16,31,16,0,0],"gold":216,"neow_bonus":"TWO_FIFTY_GOLD","is_daily":false,"chose_seed":false,"campfire_upgraded":2,"win_rate":0.0,"timestamp":1610989883,"path_taken":["M","?","$","?","?","E","R","E","T","E","M","R","$","M","R","BOSS","M","?","?","$","?","R","E","?","T","?","E","$","E","M"],"items_purchased_type":["Relic","Card","Card","Card","Relic","Card","Card"],"build_version":"2020-12-22","purchased_purges":0,"victory":false,"max_hp_per_floor":[72,69,69,69,69,69,69,69,69,69,69,69,69,69,69,69,69,69,69,69,69,69,69,69,69,69,69,69,69,69,69,69],"relic_stats":{"counters":[16,58],"Shuriken":[26],"Mummified Hand":[3],"MealTicket":45,"Eternal Feather":0,"Turnip":[5],"Smiling Mask":0,"obtain_stats":[{"Girya":9,"Eternal Feather":26,"TeardropLocket":21,"Smiling Mask":30,"CaptainsWheel":6,"Shuriken":3,"Mummified Hand":24,"HolyWater":17,"MealTicket":10,"Turnip":8,"Red Mask":27,"PureWater":0,"InkBottle":28},{"Girya":4,"Eternal Feather":12,"TeardropLocket":9,"Smiling Mask":15,"CaptainsWheel":3,"Shuriken":1,"Mummified Hand":11,"HolyWater":8,"MealTicket":5,"Turnip":4,"Red Mask":13,"PureWater":0,"InkBottle":14},{"Girya":12,"Eternal Feather":44,"TeardropLocket":31,"Smiling Mask":57,"CaptainsWheel":10,"Shuriken":3,"Mummified Hand":39,"HolyWater":27,"MealTicket":16,"Turnip":12,"Red Mask":47,"PureWater":0,"InkBottle":53}],"InkBottle":[3]},"card_choices":[{"not_picked":["Tantrum","Pray"],"picked":"PathToVictory","floor":1},{"not_picked":["SashWhip","FearNoEvil"],"picked":"ForeignInfluence","floor":4},{"not_picked":["CrushJoints","Alpha"],"picked":"EmptyMind","floor":6},{"not_picked":["CutThroughFate","SignatureMove"],"picked":"Meditate","floor":8},{"not_picked":["Halt","Wallop"],"picked":"WreathOfFlame","floor":10},{"not_picked":["EmptyBody","CarveReality"],"picked":"FollowUp","floor":11},{"not_picked":["Weave","Establishment"],"picked":"FlyingSleeves","floor":14},{"not_picked":["MasterReality","DeusExMachina"],"picked":"Blasphemy","floor":16},{"not_picked":["FlurryOfBlows","JustLucky","EmptyBody"],"picked":"SKIP","floor":18},{"not_picked":["Study","Conclude"],"picked":"PathToVictory+1","floor":22},{"not_picked":["FlyingSleeves","Pray+1"],"picked":"DevaForm","floor":24},{"not_picked":["EmptyBody","Evaluate"],"picked":"Wallop","floor":25},{"not_picked":["ClearTheMind+1","CutThroughFate"],"picked":"PathToVictory+1","floor":27},{"not_picked":["Worship","BowlingBash"],"picked":"LessonLearned","floor":28},{"not_picked":["Wish","Evaluate"],"picked":"Vault","floor":30}],"player_experience":167547,"relics_obtained":[{"floor":6,"key":"CaptainsWheel"},{"floor":8,"key":"Turnip"},{"floor":9,"key":"Girya"},{"floor":10,"key":"MealTicket"},{"floor":24,"key":"Mummified Hand"},{"floor":26,"key":"Eternal Feather"},{"floor":27,"key":"Red Mask"},{"floor":28,"key":"InkBottle"},{"floor":30,"key":"Smiling Mask"}],"event_choices":[{"cards_removed":["Parasite"],"damage_healed":0,"gold_gain":0,"player_choice":"Removed Curses","damage_taken":0,"max_hp_gain":0,"max_hp_loss":0,"event_name":"Fountain of Cleansing","floor":2,"gold_loss":0},{"damage_healed":0,"gold_gain":99,"player_choice":"Stole From Cult","damage_taken":0,"max_hp_gain":0,"max_hp_loss":0,"event_name":"Nest","floor":19,"gold_loss":0},{"damage_healed":0,"gold_gain":180,"player_choice":"GOLD GOLD POTION CARD CARD ","damage_taken":38,"max_hp_gain":0,"max_hp_loss":0,"event_name":"Knowing Skull","floor":20,"potions_obtained":["PowerPotion"],"gold_loss":0,"cards_obtained":["Bandage Up","Deep Breath"]},{"damage_healed":0,"gold_gain":0,"player_choice":"Fought Bandits","damage_taken":0,"max_hp_gain":0,"max_hp_loss":0,"event_name":"Masked Bandits","floor":27,"gold_loss":0}],"is_beta":false,"boss_relics":[{"not_picked":["Runic Pyramid","Pandora\u0027s Box"],"picked":"HolyWater"}],"items_purged_floors":[],"is_endless":false,"potions_floor_spawned":[4,8,10,11,18,27,28],"killed_by":"Centurion and Healer","ascension_level":2}}