{"host":"jscggscbx0p7706o","time":1610970144,"event":{"mods":["AchievementEnabler","BaseMod","Block Reminder","Colored Powertips","Filter the Spire","Minty Spire (QoL Compilation)","Permanent Neow","Quick Restart","StSLib"],"gold_per_floor":[113,113,131,145,145,145,179,179,194,194,218,218,250,260,260,260,383,383,404,423,423,348,360,360,390,390,390,423,446,446,177,204,224,79,113,113,142,142,243,243,253,263,308,320,338,367,384,129,162,189,212,37,37,37,53,53,53,53,53],"floor_reached":60,"language":"ENG","playtime":2789,"items_purged":["Strike_R","Strike_R","Defend_R"],"score":1244,"play_id":"d40f418c-5981-46b5-9cb7-69676bb9ea67","local_time":"20210118194224","is_ascension_mode":true,"campfire_choices":[{"data":"Bash","floor":6.0,"key":"SMITH"},{"data":"Corruption","floor":8.0,"key":"SMITH"},{"data":"Cleave","floor":12.0,"key":"SMITH"},{"data":"Juggernaut","floor":16.0,"key":"SMITH"},{"floor":24.0,"key":"RECALL"},{"data":"Whirlwind","floor":27.0,"key":"SMITH"},{"data":"Inflame","floor":36.0,"key":"SMITH"},{"data":"Limit Break","floor":38.0,"key":"SMITH"},{"data":"Demon Form","floor":54,"key":"SMITH"},{"data":"1","floor":56,"key":"LIFT"},{"data":"2","floor":58,"key":"LIFT"}],"circlet_count":0,"master_deck":["Strike_R+1","Strike_R+1","Defend_R","Defend_R+1","Defend_R+1","Bash+1","Feed+1","Cleave+1","Pommel Strike","Spot Weakness+1","Corruption+1","Juggernaut+1","Reaper","Shrug It Off+1","Dropkick+1","Whirlwind+1","Thunderclap","Disarm","Shrug It Off","Inflame+1","Limit Break+1","Spot Weakness","Demon Form+1","Inflame+1","Shrug It Off"],"relics":["Burning Blood","Red Skull","War Paint","Juzu Bracelet","Mercury Hourglass","Bloody Idol","Sozu","Tiny Chest","Happy Flower","Singing Bowl","Lantern","Bag of Preparation","Blue Candle","Orichalcum","Ginger","Coffee Dripper","Girya","TungstenRod","Brimstone","Whetstone","Bronze Scales","Strawberry"],"acts_visited":["Exordium","TheCity","TheBeyond"],"potions_floor_usage":[],"damage_taken":[{"damage":2.0,"enemies":"2 Louse","floor":1.0,"turns":3.0},{"damage":1.0,"enemies":"Cultist","floor":3.0,"turns":3.0},{"damage":9.0,"enemies":"Jaw Worm","floor":4.0,"turns":5.0},{"damage":30.0,"enemies":"Lagavulin","floor":7.0,"turns":7.0},{"damage":6.0,"enemies":"3 Louse","floor":9.0,"turns":4.0},{"damage":24.0,"enemies":"3 Sentries","floor":13.0,"turns":5.0},{"damage":0.0,"enemies":"Exordium Wildlife","floor":14.0,"turns":3.0},{"damage":20.0,"enemies":"Hexaghost","floor":17.0,"turns":7.0},{"damage":21.0,"enemies":"Spheric Guardian","floor":19.0,"turns":4.0},{"damage":4.0,"enemies":"Chosen","floor":20.0,"turns":3.0},{"damage":25.0,"enemies":"Snake Plant","floor":23.0,"turns":5.0},{"damage":42.0,"enemies":"Gremlin Leader","floor":25.0,"turns":6.0},{"damage":22.0,"enemies":"Book of Stabbing","floor":28.0,"turns":4.0},{"damage":3.0,"enemies":"Slavers","floor":32.0,"turns":2.0},{"damage":0.0,"enemies":"Centurion and Healer","floor":33.0,"turns":3.0},{"damage":25.0,"enemies":"Book of Stabbing","floor":35.0,"turns":4.0},{"damage":23.0,"enemies":"Slavers","floor":37.0,"turns":3.0},{"damage":39.0,"enemies":"Champ","floor":39.0,"turns":7.0},{"damage":3.0,"enemies":"3 Shapes","floor":41.0,"turns":2.0},{"damage":5.0,"enemies":"Orb Walker","floor":42.0,"turns":2.0},{"damage":64.0,"enemies":"2 Orb Walkers","floor":43.0,"turns":5.0},{"damage":38.0,"enemies":"Writhing Mass","floor":44.0,"turns":5.0},{"damage":4.0,"enemies":"3 Darklings","floor":45.0,"turns":5.0},{"damage":24.0,"enemies":"Reptomancer","floor":46.0,"turns":4.0},{"damage":10.0,"enemies":"Spire Growth","floor":47.0,"turns":4.0},{"damage":40.0,"enemies":"Nemesis","floor":49.0,"turns":5.0},{"damage":0,"enemies":"Sphere and 2 Shapes","floor":55,"turns":1},{"damage":62,"enemies":"Awakened One","floor":59,"turns":6}],"seed_played":"1064487134530340600","potions_obtained":[{"floor":1.0,"key":"Dexterity Potion"},{"floor":7.0,"key":"PowerPotion"},{"floor":9.0,"key":"Regen Potion"}],"is_trial":false,"path_per_floor":["M","?","M","M","?","R","E","R","M","T","T","R","E","M","?","R","B",null,"M","M","?","?","M","R","E","?","R","E","T","T","$","E","M","$","E","R","E","R","B",null,"M","M","?","M","M","E","M","$","E","T","T","$","?","R","M","R","T","R","B",null],"character_chosen":"IRONCLAD","items_purchased":["Disarm","Shrug It Off","Inflame","Orichalcum","Brimstone","Shrug It Off"],"campfire_rested":0,"item_purchase_floors":[31,31,31,34,48,52],"current_hp_per_floor":[75,75,79,80,80,80,56,56,60,60,60,60,46,56,33,33,19,76,61,75,75,75,70,70,39,39,39,54,59,59,59,69,84,84,92,92,107,107,89,112,121,127,113,110,123,128,131,131,104,109,114,114,114,114,127,127,134,134,117],"gold":53,"neow_bonus":"THREE_RARE_CARDS","is_daily":false,"chose_seed":false,"campfire_upgraded":8,"win_rate":0.0,"timestamp":1610970144,"path_taken":["M","?","?","M","?","R","E","R","?","T","?","R","E","M","?","R","BOSS","M","M","?","?","M","R","E","?","R","E","T","T","$","E","M","$","E","R","E","R","BOSS","M","M","?","M","M","E","M","$","E","T","T","$","?","R","M","R","?","R","BOSS"],"items_purchased_type":["Card","Card","Card","Relic","Relic","Card"],"build_version":"2020-12-22","purchased_purges":3,"victory":true,"max_hp_per_floor":[75,75,79,83,83,83,83,83,87,87,87,87,91,95,95,95,95,95,95,99,99,99,99,99,99,99,99,103,103,103,103,105,109,109,113,113,119,119,119,119,121,127,131,137,139,141,143,143,145,145,145,145,145,145,147,147,154,154,158],"card_choices":[{"not_picked":["Barricade","Offering"],"picked":"Feed","floor":0.0},{"not_picked":["Infernal Blade","Anger"],"picked":"Cleave","floor":1.0},{"not_picked":["Clash","Sword Boomerang"],"picked":"Pommel Strike","floor":3.0},{"not_picked":["Flex","Juggernaut"],"picked":"Spot Weakness","floor":4.0},{"not_picked":["Ghostly Armor","Clash"],"picked":"Corruption","floor":7.0},{"not_picked":["Burning Pact","Cleave","Carnage"],"picked":"SKIP","floor":9.0},{"not_picked":["Body Slam","Demon Form"],"picked":"Juggernaut","floor":13.0},{"not_picked":["Twin Strike","Cleave","Intimidate"],"picked":"SKIP","floor":14.0},{"not_picked":["Exhume","Brutality"],"picked":"Reaper","floor":17.0},{"not_picked":["Clash+1","Twin Strike"],"picked":"Shrug It Off+1","floor":19.0},{"not_picked":["Infernal Blade","Wild Strike"],"picked":"Dropkick+1","floor":20.0},{"not_picked":["Cleave","Shrug It Off"],"picked":"Whirlwind","floor":23.0},{"not_picked":["Combust","Power Through"],"picked":"Thunderclap","floor":25.0},{"not_picked":["Intimidate","Clothesline"],"picked":"Shrug It Off","floor":28.0},{"not_picked":["Power Through+1","Pommel Strike","Anger"],"picked":"Singing Bowl","floor":32.0},{"not_picked":["Metallicize","Wild Strike+1"],"picked":"Limit Break","floor":33.0},{"not_picked":["Sword Boomerang","Reckless Charge"],"picked":"Spot Weakness","floor":35.0},{"not_picked":["Reckless Charge","Heavy Blade+1","Warcry"],"picked":"Singing Bowl","floor":37.0},{"not_picked":["Immolate","Exhume"],"picked":"Demon Form","floor":39.0},{"not_picked":["Wild Strike+1","Anger+1","Twin Strike+1"],"picked":"Singing Bowl","floor":41.0},{"not_picked":["True Grit","Ghostly Armor","Metallicize"],"picked":"Singing Bowl","floor":42.0},{"not_picked":["Combust+1","Seeing Red+1"],"picked":"Inflame+1","floor":43.0},{"not_picked":["Whirlwind+1","Metallicize","Twin Strike"],"picked":"Singing Bowl","floor":44.0},{"not_picked":["Fiend Fire","Armaments","Thunderclap"],"picked":"Singing Bowl","floor":45.0},{"not_picked":["Second Wind","Evolve","True Grit+1"],"picked":"Singing Bowl","floor":46.0},{"not_picked":["Twin Strike+1","Clothesline+1","Pommel Strike+1"],"picked":"Singing Bowl","floor":47.0},{"not_picked":["Havoc+1","Barricade","Clothesline"],"picked":"Singing Bowl","floor":49.0},{"not_picked":["Dual Wield","Sword Boomerang+1","Shrug It Off"],"picked":"Singing Bowl","floor":55}],"player_experience":291128,"relics_obtained":[{"floor":7.0,"key":"Red Skull"},{"floor":10.0,"key":"War Paint"},{"floor":11.0,"key":"Juzu Bracelet"},{"floor":13.0,"key":"Mercury Hourglass"},{"floor":25.0,"key":"Tiny Chest"},{"floor":28.0,"key":"Singing Bowl"},{"floor":29.0,"key":"Lantern"},{"floor":30.0,"key":"Bag of Preparation"},{"floor":32.0,"key":"Blue Candle"},{"floor":35.0,"key":"Ginger"},{"floor":43.0,"key":"Girya"},{"floor":46.0,"key":"TungstenRod"},{"floor":49.0,"key":"Whetstone"},{"floor":50.0,"key":"Bronze Scales"},{"floor":57,"key":"Strawberry"}],"event_choices":[{"damage_healed":0.0,"max_hp_gain":0.0,"max_hp_loss":0.0,"gold_gain":0.0,"event_name":"Upgrade Shrine","player_choice":"Upgraded","floor":2.0,"gold_loss":0.0,"damage_taken":0.0,"cards_upgraded":["Feed"]},{"damage_healed":0.0,"max_hp_gain":0.0,"max_hp_loss":0.0,"gold_gain":0.0,"event_name":"Accursed Blacksmith","player_choice":"Forge","floor":5.0,"gold_loss":0.0,"damage_taken":0.0,"cards_upgraded":["Spot Weakness"]},{"damage_healed":0.0,"max_hp_gain":0.0,"max_hp_loss":0.0,"gold_gain":0.0,"event_name":"Golden Idol","player_choice":"Take Damage","floor":15.0,"gold_loss":0.0,"damage_taken":23.0,"relics_obtained":["Golden Idol"]},{"damage_healed":0.0,"max_hp_gain":0.0,"max_hp_loss":0.0,"gold_gain":0.0,"event_name":"Forgotten Altar","player_choice":"Gave Idol","floor":21.0,"relics_lost":["Golden Idol"],"gold_loss":0.0,"damage_taken":0.0,"relics_obtained":["Bloody Idol"]},{"cards_removed":["Strike_R"],"damage_healed":0.0,"max_hp_gain":0.0,"max_hp_loss":0.0,"gold_gain":0.0,"event_name":"Beggar","player_choice":"Gave Gold","floor":22.0,"gold_loss":75.0,"damage_taken":0.0},{"damage_healed":0.0,"max_hp_gain":0.0,"max_hp_loss":0.0,"gold_gain":0.0,"event_name":"The Mausoleum","player_choice":"Opened","floor":26.0,"gold_loss":0.0,"damage_taken":0.0,"relics_obtained":["Happy Flower"]},{"damage_healed":0.0,"max_hp_gain":0.0,"max_hp_loss":0.0,"gold_gain":0.0,"event_name":"Mysterious Sphere","player_choice":"Fight","floor":43.0,"gold_loss":0.0,"damage_taken":0.0},{"cards_removed":["Shrug It Off"],"damage_healed":0,"gold_gain":0,"player_choice":"Removed Skill","damage_taken":0,"max_hp_gain":0,"max_hp_loss":0,"event_name":"Falling","floor":53,"gold_loss":0}],"is_beta":false,"boss_relics":[{"not_picked":["Calling Bell","Black Blood"],"picked":"Sozu"},{"not_picked":["SlaversCollar","Philosopher\u0027s Stone"],"picked":"Coffee Dripper"}],"items_purged_floors":[31,48,52],"is_endless":false,"potions_floor_spawned":[1,7,9,17,19,28,32,39,43,45,49,55],"ascension_level":8}}