{"host":"8anlmvy5ylhozj27","time":1610999427,"event":{"mods":["2.2 Compatiblity","Act Like it!","Aspiration","BaseMod","Best Route Mod","Better Match","Better Note","Better Sensory Stone","Better Skull","Better Third Choice","BetterRewards","Block Reminder","Colored Map","Colored Powertips","Conspire","Curses Come First","Duelist Mod","Energized Spire","GifTheSpireLib","Gold Saver","Halation","Hermit","Highlight Path","Hubris","Infinite Spire","Ironclad Rager","Minty Spire (QoL Compilation)","Permanent Neow","Quick Restart","Rare Cards Sparkle","Replay The Spire","Robot Space Explorer","Spicy Shops","StSLib","Stuff the Spire","The Bladedancer","The Blue Laboratory","The Disciple","The Exalted","The Necromancer","The Sage","Transform Curses","Wandering Minibosses","vexMod"],"gold_per_floor":[114,114,114,130,140,167,58,58,58,58,73,73,99,99,99,198,864,814,814],"floor_reached":18,"language":"FRA","playtime":970,"items_purged":[],"score":220,"play_id":"042fe3c4-4205-48e0-85bc-1239e7a072c9","local_time":"20210118205027","is_ascension_mode":false,"campfire_choices":[{"data":"Double Energy","floor":8,"key":"SMITH"},{"data":"Machine Learning","floor":10,"key":"SMITH"}],"circlet_count":0,"master_deck":["Strike_B","Strike_B","Strike_B","Strike_B","Defend_B","Defend_B","Defend_B","Defend_B","Zap","Dualcast","Apotheosis","Double Energy+1","Ball Lightning","StuffTheSpire:NuclearReactor","Coolheaded","Rainbow+1","hubris:PowerSurge+1","hubris:Prefetch+1","Time Bomb","StuffTheSpire:Purify+1"],"relics":["Cracked Core","Bromod:ArcaneUltimatum","conspire:InfiniteJournal","Boot","hubris:BottledRain","Golden Egg","conspire:IceCreamScoop","Mercury Hourglass","halation:PenCase","Smiling Mask","vexMod:RockOfEvil","Prayer Wheel"],"acts_visited":["Exordium","TheCity"],"potions_floor_usage":[],"damage_taken":[{"damage":0,"enemies":"Cultist","floor":1,"turns":3},{"damage":0,"enemies":"2 Louse","floor":4,"turns":2},{"damage":0,"enemies":"Small Slimes","floor":5,"turns":2},{"damage":0,"enemies":"Lagavulin","floor":6,"turns":5},{"damage":5,"enemies":"Looter","floor":11,"turns":2},{"damage":0,"enemies":"Gremlin Nob","floor":13,"turns":3},{"damage":5,"enemies":"Hexaghost","floor":16,"turns":6},{"damage":20,"enemies":"2 Thieves","floor":18,"turns":6}],"seed_played":"-7797623965395650917","potions_obtained":[{"floor":1,"key":"FairyPotion"},{"floor":4,"key":"blueLaboratory:BiasPotion"}],"is_trial":false,"path_per_floor":["M","T","?","M","M","E","$","R","T","R","M","?","E","?","R_BF","B",null,"M"],"character_chosen":"DEFECT","items_purchased":["Bromod:ArcaneUltimatum","conspire:InfiniteJournal","Apotheosis","Machine Learning","Double Energy","Ball Lightning","Boot","hubris:PowerSurge","conspire:IceCreamScoop"],"campfire_rested":0,"item_purchase_floors":[0,0,0,0,0,0,0,7,7],"current_hp_per_floor":[40,40,48,48,48,48,48,48,48,48,43,43,43,43,18,13,75,55,55],"gold":814,"neow_bonus":"","is_daily":false,"chose_seed":false,"campfire_upgraded":2,"win_rate":0.0,"timestamp":1610999427,"path_taken":["M","?","?","M","?","E","?","R","T","R","?","?","E","?","R_BF","BOSS","M"],"items_purchased_type":["Relic","Relic","Card","Card","Card","Card","Relic","Card","Relic"],"build_version":"2020-12-22","purchased_purges":0,"victory":false,"max_hp_per_floor":[75,75,75,75,75,75,75,75,75,75,75,75,75,75,75,75,75,75,75],"card_choices":[{"not_picked":["Beam Cell","StuffTheSpire:LoadUp"],"picked":"StuffTheSpire:NuclearReactor","floor":1},{"not_picked":["Hologram","Barrage"],"picked":"Coolheaded","floor":4},{"not_picked":["Redo","Go for the Eyes","Panic Button"],"picked":"SKIP","floor":5},{"not_picked":["StuffTheSpire:NuclearReactor","conspire:Rain"],"picked":"Rainbow","floor":6},{"not_picked":["Stack","Hologram","StuffTheSpire:GlassShard"],"picked":"SKIP","floor":11},{"not_picked":["Skim","Amplify"],"picked":"Time Bomb","floor":13},{"not_picked":["StuffTheSpire:ForEach","StuffTheSpire:LaunchingStrike"],"picked":"ReplayTheSpireMod:Fabricate Wheel","floor":16}],"player_experience":173228,"relics_obtained":[{"floor":2,"key":"hubris:BottledRain"},{"floor":6,"key":"Golden Egg"},{"floor":9,"key":"Mercury Hourglass"},{"floor":13,"key":"halation:PenCase"}],"event_choices":[{"damage_healed":0,"gold_gain":0,"player_choice":"Relic ","damage_taken":25,"max_hp_gain":0,"max_hp_loss":0,"event_name":"betterThird:BetterScrap","floor":15,"gold_loss":0,"cards_obtained":["Malaise"]}],"is_beta":false,"boss_relics":[{"not_picked":["hubris:GrandSneckoEye","hubris:BlackHole"],"picked":"vexMod:RockOfEvil"}],"items_purged_floors":[],"is_endless":false,"potions_floor_spawned":[1,4,11],"killed_by":"2 Thieves","ascension_level":0}}