{"host":"y76clbnovzmw9ubx","time":1610984407,"event":{"mods":["AchievementEnabler","BaseMod","Minty Spire (QoL Compilation)","Permanent Neow","Relic Stats"],"gold_per_floor":[217,230,41,79,158,158,258,258,313,313,377,40,94,20,20,123,123,158,193,193,231,63,63,141,141,167,198,20,48,48,92,92,169,169,210,286,322,359,369,403,403,428,475,530,530,543,585,619,619,644,644,644,644,29,84,84,84],"floor_reached":56,"language":"ENG","playtime":5504,"items_purged":["Strike_G"],"score":2046,"play_id":"afdbc693-6754-4b25-a14a-1f156c4ced8a","local_time":"20210118104007","is_ascension_mode":true,"campfire_choices":[{"data":"HandOfGreed","floor":6,"key":"SMITH"},{"data":"Noxious Fumes","floor":8,"key":"SMITH"},{"floor":10,"key":"REST"},{"floor":15,"key":"REST"},{"data":"Footwork","floor":23,"key":"SMITH"},{"data":"Well Laid Plans","floor":25,"key":"SMITH"},{"data":"Apotheosis","floor":30,"key":"SMITH"},{"floor":32,"key":"REST"},{"floor":41,"key":"REST"},{"floor":49,"key":"RECALL"},{"floor":53,"key":"REST"}],"circlet_count":0,"master_deck":["AscendersBane","Strike_G","Strike_G","Strike_G","Strike_G","Defend_G","Defend_G","Defend_G","Defend_G","Defend_G","Survivor","Neutralize","Noxious Fumes+1","HandOfGreed+1","Deadly Poison","Well Laid Plans+1","Infinite Blades","Footwork+1","Die Die Die","Accuracy+1","PiercingWail","Dodge and Roll","PiercingWail+1","Cloak And Dagger+1","Deflect","Dodge and Roll","Apotheosis+1","Blade Dance","Backflip","Dodge and Roll","Caltrops","Calculated Gamble","Backflip+1","Secret Technique","Crippling Poison","Concentrate"],"relics":["Ring of the Snake","Odd Mushroom","Potion Belt","Meat on the Bone","Dead Branch","Philosopher\u0027s Stone","Orrery","Bottled Tornado","Omamori","Strawberry","Ancient Tea Set","Fusion Hammer","Incense Burner","InkBottle","Shuriken","Pocketwatch","Dream Catcher","Membership Card","Bag of Preparation","Art of War","Vajra"],"acts_visited":["Exordium","TheCity","TheBeyond","TheEnding"],"potions_floor_usage":[19,21,24,29,29,37,38,39,50,51,55,56,56,56,56],"damage_taken":[{"damage":5,"enemies":"Small Slimes","floor":1,"turns":6},{"damage":4,"enemies":"Jaw Worm","floor":2,"turns":5},{"damage":1,"enemies":"Cultist","floor":4,"turns":5},{"damage":17,"enemies":"The Mushroom Lair","floor":7,"turns":6},{"damage":15,"enemies":"Exordium Wildlife","floor":11,"turns":8},{"damage":31,"enemies":"Gremlin Nob","floor":13,"turns":4},{"damage":38,"enemies":"Slime Boss","floor":16,"turns":9},{"damage":25,"enemies":"Shell Parasite","floor":18,"turns":7},{"damage":24,"enemies":"Spheric Guardian","floor":19,"turns":6},{"damage":0,"enemies":"Snake Plant","floor":21,"turns":5},{"damage":20,"enemies":"Slavers","floor":24,"turns":6},{"damage":8,"enemies":"Book of Stabbing","floor":27,"turns":6},{"damage":8,"enemies":"Slavers","floor":29,"turns":3},{"damage":8,"enemies":"Shelled Parasite and Fungi","floor":31,"turns":6},{"damage":9,"enemies":"Automaton","floor":33,"turns":10},{"damage":6,"enemies":"3 Shapes","floor":35,"turns":5},{"damage":48,"enemies":"2 Orb Walkers","floor":36,"turns":5},{"damage":0,"enemies":"Orb Walker","floor":37,"turns":4},{"damage":23,"enemies":"Jaw Worm Horde","floor":38,"turns":5},{"damage":3,"enemies":"Sphere and 2 Shapes","floor":39,"turns":8},{"damage":33,"enemies":"Reptomancer","floor":40,"turns":10},{"damage":8,"enemies":"Giant Head","floor":42,"turns":8},{"damage":7,"enemies":"Nemesis","floor":44,"turns":7},{"damage":0,"enemies":"3 Darklings","floor":46,"turns":4},{"damage":6,"enemies":"Spire Growth","floor":47,"turns":5},{"damage":1,"enemies":"Reptomancer","floor":48,"turns":6},{"damage":21,"enemies":"Donu and Deca","floor":50,"turns":8},{"damage":19,"enemies":"Time Eater","floor":51,"turns":13},{"damage":38,"enemies":"Shield and Spear","floor":55,"turns":8},{"damage":49,"enemies":"The Heart","floor":56,"turns":5}],"seed_played":"-759633654922675967","potions_obtained":[{"floor":1,"key":"FairyPotion"},{"floor":4,"key":"LiquidMemories"},{"floor":13,"key":"Block Potion"},{"floor":18,"key":"GhostInAJar"},{"floor":19,"key":"Energy Potion"},{"floor":27,"key":"ColorlessPotion"},{"floor":29,"key":"DistilledChaos"},{"floor":33,"key":"PowerPotion"},{"floor":35,"key":"Poison Potion"},{"floor":38,"key":"Dexterity Potion"},{"floor":40,"key":"Block Potion"},{"floor":42,"key":"Energy Potion"},{"floor":46,"key":"SkillPotion"},{"floor":47,"key":"AttackPotion"},{"floor":55,"key":"Poison Potion"}],"is_trial":false,"path_per_floor":["M","M","$","M","?","R","?","R","T","R","M","$","E","$","R","B",null,"M","M","?","M","$","R","E","R","T","E","$","E","R","M","R","B",null,"M","?","M","M","M","E","R","E","T","E","?","M","M","E","R","B","B",null,"R","$","E","B"],"character_chosen":"THE_SILENT","items_purchased":["HandOfGreed","Meat on the Bone","Well Laid Plans","Footwork","Orrery","Apotheosis","Membership Card","Bag of Preparation","Secret Technique","Art of War","Ancient Potion","Weak Potion","Crippling Poison","Concentrate"],"campfire_rested":5,"item_purchase_floors":[3,12,12,14,22,28,54,54,54,54,54,54,54,54],"current_hp_per_floor":[54,50,50,49,49,49,32,32,32,51,36,36,17,17,36,31,57,44,32,26,38,38,38,30,30,30,41,41,45,45,37,58,49,67,61,25,37,26,35,14,35,39,39,44,44,44,38,37,37,28,21,60,73,73,47,0,0],"gold":84,"neow_bonus":"HUNDRED_GOLD","is_daily":false,"chose_seed":false,"campfire_upgraded":5,"win_rate":0.0,"timestamp":1610984407,"path_taken":["M","M","$","M","?","R","?","R","T","R","M","$","E","$","R","BOSS","M","M","?","M","$","R","E","R","T","E","?","E","R","M","R","BOSS","M","?","M","M","M","E","R","E","T","E","?","M","M","E","R","BOSS","BOSS","R","$","E","BOSS"],"items_purchased_type":["Card","Relic","Card","Card","Relic","Card","Relic","Relic","Card","Relic","Potion","Potion","Card","Card"],"build_version":"2020-12-22","purchased_purges":1,"victory":false,"max_hp_per_floor":[66,66,66,66,66,66,66,66,66,66,66,66,66,66,66,66,66,66,66,66,66,66,66,66,66,66,73,73,73,73,73,73,73,73,73,73,73,73,73,73,73,73,73,73,73,73,73,73,73,73,73,73,73,73,73,73,73],"relic_stats":{"Dream Catcher":1,"counters":[30,193],"Shuriken":[38],"Dead Branch":[336],"Bag of Preparation":[4],"Art of War":[1],"obtain_stats":[{"Potion Belt":9,"Dead Branch":13,"Vajra":55,"Omamori":26,"Incense Burner":36,"Bag of Preparation":54,"Odd Mushroom":7,"Bottled Tornado":24,"Ancient Tea Set":29,"Dream Catcher":48,"Shuriken":42,"Strawberry":27,"Orrery":22,"Philosopher\u0027s Stone":17,"Fusion Hammer":34,"Art of War":54,"Membership Card":54,"InkBottle":40,"Ring of the Snake":0,"Meat on the Bone":12,"Pocketwatch":44},{"Potion Belt":4,"Dead Branch":6,"Vajra":29,"Omamori":11,"Incense Burner":17,"Bag of Preparation":28,"Odd Mushroom":4,"Bottled Tornado":11,"Ancient Tea Set":13,"Dream Catcher":26,"Shuriken":22,"Strawberry":12,"Orrery":10,"Philosopher\u0027s Stone":7,"Fusion Hammer":15,"Art of War":28,"Membership Card":28,"InkBottle":21,"Ring of the Snake":0,"Meat on the Bone":5,"Pocketwatch":23},{"Potion Belt":22,"Dead Branch":34,"Vajra":188,"Omamori":67,"Incense Burner":102,"Bag of Preparation":180,"Odd Mushroom":22,"Bottled Tornado":67,"Ancient Tea Set":76,"Dream Catcher":159,"Shuriken":137,"Strawberry":73,"Orrery":61,"Philosopher\u0027s Stone":43,"Fusion Hammer":92,"Art of War":180,"Membership Card":180,"InkBottle":129,"Ring of the Snake":0,"Meat on the Bone":30,"Pocketwatch":144}],"InkBottle":[41],"Ring of the Snake":[60],"Meat on the Bone":216,"Pocketwatch":[8]},"card_choices":[{"not_picked":["Tactician","Dagger Throw"],"picked":"Noxious Fumes","floor":1},{"not_picked":["Cloak And Dagger","Blade Dance","Terror"],"picked":"SKIP","floor":2},{"not_picked":["Flying Knee","Quick Slash"],"picked":"Deadly Poison","floor":4},{"not_picked":["Accuracy","Blade Dance","Distraction"],"picked":"SKIP","floor":11},{"not_picked":["Tactician","Slice"],"picked":"Infinite Blades","floor":13},{"not_picked":["Glass Knife","Grand Finale"],"picked":"Die Die Die","floor":16},{"not_picked":["Prepared","Blade Dance"],"picked":"Accuracy+1","floor":18},{"not_picked":["Dagger Spray","Concentrate"],"picked":"PiercingWail","floor":19},{"not_picked":["Underhanded Strike","Dash"],"picked":"Dodge and Roll","floor":21},{"not_picked":["Backstab","Prepared"],"picked":"PiercingWail+1","floor":22},{"not_picked":["A Thousand Cuts","Blade Dance"],"picked":"Cloak And Dagger+1","floor":22},{"not_picked":["Distraction+1","PiercingWail"],"picked":"Deflect","floor":22},{"not_picked":["Bouncing Flask","Noxious Fumes"],"picked":"Dodge and Roll","floor":24},{"not_picked":["Prepared","Outmaneuver","PiercingWail"],"picked":"SKIP","floor":27},{"not_picked":["Distraction","Die Die Die"],"picked":"Blade Dance","floor":29},{"not_picked":["Outmaneuver","Dagger Throw"],"picked":"Backflip","floor":31},{"not_picked":["Blade Dance","Deflect","PiercingWail+1"],"picked":"SKIP","floor":35},{"not_picked":["Cloak And Dagger","Masterful Stab","Poisoned Stab"],"picked":"SKIP","floor":37},{"not_picked":["Flechettes","Prepared"],"picked":"Dodge and Roll","floor":38},{"not_picked":["Deflect","Blade Dance","Deadly Poison"],"picked":"SKIP","floor":39},{"not_picked":["Crippling Poison","Outmaneuver+1","Blade Dance+1"],"picked":"SKIP","floor":40},{"not_picked":["Choke","Poisoned Stab+1","Eviscerate"],"picked":"SKIP","floor":42},{"not_picked":["Poisoned Stab","Skewer"],"picked":"Caltrops","floor":44},{"not_picked":["Prepared+1","Bane","Cloak And Dagger"],"picked":"SKIP","floor":46},{"not_picked":["Outmaneuver","Heel Hook","Dodge and Roll"],"picked":"SKIP","floor":47},{"not_picked":["Doppelganger","Cloak And Dagger"],"picked":"Calculated Gamble","floor":48},{"not_picked":["Dagger Spray","Dagger Throw"],"picked":"Backflip+1","floor":53},{"not_picked":["Bane","Underhanded Strike","Grand Finale"],"picked":"SKIP","floor":55}],"player_experience":3078119,"relics_obtained":[{"floor":7,"key":"Odd Mushroom"},{"floor":9,"key":"Potion Belt"},{"floor":13,"key":"Dead Branch"},{"floor":24,"key":"Bottled Tornado"},{"floor":26,"key":"Omamori"},{"floor":27,"key":"Strawberry"},{"floor":29,"key":"Ancient Tea Set"},{"floor":36,"key":"Incense Burner"},{"floor":40,"key":"InkBottle"},{"floor":42,"key":"Shuriken"},{"floor":44,"key":"Pocketwatch"},{"floor":48,"key":"Dream Catcher"},{"floor":55,"key":"Vajra"}],"event_choices":[{"damage_healed":0,"gold_gain":79,"player_choice":"Gained Gold","damage_taken":0,"max_hp_gain":0,"max_hp_loss":0,"event_name":"Golden Wing","floor":5,"gold_loss":0},{"damage_healed":0,"gold_gain":0,"player_choice":"Fought Mushrooms","damage_taken":0,"max_hp_gain":0,"max_hp_loss":0,"event_name":"Mushrooms","floor":7,"gold_loss":0},{"damage_healed":0,"gold_gain":0,"player_choice":"","damage_taken":6,"max_hp_gain":0,"max_hp_loss":0,"event_name":"Knowing Skull","floor":20,"potions_obtained":[],"gold_loss":0,"cards_obtained":[]},{"damage_healed":0,"gold_gain":0,"player_choice":"Fight","damage_taken":0,"max_hp_gain":0,"max_hp_loss":0,"event_name":"Mysterious Sphere","floor":36,"gold_loss":0},{"damage_healed":0,"gold_gain":0,"player_choice":"Memory 1","damage_taken":0,"max_hp_gain":0,"max_hp_loss":0,"event_name":"SensoryStone","floor":45,"gold_loss":0}],"is_beta":false,"boss_relics":[{"not_picked":["Velvet Choker","Empty Cage"],"picked":"Philosopher\u0027s Stone"},{"not_picked":["Tiny House","Calling Bell"],"picked":"Fusion Hammer"}],"items_purged_floors":[54],"is_endless":false,"potions_floor_spawned":[1,4,13,18,19,27,29,33,35,38,40,42,46,47,55],"killed_by":"The Heart","ascension_level":20}}