{"host":"sefvftc5g87x47w2","time":1610988718,"event":{"mods":["AchievementEnabler","BaseMod","Colored Map","Colored Powertips","DeckTracker","Minty Spire (QoL Compilation)","Quick Restart","Rare Cards Sparkle","StSLib","everything is the same but u backflip on backflip"],"gold_per_floor":[116,291,301,261,272,307,39,59,59,59,88,103,119,129,129,224,224,210,57,68,68,85,119,137,154,154,154,64,64,83,102,102,199,199,211,211,49,64,64,64],"floor_reached":39,"language":"KOR","playtime":3899,"items_purged":["Doubt","Strike_G","Defend_G"],"score":417,"play_id":"221dfe33-59d5-44bf-91be-8921e1b1491c","local_time":"20210119015158","is_ascension_mode":false,"campfire_choices":[{"floor":10,"key":"REST"},{"data":"Noxious Fumes","floor":15,"key":"SMITH"},{"floor":27,"key":"REST"},{"data":"Tools of the Trade","floor":29,"key":"SMITH"},{"data":"Prepared","floor":32,"key":"SMITH"}],"circlet_count":0,"master_deck":["Strike_G","Defend_G","Defend_G","Defend_G","Survivor","Neutralize","Dagger Spray","Footwork","Dagger Throw+1","All Out Attack+1","Deadly Poison","Bouncing Flask","Deflect","Leg Sweep","Acrobatics+1","Noxious Fumes+1","Tools of the Trade+1","Backstab+1","Bane","Underhanded Strike","Footwork","Calculated Gamble+1","Poisoned Stab+1","PiercingWail","Outmaneuver+1","Crippling Poison+1","Prepared+1","Underhanded Strike","PiercingWail","Envenom+1","Catalyst","Deadly Poison+1"],"relics":["Ring of the Snake","Bag of Marbles","Sundial","ClockworkSouvenir","Ornamental Fan","Bottled Lightning","Black Star","Mercury Hourglass","Prayer Wheel","Whetstone","Frozen Egg 2","Empty Cage"],"acts_visited":["Exordium","TheCity","TheBeyond"],"potions_floor_usage":[6,16,20,22,22,23,23,23,23,24,33,33,39,39],"damage_taken":[{"damage":0,"enemies":"Jaw Worm","floor":1,"turns":6},{"damage":0,"enemies":"Cultist","floor":3,"turns":3},{"damage":5,"enemies":"Small Slimes","floor":5,"turns":4},{"damage":22,"enemies":"Lagavulin","floor":6,"turns":9},{"damage":4,"enemies":"Gremlin Gang","floor":8,"turns":3},{"damage":15,"enemies":"Gremlin Nob","floor":11,"turns":4},{"damage":4,"enemies":"Blue Slaver","floor":12,"turns":3},{"damage":6,"enemies":"3 Louse","floor":13,"turns":3},{"damage":0,"enemies":"2 Fungi Beasts","floor":14,"turns":3},{"damage":11,"enemies":"Hexaghost","floor":16,"turns":8},{"damage":18,"enemies":"2 Thieves","floor":18,"turns":4},{"damage":0,"enemies":"Spheric Guardian","floor":20,"turns":3},{"damage":8,"enemies":"Shelled Parasite and Fungi","floor":22,"turns":6},{"damage":15,"enemies":"Gremlin Leader","floor":23,"turns":8},{"damage":21,"enemies":"Centurion and Healer","floor":24,"turns":5},{"damage":0,"enemies":"Snake Plant","floor":25,"turns":3},{"damage":15,"enemies":"3 Cultists","floor":30,"turns":5},{"damage":9,"enemies":"Centurion and Healer","floor":31,"turns":5},{"damage":23,"enemies":"Champ","floor":33,"turns":11},{"damage":36,"enemies":"3 Darklings","floor":35,"turns":5},{"damage":17,"enemies":"3 Shapes","floor":38,"turns":3},{"damage":26,"enemies":"Writhing Mass","floor":39,"turns":2}],"seed_played":"-5454147440783520749","potions_obtained":[{"floor":4,"key":"EssenceOfSteel"},{"floor":4,"key":"Weak Potion"},{"floor":4,"key":"LiquidBronze"},{"floor":11,"key":"EntropicBrew"},{"floor":13,"key":"SteroidPotion"},{"floor":16,"key":"Explosive Potion"},{"floor":20,"key":"Fruit Juice"},{"floor":25,"key":"CultistPotion"},{"floor":31,"key":"LiquidBronze"},{"floor":33,"key":"SteroidPotion"},{"floor":35,"key":"Weak Potion"},{"floor":38,"key":"BlessingOfTheForge"}],"is_trial":false,"path_per_floor":["M","?","M","?","M","E","$","M","T","R","E","M","M","M","R","B",null,"M","$","M","T","M","E","M","M","T","R","?","R","M","M","R","B",null,"M","?","$","M","M"],"character_chosen":"THE_SILENT","items_purchased":["ClockworkSouvenir","Deadly Poison","Bane","Catalyst"],"campfire_rested":2,"item_purchase_floors":[7,7,19,37],"current_hp_per_floor":[70,70,70,70,65,43,43,39,39,60,45,41,35,35,35,24,70,52,52,57,57,64,49,28,28,28,50,50,50,35,26,26,3,75,39,39,39,22,0,0],"gold":64,"neow_bonus":"RANDOM_COMMON_RELIC","is_daily":false,"chose_seed":false,"campfire_upgraded":3,"win_rate":0.0,"timestamp":1610988718,"path_taken":["M","?","M","?","M","E","$","M","T","R","E","?","M","M","R","BOSS","M","?","M","?","M","E","M","M","T","R","?","R","?","M","R","BOSS","M","?","$","M","M"],"items_purchased_type":["Relic","Card","Card","Card"],"build_version":"2020-12-22","purchased_purges":3,"victory":false,"max_hp_per_floor":[70,70,70,70,70,70,70,70,70,70,70,70,70,70,70,70,70,70,70,75,75,75,75,75,75,75,75,75,75,75,75,75,75,75,75,75,75,75,75,75],"card_choices":[{"not_picked":["Tactician","Flechettes"],"picked":"Dagger Spray","floor":1},{"not_picked":["Dodge and Roll","Sucker Punch"],"picked":"Footwork","floor":3},{"not_picked":["Flying Knee","Poisoned Stab"],"picked":"Dagger Throw","floor":5},{"not_picked":["Bane","Backflip"],"picked":"All Out Attack","floor":6},{"not_picked":["Dagger Spray","Cloak And Dagger"],"picked":"Bouncing Flask","floor":8},{"not_picked":["Blade Dance","Distraction"],"picked":"Deflect","floor":11},{"not_picked":["Dagger Spray","Infinite Blades"],"picked":"Leg Sweep","floor":12},{"not_picked":["Leg Sweep","Outmaneuver"],"picked":"Acrobatics","floor":13},{"not_picked":["Heel Hook","Blade Dance"],"picked":"Noxious Fumes","floor":14},{"not_picked":["Venomology","Doppelganger"],"picked":"Tools of the Trade","floor":16},{"not_picked":["Slice","Prepared"],"picked":"Backstab+1","floor":18},{"not_picked":["Slice+1","Deflect+1"],"picked":"Underhanded Strike","floor":20},{"not_picked":["Underhanded Strike+1","Acrobatics"],"picked":"Footwork","floor":22},{"not_picked":["Riddle With Holes","Leg Sweep"],"picked":"Calculated Gamble+1","floor":23},{"not_picked":["Infinite Blades","Quick Slash+1"],"picked":"Poisoned Stab+1","floor":24},{"not_picked":["Dagger Spray","Acrobatics","Outmaneuver"],"picked":"SKIP","floor":24},{"not_picked":["Cloak And Dagger+1","Backflip+1"],"picked":"PiercingWail","floor":25},{"not_picked":["Caltrops","Dagger Spray"],"picked":"Outmaneuver+1","floor":25},{"not_picked":["Acrobatics+1","Predator+1"],"picked":"Crippling Poison+1","floor":30},{"not_picked":["All Out Attack","Glass Knife"],"picked":"Prepared","floor":30},{"not_picked":["Dagger Spray+1","Dagger Throw"],"picked":"Underhanded Strike","floor":31},{"not_picked":["Deflect","Masterful Stab"],"picked":"PiercingWail","floor":31},{"not_picked":["Storm of Steel","Wraith Form v2+1"],"picked":"Envenom+1","floor":33},{"not_picked":["Acrobatics","Flying Knee+1","Tactician"],"picked":"SKIP","floor":35},{"not_picked":["Dagger Spray+1","Caltrops+1","Acrobatics+1"],"picked":"SKIP","floor":35},{"not_picked":["Bane","Sucker Punch"],"picked":"Deadly Poison+1","floor":38},{"not_picked":["Flying Knee","Blade Dance","Acrobatics"],"picked":"SKIP","floor":38}],"player_experience":76947,"relics_obtained":[{"floor":6,"key":"Sundial"},{"floor":9,"key":"Ornamental Fan"},{"floor":11,"key":"Bottled Lightning"},{"floor":21,"key":"Mercury Hourglass"},{"floor":23,"key":"Prayer Wheel"},{"floor":23,"key":"Whetstone"},{"floor":26,"key":"Frozen Egg 2"}],"event_choices":[{"damage_healed":0,"gold_gain":175,"player_choice":"AGREE","damage_taken":0,"max_hp_gain":0,"max_hp_loss":0,"event_name":"Liars Game","floor":2,"gold_loss":0,"cards_obtained":["Doubt"]},{"damage_healed":0,"gold_gain":0,"player_choice":"Bought 3 Potions","damage_taken":0,"max_hp_gain":0,"max_hp_loss":0,"event_name":"The Woman in Blue","floor":4,"gold_loss":0},{"cards_removed":["Strike_G"],"damage_healed":0,"gold_gain":0,"player_choice":"Upgrade and Remove","damage_taken":0,"max_hp_gain":0,"max_hp_loss":0,"event_name":"Designer","floor":28,"gold_loss":90,"cards_upgraded":["Acrobatics"]},{"cards_removed":["Strike_G"],"damage_healed":0,"gold_gain":0,"player_choice":"Removed Attack","damage_taken":0,"max_hp_gain":0,"max_hp_loss":0,"event_name":"Falling","floor":36,"gold_loss":0}],"is_beta":false,"boss_relics":[{"not_picked":["Snecko Eye","Runic Pyramid"],"picked":"Black Star"},{"not_picked":["Sozu","Tiny House"],"picked":"Empty Cage"}],"items_purged_floors":[7,19,37],"is_endless":false,"potions_floor_spawned":[11,13,14,16,20,25,31,33,35,38],"killed_by":"Writhing Mass","ascension_level":0}}