{"host":"h4qgcirtxz6qax9j","time":1610966979,"event":{"mods":["AchievementEnabler","BaseMod","Colored Powertips","Hermit","Minty Spire (QoL Compilation)","StSLib","SuperFastMode","The Servant 0.9.4"],"gold_per_floor":[118,132,132,152,152,177,177,191,191,208,238,252,252,204,204,204,204],"floor_reached":16,"language":"KOR","playtime":672,"items_purged":[],"score":112,"play_id":"b8acc528-6b12-4a1b-ba71-3c944ab369db","local_time":"20210118194939","is_ascension_mode":false,"campfire_choices":[{"data":"InstantArmor","floor":7,"key":"SMITH"},{"data":"KidneyShot","floor":13,"key":"SMITH"},{"data":"Snipe","floor":15,"key":"SMITH"}],"circlet_count":0,"master_deck":["Strike_S","Strike_S","Strike_S","Strike_S","Defend_S","Defend_S","Defend_S","Defend_S","KidneyShot+1","Exchange","Snipe+1","InstantArmor+1","Read","Potential","Revamp","GearUp","Ricochet"],"relics":["Uniform","NeowsBlessing","HornCleat","Eternal Feather","Singing Bowl"],"acts_visited":["Exordium"],"potions_floor_usage":[16,16],"damage_taken":[{"damage":0.0,"enemies":"Jaw Worm","floor":1.0,"turns":1.0},{"damage":0.0,"enemies":"Cultist","floor":2.0,"turns":1.0},{"damage":0.0,"enemies":"Small Slimes","floor":4.0,"turns":1.0},{"damage":20,"enemies":"Lagavulin","floor":6,"turns":9},{"damage":0,"enemies":"Exordium Thugs","floor":8,"turns":5},{"damage":6,"enemies":"3 Louse","floor":10,"turns":3},{"damage":2,"enemies":"3 Sentries","floor":11,"turns":11},{"damage":1,"enemies":"Gremlin Gang","floor":12,"turns":6},{"damage":63,"enemies":"Hexaghost","floor":16,"turns":19}],"seed_played":"8810942623723715795","potions_obtained":[{"floor":1.0,"key":"Energy Potion"},{"floor":10,"key":"ColorlessPotion"},{"floor":11,"key":"BlessingOfTheForge"}],"is_trial":false,"path_per_floor":["M","M","?","M","?","E","R","M","T","M","E","M","R","$","R","B"],"character_chosen":"THE_SERVANT","items_purchased":["Ricochet"],"campfire_rested":0,"item_purchase_floors":[14],"current_hp_per_floor":[65,65,65,65,70,50,50,50,50,44,44,45,54,54,63,0,0],"gold":204,"neow_bonus":"THREE_ENEMY_KILL","is_daily":false,"chose_seed":false,"campfire_upgraded":3,"win_rate":0.0,"timestamp":1610966979,"path_taken":["M","M","?","M","?","E","R","M","T","M","E","M","R","?","R","BOSS"],"items_purchased_type":["Card"],"build_version":"2020-12-22","purchased_purges":0,"victory":false,"max_hp_per_floor":[65,65,65,65,70,70,70,70,70,70,72,74,74,74,74,74,74],"card_choices":[{"not_picked":["Spin","Unruled"],"picked":"Snipe","floor":1.0},{"not_picked":["TimeWarp","Rewind"],"picked":"InstantArmor","floor":2.0},{"not_picked":["Rewind","StarChef"],"picked":"Read","floor":4.0},{"not_picked":["Advance","ForgedInTime"],"picked":"Potential","floor":6},{"not_picked":["Sabotage","Defy"],"picked":"Revamp","floor":8},{"not_picked":["MoonPhase","DoubleEdge"],"picked":"GearUp","floor":10},{"not_picked":["MoonPhase","PendulumOfEternity","Foresight"],"picked":"Singing Bowl","floor":11},{"not_picked":["FastForward","Defy","Rearm"],"picked":"Singing Bowl","floor":12}],"player_experience":51806,"relics_obtained":[{"floor":6,"key":"HornCleat"},{"floor":9,"key":"Eternal Feather"},{"floor":11,"key":"Singing Bowl"}],"event_choices":[{"damage_healed":0.0,"max_hp_gain":0.0,"max_hp_loss":0.0,"gold_gain":0.0,"event_name":"Liars Game","player_choice":"Ignored","floor":3.0,"gold_loss":0.0,"damage_taken":0.0},{"damage_healed":0.0,"max_hp_gain":5.0,"max_hp_loss":0.0,"gold_gain":0.0,"event_name":"Big Fish","player_choice":"Donut","floor":5.0,"gold_loss":0.0,"damage_taken":0.0}],"is_beta":false,"boss_relics":[],"items_purged_floors":[],"is_endless":false,"potions_floor_spawned":[1,10,11],"killed_by":"Hexaghost","ascension_level":0}}