{"host":"i0m9g0siyue4991n","time":1610955909,"event":{"mods":["100% Spire Juice","ATMod(°¢èªMod)","Act Like it!","BaseMod","BetterRewards","CapriCore","Challenge The Spire","Custom Start","Friendly Minions","Gensokyo","HololiveMod","Marisa£¨ìFÓê¡¡Ä§ÀíÉ³£©","Minty Spire (QoL Compilation)","Quick Restart","Reimu£¨²©ÀöÁéÃÎ£©","RumiaBox-Â¶Ã×æ«µÄÉñÃØºÐ×Ó","StSLib","The Administrix","The Immortal","The Servant 0.9.4","Yakumo Yukari mod"],"gold_per_floor":[86,86,86,105,120,120,161,161,161,196,217,217,260,283,283,399,399,423,448,448,448],"floor_reached":20,"language":"ZHS","playtime":853,"items_purged":[],"score":526,"play_id":"f4ac2d5c-0528-4f4e-8084-c6cdd8d6f035","local_time":"20210118154509","is_ascension_mode":true,"campfire_choices":[{"data":"AT_FamilyPortrait","floor":6.0,"key":"SMITH"},{"data":"Hololive_Trident","floor":8.0,"key":"SMITH"},{"data":"Hololive_CandyCastle","floor":12.0,"key":"SMITH"},{"data":"Hololive_Breathe","floor":15.0,"key":"SMITH"}],"circlet_count":0,"master_deck":["AscendersBane","Hololive_Defend","Hololive_Defend","Hololive_Defend","Hololive_LuckPotion+1","Hololive_Trident+1","AT_FamilyPortrait+1","Hololive_Breathe+1","Hololive_DurableLive","Hololive_CandyCastle+1","Hololive_StrengthChampion","Hololive_HighAtkLowDef","Hololive_ScarfAndHalo+1","Hololive_CallUruhaRushia+1","Hololive_CallShirakamiFubuki+1","Hololive_LuckPotion+1","Hololive_CallSakuraMiko"],"relics":["Hololive_TheStar","AT_ATBox","Hololive_Peko","Golden Idol","Bottled Flame","MagicDraw2","Dream Catcher","Orichalcum","Astrolabe"],"acts_visited":["Exordium","TheCity"],"potions_floor_usage":[19,20,20],"damage_taken":[{"damage":0.0,"enemies":"2 Louse","floor":1.0,"turns":2.0},{"damage":0.0,"enemies":"Small Slimes","floor":4.0,"turns":3.0},{"damage":0.0,"enemies":"Cultist","floor":5.0,"turns":2.0},{"damage":0.0,"enemies":"Gremlin Nob","floor":7.0,"turns":2.0},{"damage":0.0,"enemies":"Lagavulin","floor":10.0,"turns":4.0},{"damage":0.0,"enemies":"Large Slime","floor":11.0,"turns":2.0},{"damage":0.0,"enemies":"Gremlin Nob","floor":13.0,"turns":3.0},{"damage":0.0,"enemies":"Blue Slaver","floor":14.0,"turns":3.0},{"damage":0.0,"enemies":"Hexaghost","floor":16.0,"turns":6.0},{"damage":4,"enemies":"2 Thieves","floor":18,"turns":4},{"damage":0,"enemies":"Chosen","floor":19,"turns":2},{"damage":29,"enemies":"Masked Bandits","floor":20,"turns":3}],"seed_played":"7012911783580696114","potions_obtained":[{"floor":4.0,"key":"ZuzhouPotion:ReiMu"},{"floor":7.0,"key":"AttackPotion"},{"floor":10.0,"key":"DistilledChaos"}],"is_trial":false,"path_per_floor":["M","?","?","M","M","R","E","R","T","E","M","R","E","M","R","B",null,"M","M","?"],"character_chosen":"Hololive_HololiveCharacter","items_purchased":[],"campfire_rested":0,"item_purchase_floors":[],"current_hp_per_floor":[32,24,29,29,29,29,29,29,29,29,29,29,29,29,29,29,31,27,27,0,0],"gold":448,"neow_bonus":"REMOVE_TWO","is_daily":false,"chose_seed":false,"campfire_upgraded":4,"win_rate":0.0,"timestamp":1610955909,"path_taken":["M","?","?","M","M","R","E","R","T","E","M","R","E","?","R","BOSS","M","M","?"],"items_purchased_type":[],"build_version":"2020-12-22","purchased_purges":0,"victory":false,"max_hp_per_floor":[32,32,32,32,32,32,32,32,32,32,32,32,32,32,32,32,32,32,32,32,32],"card_choices":[{"not_picked":["Hololive_Sequa","Hololive_CallHoushouMarine","Hololive_CallMinatoAqua","Hololive_Rebound"],"picked":"SKIP","floor":1.0},{"not_picked":["Hololive_Rebound","Hololive_OvertimeWork","Hololive_Sequa"],"picked":"Hololive_Breathe","floor":4.0},{"not_picked":["Hololive_Drill","Hololive_CallMoonaHoshinova","Hololive_CallShiranuiFlare"],"picked":"Hololive_LuckPotion","floor":5.0},{"not_picked":["Hololive_Watashimo","Hololive_Nanodesu","Hololive_LuckPotion"],"picked":"Hololive_DurableLive","floor":7.0},{"not_picked":["Hololive_SummonFox","Hololive_Rebound","Hololive_HuntDinosaur","Hololive_Breathe"],"picked":"SKIP","floor":10.0},{"not_picked":["Hololive_Sequa","Hololive_HuntDinosaur","Hololive_CallShiroganeNoel"],"picked":"Hololive_CandyCastle","floor":11.0},{"not_picked":["Hololive_Drill","Hololive_DurableLive","Hololive_Trident"],"picked":"Hololive_StrengthChampion","floor":13.0},{"not_picked":["Hololive_Breathe","Hololive_HuntDinosaur","Hololive_Drill","Hololive_RevenueBasedLive"],"picked":"SKIP","floor":14.0},{"not_picked":["Hololive_Rebirth","Hololive_Nanodesu","Hololive_ASMR"],"picked":"Hololive_HighAtkLowDef","floor":16.0},{"not_picked":["Hololive_StrengthChampion","Hololive_HuntDinosaur+1","Hololive_CallYozoraMel"],"picked":"Hololive_LuckPotion+1","floor":18},{"not_picked":["Hololive_FlyingPonyTail","Hololive_CallFriendA","Hololive_CocoNews"],"picked":"Hololive_CallSakuraMiko","floor":19}],"player_experience":559354,"relics_obtained":[{"floor":7.0,"key":"Bottled Flame"},{"floor":9.0,"key":"MagicDraw2"},{"floor":10.0,"key":"Dream Catcher"},{"floor":13.0,"key":"Orichalcum"}],"event_choices":[{"damage_healed":0.0,"max_hp_gain":0.0,"max_hp_loss":0.0,"gold_gain":0.0,"event_name":"Golden Idol","player_choice":"Take Damage","floor":2.0,"gold_loss":0.0,"damage_taken":8.0,"relics_obtained":["Golden Idol"]},{"cards_removed":["Hololive_Defend"],"damage_healed":5.0,"max_hp_gain":0.0,"max_hp_loss":0.0,"gold_gain":0.0,"event_name":"Bonfire Elementals","player_choice":"Offered Special","floor":3.0,"gold_loss":0.0,"damage_taken":0.0},{"damage_healed":0,"gold_gain":0,"player_choice":"Fought Bandits","damage_taken":0,"max_hp_gain":0,"max_hp_loss":0,"event_name":"Masked Bandits","floor":20,"gold_loss":0}],"is_beta":false,"boss_relics":[{"not_picked":["Sozu","Pandora\u0027s Box"],"picked":"Astrolabe"}],"items_purged_floors":[],"is_endless":false,"potions_floor_spawned":[4,7,10,13,19],"killed_by":"Masked Bandits","ascension_level":13}}