{"host":"w05x4i13f2m9joq1","time":1610949379,"event":{"mods":["Act Like it!","Bard","BaseMod","Better Altar","Better Match","Better Note","Better Sensory Stone","Better Skull","Better Third Choice","BetterRewards","Colored Map","Colored Powertips","Duelist Mod","GifTheSpireLib","Googly Eyes","Ironclad Rager","Lobotomy","LobotomyExtend","Marisa????????","Minty Spire (QoL Compilation)","Replay The Spire","Spire Birthday Party","StSLib","The Bug Knight","The Construct","The Hierophant","The IronCluck","The Mystic","TheBandit","everything is the same but u backflip on backflip","slay the spire mod where everything is the same but ironclad has a cowboy hat"],"gold_per_floor":[139,154,154,173,173,204,204,204,230,230,230,257,272,324,324,449,449,449,469,29,29,29,29,41,41,41,41,41,68,13,24,24,58,58,181,281,298,317,317,348,368,368],"floor_reached":41,"language":"ENG","playtime":2461,"items_purged":[],"score":1954,"play_id":"ec23215d-a6da-40f9-a192-ef0e069bf032","local_time":"20210118005619","is_ascension_mode":true,"campfire_choices":[{"floor":8,"key":"REST"},{"floor":11,"key":"REST"},{"data":"theDuelist:ToonWorld","floor":15,"key":"SMITH"},{"data":"theDuelist:TrapHole","floor":23,"key":"SMITH"},{"data":"theDuelist:ToonKingdom","floor":25,"key":"SMITH"},{"floor":32,"key":"REST"},{"floor":34,"key":"REST"}],"circlet_count":0,"master_deck":["theDuelist:CastleWalls","theDuelist:MangaRyuRan","theDuelist:Sparks","theDuelist:Sparks","theDuelist:Sparks+1","theDuelist:ToonAncientGear","theDuelist:ToonMermaid","theDuelist:ToonSummonedSkull+1","theDuelist:ToonWorld+1","theDuelist:ToonMermaid","theDuelist:ToonAncientGear+1","theDuelist:ToonMask+1","theDuelist:ToonGeminiElf+1","theDuelist:Nameless:Magic:BerserkerCrush","theDuelist:Nameless:Greed:MagnumShield","theDuelist:ToonAncientGear","theDuelist:TrapHole+1","theDuelist:ToonGeminiElf","theDuelist:PotGenerosity","theDuelist:AncientGearFist","theDuelist:ToonCannonSoldier","theDuelist:ToonKingdom+1","theDuelist:ToonBriefcase+1","theDuelist:ToonBriefcase","theDuelist:FluteKuriboh","theDuelist:ForbiddenLance","AbeCurse","theDuelist:ToonAncientGear","theDuelist:VampireCurse","theDuelist:TrapHole"],"relics":["theDuelist:MillenniumPuzzle","theDuelist:CardPoolRelic","theDuelist:CardPoolBasicRelic","theDuelist:BoosterPackPoolRelic","theDuelist:CardPoolAddRelic","theDuelist:CardPoolMinusRelic","theDuelist:CardPoolSaveRelic","theDuelist:CardPoolOptionsRelic","Replay:PocketPolymizer","LetterFromLob","Gremlin Food","PreservedInsect","Onion Ring","King of Hearts","Philosopher\u0027s Stone","theDuelist:ElectricToken","Replay:Bottled Snecko","Replay:Towering Pillar of Hats","Replay:Grab Bag","Replay:Wanted Poster","Abe\u0027s Treasure","Inserter","theDuelist:MillenniumPrayerbook"],"acts_visited":["Exordium","TheCity","TheBeyond"],"potions_floor_usage":[6,35],"damage_taken":[{"damage":14,"enemies":"Jaw Worm","floor":1,"turns":3},{"damage":18,"enemies":"2 Louse","floor":2,"turns":3},{"damage":9,"enemies":"Small Slimes","floor":4,"turns":4},{"damage":10,"enemies":"Gremlin Nob","floor":6,"turns":4},{"damage":10,"enemies":"Lagavulin","floor":12,"turns":4},{"damage":9,"enemies":"Blue Slaver","floor":13,"turns":3},{"damage":15,"enemies":"3 Sentries","floor":14,"turns":3},{"damage":24,"enemies":"The Guardian","floor":16,"turns":7},{"damage":14,"enemies":"Spheric Guardian","floor":19,"turns":3},{"damage":34,"enemies":"2 Thieves","floor":24,"turns":3},{"damage":13,"enemies":"Gremlin Leader","floor":29,"turns":3},{"damage":19,"enemies":"Centurion and Healer","floor":31,"turns":4},{"damage":0,"enemies":"Sentry and Sphere","floor":33,"turns":3},{"damage":14,"enemies":"Pondfish","floor":35,"turns":6},{"damage":28,"enemies":"3 Shapes","floor":37,"turns":4},{"damage":20,"enemies":"Orb Walker","floor":38,"turns":2},{"damage":34,"enemies":"4 Shapes","floor":40,"turns":3},{"damage":5,"enemies":"Maw","floor":41,"turns":9}],"seed_played":"-4567607349942779429","potions_obtained":[{"floor":1,"key":"Swift Potion"},{"floor":2,"key":"Block Potion"},{"floor":4,"key":"theDuelist:ReducerPotion"},{"floor":16,"key":"Milkshake"},{"floor":19,"key":"Energy Potion"},{"floor":40,"key":"theDuelist:BurningPotion"}],"is_trial":false,"path_per_floor":["M","M","?","M","?","E","?","R","T","?","R","E","M","E","R_BF","B",null,"M","M","$","?","$","R","M","R","T","PTL","PTL","E","$","M","R","M","R","B",null,"M","M","?","M","M"],"character_chosen":"THE_DUELIST","items_purchased":["theDuelist:AncientGearFist","theDuelist:ElectricToken","theDuelist:ToonCannonSoldier","theDuelist:ToonBriefcase"],"campfire_rested":4,"item_purchase_floors":[20,20,20,30],"current_hp_per_floor":[58,40,40,31,31,21,21,42,42,56,81,71,62,47,47,23,86,86,72,72,72,72,72,38,38,38,38,38,25,25,6,31,31,56,42,86,58,38,38,4,0,0],"gold":368,"neow_bonus":"ONE_RARE_RELIC","is_daily":false,"chose_seed":false,"campfire_upgraded":3,"win_rate":0.0,"timestamp":1610949379,"path_taken":["M","M","?","M","?","E","?","R","T","?","R","E","?","E","R_BF","BOSS","M","?","$","?","$","R","M","R","T","PTL","PTL","E","?","M","R","?","R","BOSS","M","?","?","M","M"],"items_purchased_type":["Card","Card","Card","Card"],"build_version":"2020-12-22","purchased_purges":0,"victory":false,"max_hp_per_floor":[72,72,72,72,72,72,72,72,72,86,86,86,86,86,86,86,86,86,86,86,86,86,86,86,86,86,86,86,86,86,86,86,86,86,86,86,86,86,86,86,86,86],"card_choices":[{"not_picked":["theDuelist:ToonBarrelDragon","theDuelist:CheerfulCoffin","theDuelist:RedEyesToon","theDuelist:SpellShatteringArrow"],"picked":"theDuelist:ToonMermaid","floor":1},{"not_picked":["Bandage Up","Dramatic Entrance","Impatience","Madness"],"picked":"SKIP","floor":2},{"not_picked":["theDuelist:SilverApples","theDuelist:StormingMirrorForce","theDuelist:UltimateOffering","theDuelist:Wiretap"],"picked":"theDuelist:ToonMask","floor":4},{"not_picked":["theDuelist:ComicHand","theDuelist:BlueEyesToon","theDuelist:ToonDarkMagician","theDuelist:HeartUnderdog"],"picked":"theDuelist:ToonGeminiElf","floor":6},{"not_picked":["theDuelist:MangaRyuRan","theDuelist:RedEyesToon","theDuelist:FlyingSaucer","theDuelist:ToonGoblin"],"picked":"theDuelist:ToonAncientGear","floor":12},{"not_picked":["theDuelist:GoldenApples","theDuelist:LightningDarts","theDuelist:PowerWall","theDuelist:SilverApples"],"picked":"theDuelist:TrapHole","floor":13},{"not_picked":["theDuelist:ToonSummonedSkull","theDuelist:ShadowToon","theDuelist:ToonRollback","theDuelist:GracefulCharity"],"picked":"theDuelist:ToonGeminiElf","floor":14},{"not_picked":["theDuelist:HeartUnderdog","theDuelist:OrbMetronome","theDuelist:SmashingGround","theDuelist:YellowBelliedOni"],"picked":"theDuelist:PotGenerosity","floor":16},{"not_picked":["theDuelist:WormKing","theDuelist:StrayLambs","theDuelist:GemArmadillo+1","theDuelist:JamBreeding","theDuelist:EarthEffigy"],"picked":"SKIP","floor":19},{"not_picked":["theDuelist:SpellShatteringArrow+1","theDuelist:ToonMagic","theDuelist:ToonWorld","theDuelist:TributeDoomed"],"picked":"theDuelist:ToonKingdom","floor":24},{"not_picked":["theDuelist:TrapHole","theDuelist:Cloning","theDuelist:DropOff","theDuelist:LightningDarts","theDuelist:MirrorForce"],"picked":"SKIP","floor":29},{"not_picked":["theDuelist:Mudora+1","theDuelist:GoldenApples","theDuelist:RainbowOverdragon","theDuelist:StormingMirrorForce+1"],"picked":"theDuelist:FluteKuriboh","floor":31},{"not_picked":["Forethought+1","HandOfGreed","Panacea","Violence+1"],"picked":"SKIP","floor":33},{"not_picked":["theDuelist:Metronome","theDuelist:PotGenerosity+1","theDuelist:SmashingGround","theDuelist:YamiForm"],"picked":"theDuelist:ForbiddenLance","floor":35},{"not_picked":["theDuelist:SpellShatteringArrow+1","theDuelist:RedEyesToon","theDuelist:FlyingSaucer","theDuelist:ComicHand"],"picked":"theDuelist:ToonAncientGear","floor":37},{"not_picked":["theDuelist:HammerShot+1","theDuelist:LightningVortex+1","theDuelist:MillenniumGolem+1","theDuelist:WormWarlord+1","theDuelist:DarklordSuperbia+1"],"picked":"SKIP","floor":38},{"not_picked":["theDuelist:ToonBriefcase","theDuelist:ToonCannonSoldier","theDuelist:ToonWorld+1"],"picked":"theDuelist:TrapHole","floor":40}],"player_experience":90081,"relics_obtained":[{"floor":1,"key":"LetterFromLob"},{"floor":6,"key":"Gremlin Food"},{"floor":9,"key":"PreservedInsect"},{"floor":12,"key":"Onion Ring"},{"floor":14,"key":"King of Hearts"},{"floor":26,"key":"Replay:Bottled Snecko"},{"floor":29,"key":"Replay:Towering Pillar of Hats"}],"event_choices":[{"damage_healed":0,"gold_gain":0,"player_choice":"Ignored","damage_taken":173,"max_hp_gain":0,"max_hp_loss":0,"event_name":"betterThird:BetterSerpent","floor":5,"gold_loss":0},{"total_magic_score":56,"gold_gain":0,"greed_reward":4,"duelist":true,"damage_taken":0,"relics_obtained":[],"points":18,"max_hp_gain":14,"max_hp_loss":0,"spent_points":{"magic":4,"greed":4,"war":0,"power":4,"hunger":4},"event_name":"Nameless Tomb","hunger_reward":4,"floor":10,"gold_loss":0,"magic_reward":4,"cards_obtained":["theDuelist:Nameless:Magic:BerserkerCrush","theDuelist:Nameless:Greed:MagnumShield"]},{"damage_healed":0,"gold_gain":2,"player_choice":"1","damage_taken":0,"max_hp_gain":0,"max_hp_loss":0,"event_name":"betterStone:BetterStone","floor":21,"gold_loss":0},{"damage_healed":0,"gold_gain":0,"player_choice":"Took item - Received: Millennium Prayerbook","duelist":true,"damage_taken":0,"max_hp_gain":0,"max_hp_loss":0,"event_name":"Millennium Items","floor":39,"gold_loss":0}],"is_beta":false,"boss_relics":[{"not_picked":["construct:ClawGrip","ChewingGum"],"picked":"Philosopher\u0027s Stone"},{"not_picked":["Tiny House","Kintsugi"],"picked":"Replay:Grab Bag"},{"not_picked":["Coffee Dripper","theDuelist:HauntedRelic"],"picked":"Replay:Wanted Poster"},{"not_picked":["ReplayTheSpireMod:Onyx Gauntlets","ReplayTheSpireMod:DimensionalGlitch"],"picked":"Abe\u0027s Treasure"},{"not_picked":["SlaversCollar","Runic Cube"],"picked":"Inserter"}],"items_purged_floors":[],"is_endless":false,"potions_floor_spawned":[1,2,4,16,19,24,31,40],"killed_by":"Maw","ascension_level":3}}