{"host":"rzpi613efy9j52u4","time":1610941305,"event":{"mods":["BaseMod","Colored Powertips","Downfall","Minty Spire (QoL Compilation)","Rare Cards Sparkle","StSLib","The Necromancer"],"gold_per_floor":[99,99,110,110,123,123,150,184,13,13,31,46,46,77,93,195,195,195,205,222,241,241,273,273,273,285,318,318,331,331,348,367,471,471,471,481,494,64,75,112,112,126,154,204,204,222,234,265,283,283,283,283],"floor_reached":50,"language":"ENG","playtime":5033,"items_purged":[],"score":708,"play_id":"95c210fc-2cb6-4a93-bf85-10ca29201b80","local_time":"20210117224145","is_ascension_mode":false,"campfire_choices":[{"data":"Slimebound:Split","floor":1,"key":"SMITH"},{"data":"Slimebound:CorrosiveSpit","floor":6,"key":"SMITH"},{"data":"Slimebound:Equalize","floor":10,"key":"SMITH"},{"data":"Slimebound:Gluttony","floor":13,"key":"SMITH"},{"data":"Slimebound:Overexert","floor":18,"key":"SMITH"},{"data":"Slimebound:Prepare","floor":25,"key":"SMITH"},{"floor":30,"key":"REST"},{"data":"Slimebound:PrepareCrush","floor":35,"key":"SMITH"},{"data":"Slimebound:LeadByExample","floor":45,"key":"SMITH"}],"circlet_count":0,"master_deck":["Slimebound:Strike_Slimebound","Slimebound:Strike_Slimebound+1","Slimebound:Strike_Slimebound","Slimebound:Tackle+1","Slimebound:Defend_Slimebound","Slimebound:Defend_Slimebound","Slimebound:Defend_Slimebound","Slimebound:Defend_Slimebound","Slimebound:Split+1","Slimebound:CorrosiveSpit+1","Slimebound:RejuvenatingLick","Slimebound:LeechingTouch","Slimebound:SpikyOuterGoop","Slimebound:Equalize+1","Slimebound:Schlurp","Slimebound:PressTheAttack","Slimebound:Gluttony+1","Slimebound:SplitAcid","Slimebound:TongueLash","Slimebound:Overexert+1","Slimebound:SamplingLick","Slimebound:ProtectTheBoss+1","Slimebound:FinishingTackle+1","Slimebound:Prepare+1","Slimebound:HauntingLick+1","Slimebound:SplitLeeching+1","Slimebound:SplitLeeching","Slimebound:SlimeSpikes+1","Slimebound:Schlurp","Slimebound:PrepareCrush+1","Slimebound:Grow","Slimebound:SplitMire+1","Slimebound:MinionMaster","Slimebound:MegaLick","expansioncontent:InvincibleStrength","Slimebound:LeechEnergy","Slimebound:SpikyOuterGoop","Slimebound:LeadByExample+1","Slimebound:SplitBruiser+1","Slimebound:LevelUp","Slimebound:GoopSpray","expansioncontent:PrepareCrush","Slimebound:SlimeTap","Slimebound:Nibble+1","Slimebound:SplitAcid+1","Slimebound:SplitBruiser+1","Slimebound:OozeBath","Slimebound:LivingWall","Slimebound:LevelUp+1"],"relics":["Slimebound:AbsorbEndCombat","downfall:ShatteredFragment","MealTicket","White Beast Statue","Membership Card","Anchor","Philosopher\u0027s Stone","Whetstone","Slimebound:MaxSlimesRelic","Pantograph","bronze:MakeshiftBattery","Bottled Lightning","Bird Faced Urn","Lantern","Bottled Tornado","Unceasing Top","Orichalcum","Peace Pipe","Dream Catcher"],"acts_visited":["Exordium","TheCity","TheBeyond"],"potions_floor_usage":[9,15,16,16,16,21,23,23,29,33,33,38,48,48,50,50,50],"damage_taken":[{"damage":4,"enemies":"Jaw Worm","floor":3,"turns":3},{"damage":2,"enemies":"Small Slimes","floor":5,"turns":4},{"damage":46,"enemies":"Gremlin Nob","floor":8,"turns":5},{"damage":13,"enemies":"downfall:FleeingMerchant","floor":9,"turns":4},{"damage":0,"enemies":"Cultist","floor":11,"turns":3},{"damage":1,"enemies":"3 Louse","floor":12,"turns":3},{"damage":6,"enemies":"Lagavulin","floor":14,"turns":5},{"damage":0,"enemies":"Exordium Wildlife","floor":15,"turns":4},{"damage":35,"enemies":"DF_ARCHETYPE_STREAMLINE","floor":16,"turns":8},{"damage":19,"enemies":"3 Byrds","floor":19,"turns":3},{"damage":1,"enemies":"Shell Parasite","floor":20,"turns":3},{"damage":27,"enemies":"Chosen and Byrds","floor":21,"turns":6},{"damage":17,"enemies":"Book of Stabbing","floor":23,"turns":4},{"damage":0,"enemies":"Shelled Parasite and Fungi","floor":26,"turns":3},{"damage":37,"enemies":"Slavers","floor":27,"turns":4},{"damage":27,"enemies":"Snake Plant","floor":29,"turns":3},{"damage":17,"enemies":"Centurion and Healer","floor":31,"turns":5},{"damage":11,"enemies":"Sentry and Sphere","floor":32,"turns":6},{"damage":0,"enemies":"IC_MUSHROOM_ARCHETYPE","floor":33,"turns":5},{"damage":17,"enemies":"3 Darklings","floor":36,"turns":5},{"damage":0,"enemies":"Orb Walker","floor":37,"turns":2},{"damage":0,"enemies":"downfall:FleeingMerchant","floor":38,"turns":4},{"damage":0,"enemies":"Maw","floor":39,"turns":6},{"damage":0,"enemies":"downfall:FleeingMerchant","floor":40,"turns":3},{"damage":15,"enemies":"3 Darklings","floor":42,"turns":3},{"damage":3,"enemies":"Giant Head","floor":43,"turns":6},{"damage":0,"enemies":"Giant Head","floor":44,"turns":3},{"damage":7,"enemies":"Jaw Worm Horde","floor":46,"turns":3},{"damage":0,"enemies":"Maw","floor":47,"turns":5},{"damage":41,"enemies":"Nemesis","floor":48,"turns":3},{"damage":5,"enemies":"4 Shapes","floor":49,"turns":3},{"damage":94,"enemies":"WA_ARCHETYPE_DIVINITY","floor":50,"turns":5}],"seed_played":"1119427648891129635","potions_obtained":[{"floor":5,"key":"BlessingOfTheForge"},{"floor":8,"key":"AttackPotion"},{"floor":9,"key":"Fruit Juice"},{"floor":11,"key":"BlessingOfTheForge"},{"floor":12,"key":"Weak Potion"},{"floor":15,"key":"DuplicationPotion"},{"floor":16,"key":"FearPotion"},{"floor":19,"key":"ColorlessPotion"},{"floor":20,"key":"Energy Potion"},{"floor":21,"key":"champ:CounterPotion"},{"floor":23,"key":"DuplicationPotion"},{"floor":26,"key":"FairyPotion"},{"floor":27,"key":"SneckoOil"},{"floor":29,"key":"Explosive Potion"},{"floor":31,"key":"Slimebound:SlimyTonguePotion"},{"floor":33,"key":"Guardian:BlockOnCardUsePotion"},{"floor":36,"key":"AttackPotion"},{"floor":37,"key":"bronze:BurnAndBuffPotion"},{"floor":38,"key":"SpeedPotion"},{"floor":39,"key":"LiquidBronze"},{"floor":40,"key":"sneckomod:MuddlingPotion"},{"floor":48,"key":"hexamod:SoulburnPotion"},{"floor":49,"key":"bronze:BurnAndBuffPotion"}],"is_trial":false,"path_per_floor":["R","?","M","?","M","R","T","E","$","R","M","M","R","E","M","B",null,"R","M","M","M","?","E","T","R","M","E","?","M","R","M","M","B",null,"R","M","M","$","M","$","T","M","E","?","R","M","M","E","M","B"],"character_chosen":"SLIMEBOUND","items_purchased":["Membership Card","Slimebound:Schlurp","Bottled Lightning","Bird Faced Urn","Slimebound:MegaLick","expansioncontent:InvincibleStrength","Slimebound:LeechEnergy","Slimebound:SpikyOuterGoop","Slimebound:LevelUp","Lantern","Bottled Tornado","Slimebound:GoopSpray","expansioncontent:PrepareCrush"],"campfire_rested":1,"item_purchase_floors":[9,9,38,38,38,38,38,38,40,40,40,40,40],"current_hp_per_floor":[71,53,50,71,70,70,70,26,37,37,40,44,44,52,60,41,76,76,67,76,49,35,31,31,31,34,6,6,24,48,42,39,71,81,81,70,81,81,81,81,81,70,79,81,81,80,81,52,62,0,0,0],"gold":283,"neow_bonus":"TEN_PERCENT_HP_BONUS","is_daily":false,"chose_seed":false,"campfire_upgraded":8,"win_rate":0.0,"timestamp":1610941305,"path_taken":["R","?","M","?","M","R","T","E","?","R","M","M","R","E","M","BOSS","R","M","M","M","?","E","T","R","M","E","?","M","R","M","M","BOSS","R","M","M","$","M","$","T","M","E","?","R","M","M","E","M","BOSS"],"items_purchased_type":["Relic","Card","Relic","Relic","Card","Card","Card","Card","Card","Relic","Relic","Card","Card"],"build_version":"2020-12-13","purchased_purges":0,"victory":false,"max_hp_per_floor":[71,71,71,71,71,71,71,71,76,76,76,76,76,76,76,76,76,76,76,76,76,81,81,81,81,81,81,81,81,81,81,81,81,81,81,81,81,81,81,81,81,81,81,81,81,81,81,81,81,81,81,81],"card_choices":[{"not_picked":["Slimebound:PressTheAttack","Slimebound:LeechingTouch"],"picked":"Slimebound:RejuvenatingLick","floor":3},{"not_picked":["Slimebound:BestDefense","Slimebound:TongueLash"],"picked":"Slimebound:LeechingTouch","floor":5},{"not_picked":["Slimebound:SplitMire","Slimebound:SlimeSpikes"],"picked":"Slimebound:SpikyOuterGoop","floor":8},{"not_picked":["Slimebound:LeechingTouch","Slimebound:Chomp"],"picked":"Slimebound:Equalize","floor":9},{"not_picked":["Slimebound:ComboTackle","Slimebound:Replication"],"picked":"Slimebound:PressTheAttack","floor":11},{"not_picked":["Slimebound:PressTheAttack","Slimebound:ComboTackle"],"picked":"Slimebound:Gluttony","floor":12},{"not_picked":["Slimebound:SpikyOuterGoop","Slimebound:GrowthPunch"],"picked":"Slimebound:SplitAcid","floor":14},{"not_picked":["Slimebound:RejuvenatingLick","Slimebound:SelfFormingGoo"],"picked":"Slimebound:TongueLash","floor":15},{"not_picked":["Slimebound:PrepareCrush","Slimebound:Teamwork"],"picked":"Slimebound:Overexert","floor":16},{"not_picked":["Slimebound:PressTheAttack","Slimebound:GrowthPunch"],"picked":"Slimebound:SamplingLick","floor":19},{"not_picked":["Slimebound:SplitAcid+1","Slimebound:Equalize"],"picked":"Slimebound:ProtectTheBoss","floor":20},{"not_picked":["Slimebound:ItLooksTasty","Slimebound:SplitAcid"],"picked":"Slimebound:FinishingTackle+1","floor":21},{"not_picked":["Slimebound:SplitMire","Slimebound:BestDefense"],"picked":"Slimebound:Prepare","floor":23},{"not_picked":["Slimebound:GrowthPunch","Slimebound:RollThrough"],"picked":"Slimebound:HauntingLick+1","floor":26},{"not_picked":["Slimebound:ItLooksTasty","Slimebound:SplitAcid"],"picked":"Slimebound:SplitLeeching+1","floor":27},{"not_picked":["Slimebound:RejuvenatingLick","Slimebound:MassFeed"],"picked":"Slimebound:SplitLeeching","floor":29},{"not_picked":["Slimebound:RainOfGoop","Slimebound:SplitLeeching"],"picked":"Slimebound:SlimeSpikes+1","floor":31},{"not_picked":["Slimebound:RollThrough","Slimebound:GrowthPunch"],"picked":"Slimebound:Schlurp","floor":32},{"not_picked":["Slimebound:LeechLife","Slimebound:DouseInSlime"],"picked":"Slimebound:PrepareCrush","floor":33},{"not_picked":["Slimebound:HauntingLick","Slimebound:Prepare+1"],"picked":"Slimebound:Grow","floor":36},{"not_picked":["Slimebound:FinishingTackle+1","Slimebound:Replication"],"picked":"Slimebound:SplitMire+1","floor":37},{"not_picked":["Slimebound:LeechEnergy","Slimebound:ProtectTheBoss"],"picked":"Slimebound:MinionMaster","floor":38},{"not_picked":["Slimebound:TongueLash+1","Slimebound:RollThrough+1"],"picked":"Slimebound:LeadByExample","floor":39},{"not_picked":["Slimebound:SamplingLick+1","Slimebound:Schlurp"],"picked":"Slimebound:SplitBruiser+1","floor":40},{"not_picked":["Slimebound:GrowthPunch","Slimebound:GoopTackle+1"],"picked":"Slimebound:SlimeTap","floor":42},{"not_picked":["Slimebound:HauntingLick","Slimebound:SplitBruiser"],"picked":"Slimebound:Nibble+1","floor":43},{"not_picked":["Slimebound:Grow","Slimebound:FinishingTackle"],"picked":"Slimebound:SplitAcid+1","floor":44},{"not_picked":["Slimebound:SlimeBrawl","Slimebound:SlimeSpikes"],"picked":"Slimebound:SplitBruiser+1","floor":46},{"not_picked":["Slimebound:RejuvenatingLick+1","Slimebound:FinishingTackle"],"picked":"Slimebound:OozeBath","floor":47},{"not_picked":["Slimebound:GoopTackle","Slimebound:RallyTheTroops"],"picked":"Slimebound:LivingWall","floor":48},{"not_picked":["Slimebound:RollThrough","Slimebound:LeechEnergy"],"picked":"Slimebound:LevelUp+1","floor":49}],"player_experience":18523,"relics_obtained":[{"floor":7,"key":"MealTicket"},{"floor":8,"key":"White Beast Statue"},{"floor":14,"key":"Anchor"},{"floor":23,"key":"Whetstone"},{"floor":24,"key":"Slimebound:MaxSlimesRelic"},{"floor":27,"key":"Pantograph"},{"floor":41,"key":"Unceasing Top"},{"floor":43,"key":"Orichalcum"},{"floor":44,"key":"Peace Pipe"},{"floor":48,"key":"Dream Catcher"}],"event_choices":[{"damage_healed":23,"gold_gain":0,"player_choice":"Banana","damage_taken":0,"max_hp_gain":0,"max_hp_loss":0,"event_name":"Big Fish","floor":4,"gold_loss":0}],"is_beta":false,"boss_relics":[{"not_picked":["Coffee Dripper","Fusion Hammer"],"picked":"Philosopher\u0027s Stone"},{"not_picked":["Empty Cage","Snecko Eye"],"picked":"bronze:MakeshiftBattery"}],"items_purged_floors":[],"is_endless":false,"potions_floor_spawned":[5,8,9,11,12,14,15,16,19,20,21,23,26,27,29,31,32,33,36,37,38,39,40,42,43,44,46,47,48,49],"killed_by":"WA_ARCHETYPE_DIVINITY","ascension_level":0}}