{"host":"z0tqw7lu1gwakzxm","time":1610948499,"event":{"mods":["BaseMod","DeckTracker","Lobotomy","Minty Spire (QoL Compilation)","StSLib","slay the spire mod where everything is the same but ironclad has a cowboy hat"],"gold_per_floor":[119,69,85,99,374,408,408,423,471,488,82,82,92,110,110,209,209,228,53,53,53,68,68,68],"floor_reached":23,"language":"ENG","playtime":659,"items_purged":["Regret","Strike_G"],"score":247,"play_id":"44a835b1-9890-40f7-b667-1190edc3511f","local_time":"20210118004139","is_ascension_mode":true,"campfire_choices":[{"floor":7,"key":"REST"},{"floor":15,"key":"REST"}],"circlet_count":0,"master_deck":["Strike_G","Strike_G","Strike_G","Defend_G","Defend_G","Defend_G","Defend_G","Defend_G","Survivor","Neutralize","Glass Knife","Acrobatics","PiercingWail","Bouncing Flask","Corpse Explosion","Bouncing Flask","Deadly Poison","Noxious Fumes","Bane","Poisoned Stab","Corpse Explosion","Bane","Noxious Fumes","Ghostly","Ghostly","Ghostly","Ghostly","Ghostly","Calculated Gamble+1"],"relics":["Ring of the Snake","HornCleat","Potion Belt","Lizard Tail","Ornamental Fan","SacredBark","Bronze Scales"],"acts_visited":["Exordium","TheCity"],"potions_floor_usage":[8,10,22,23],"damage_taken":[{"damage":0,"enemies":"2 Louse","floor":1,"turns":2},{"damage":0,"enemies":"Small Slimes","floor":3,"turns":3},{"damage":0,"enemies":"Cultist","floor":4,"turns":3},{"damage":37,"enemies":"3 Sentries","floor":6,"turns":10},{"damage":19,"enemies":"Lots of Slimes","floor":8,"turns":3},{"damage":5,"enemies":"Exordium Wildlife","floor":10,"turns":1},{"damage":13,"enemies":"3 Louse","floor":13,"turns":2},{"damage":3,"enemies":"Blue Slaver","floor":14,"turns":3},{"damage":59,"enemies":"Slime Boss","floor":16,"turns":8},{"damage":15,"enemies":"Shell Parasite","floor":18,"turns":4},{"damage":19,"enemies":"2 Thieves","floor":22,"turns":2},{"damage":24,"enemies":"Gremlin Leader","floor":23,"turns":4}],"seed_played":"5388314198298011999","potions_obtained":[{"floor":6,"key":"SkillPotion"},{"floor":8,"key":"Fire Potion"},{"floor":10,"key":"CultistPotion"},{"floor":16,"key":"BlessingOfTheForge"},{"floor":22,"key":"Fire Potion"}],"is_trial":false,"path_per_floor":["M","?","M","M","?","E","R","M","T","M","$","T","M","M","R","B",null,"M","$","?","?","M","E"],"character_chosen":"THE_SILENT","items_purchased":["Noxious Fumes","Lizard Tail","Noxious Fumes"],"campfire_rested":2,"item_purchase_floors":[11,11,19],"current_hp_per_floor":[70,70,70,70,70,33,54,35,35,30,30,30,17,14,35,17,70,55,55,35,35,16,0,0],"gold":68,"neow_bonus":"ONE_RANDOM_RARE_CARD","is_daily":false,"chose_seed":false,"campfire_upgraded":0,"win_rate":0.0,"timestamp":1610948499,"path_taken":["M","?","M","M","?","E","R","M","T","?","$","?","?","M","R","BOSS","M","$","?","?","?","E"],"items_purchased_type":["Card","Relic","Card"],"build_version":"2020-12-22","purchased_purges":2,"victory":false,"max_hp_per_floor":[70,70,70,70,70,70,70,70,70,70,70,70,70,70,70,70,70,70,70,35,35,35,35,35],"card_choices":[{"not_picked":["Deflect","Bane"],"picked":"Acrobatics","floor":1},{"not_picked":["All Out Attack","Sucker Punch"],"picked":"PiercingWail","floor":3},{"not_picked":["Dodge and Roll","Skewer"],"picked":"Bouncing Flask","floor":4},{"not_picked":["Dodge and Roll","Flechettes"],"picked":"Corpse Explosion","floor":6},{"not_picked":["Flying Knee","Dagger Throw"],"picked":"Bouncing Flask","floor":8},{"not_picked":["Dagger Throw","Dodge and Roll"],"picked":"Deadly Poison","floor":10},{"not_picked":["Slice","Deflect"],"picked":"Bane","floor":13},{"not_picked":["PiercingWail","Eviscerate"],"picked":"Poisoned Stab","floor":14},{"not_picked":["A Thousand Cuts","Bullet Time"],"picked":"Corpse Explosion","floor":16},{"not_picked":["Underhanded Strike","Leg Sweep"],"picked":"Bane","floor":18},{"not_picked":["Dodge and Roll","Dagger Spray"],"picked":"Calculated Gamble+1","floor":22}],"player_experience":341595,"relics_obtained":[{"floor":6,"key":"HornCleat"},{"floor":9,"key":"Potion Belt"},{"floor":12,"key":"Ornamental Fan"}],"event_choices":[{"cards_removed":["Strike_G"],"damage_healed":0,"gold_gain":0,"player_choice":"Card Removal","damage_taken":0,"max_hp_gain":0,"max_hp_loss":0,"event_name":"The Cleric","floor":2,"gold_loss":50},{"damage_healed":0,"gold_gain":275,"player_choice":"Desecrate","damage_taken":0,"max_hp_gain":0,"max_hp_loss":0,"event_name":"Golden Shrine","floor":5,"gold_loss":0,"cards_obtained":["Regret"]},{"damage_healed":0,"gold_gain":0,"player_choice":"Became a Ghost","damage_taken":0,"max_hp_gain":0,"max_hp_loss":35,"event_name":"Ghosts","floor":20,"gold_loss":0,"cards_obtained":["Ghostly","Ghostly","Ghostly","Ghostly","Ghostly"]},{"damage_healed":0,"gold_gain":0,"player_choice":"Opened","damage_taken":0,"relics_obtained":["Bronze Scales"],"max_hp_gain":0,"max_hp_loss":0,"event_name":"The Mausoleum","floor":21,"gold_loss":0}],"is_beta":false,"boss_relics":[{"not_picked":["SlaversCollar","Runic Pyramid"],"picked":"SacredBark"}],"items_purged_floors":[11,19],"is_endless":false,"potions_floor_spawned":[6,8,10,16,22],"killed_by":"Gremlin Leader","ascension_level":3}}