{"host":"6749gst1gzuv21qf","time":1610939593,"event":{"mods":["BaseMod","Better Altar","Better Match","Better Note","Better Sensory Stone","Better Skull","Better Third Choice","BetterRewards","Colored Map","Colored Powertips","Downfall","Hermit","Highlight Path","Minty Spire (QoL Compilation)","Permanent Neow","Shop Mod","Spicy Shops","StSLib","The Cursed"],"gold_per_floor":[349,365,380,102,202,202,202,202,213,49,61,76,105,205,225,326,326,326,345,357,371,30,44,44,44,44],"floor_reached":25,"language":"ENG","playtime":1707,"items_purged":["bronze:Strike"],"score":205,"play_id":"7cd4de5c-b944-40d8-972b-dad1150e59bc","local_time":"20210117221313","is_ascension_mode":false,"campfire_choices":[{"data":"bronze:Goto","floor":1.0,"key":"SMITH"},{"data":"bronze:RecursiveStrike","floor":6.0,"key":"SMITH"},{"floor":8.0,"key":"RECALL"},{"data":"bronze:CloningBeam","floor":18.0,"key":"SMITH"}],"circlet_count":0,"master_deck":["bronze:Strike","bronze:Strike","bronze:Strike","bronze:Defend","bronze:Defend","bronze:Defend","bronze:Defend","bronze:Replicate","bronze:Goto+1","bronze:Repulsor","bronze:ForLoop","bronze:RecursiveStrike+1","bronze:Separator","bronze:WhirlingStrike","bronze:ChildClass","bronze:CloningBeam+1","bronze:Terminator","bronze:ChosenStrike","bronze:Virus","bronze:Assembly","bronze:DelayedGuard+1","bronze:Constructor","bronze:WildBeam","bronze:Flail","expansioncontent:StudyTheSpire","bronze:Break"],"relics":["bronze:BronzeCore","Shuriken","Meat on the Bone","Membership Card","Regal Pillow","Sozu","Happy Flower","Gremlin Horn"],"acts_visited":["Exordium","TheCity"],"potions_floor_usage":[],"damage_taken":[{"damage":6.0,"enemies":"Jaw Worm","floor":2.0,"turns":3.0},{"damage":2.0,"enemies":"2 Louse","floor":3.0,"turns":4.0},{"damage":0.0,"enemies":"downfall:FleeingMerchant","floor":4.0,"turns":4.0},{"damage":0.0,"enemies":"Cultist","floor":9.0,"turns":3.0},{"damage":10.0,"enemies":"downfall:FleeingMerchant","floor":10.0,"turns":4.0},{"damage":0.0,"enemies":"Red Slaver","floor":11.0,"turns":1.0},{"damage":8.0,"enemies":"Large Slime","floor":12.0,"turns":2.0},{"damage":12.0,"enemies":"3 Sentries","floor":13.0,"turns":4.0},{"damage":25.0,"enemies":"Gremlin Gang","floor":15.0,"turns":3.0},{"damage":27.0,"enemies":"SI_SHIV_ARCHETYPE","floor":16.0,"turns":5.0},{"damage":0.0,"enemies":"3 Byrds","floor":19.0,"turns":3.0},{"damage":19.0,"enemies":"Cultist and Chosen","floor":20.0,"turns":5.0},{"damage":16.0,"enemies":"Centurion and Healer","floor":21.0,"turns":5.0},{"damage":5.0,"enemies":"downfall:FleeingMerchant","floor":22.0,"turns":4.0},{"damage":31,"enemies":"Shelled Parasite and Fungi","floor":23,"turns":4},{"damage":30,"enemies":"Snecko","floor":25,"turns":3}],"seed_played":"-6307782397055917398","potions_obtained":[{"floor":2.0,"key":"FearPotion"},{"floor":9.0,"key":"AttackPotion"},{"floor":15.0,"key":"DuplicationPotion"}],"is_trial":false,"path_per_floor":["R","M","M","$","?","R","T","R","M","$","M","M","E","?","M","B",null,"R","M","M","M","$","M","T","M"],"character_chosen":"THE_AUTOMATON","items_purchased":["Shuriken","bronze:Separator","Membership Card","expansioncontent:StudyTheSpire","Happy Flower","Gremlin Horn"],"campfire_rested":0,"item_purchase_floors":[4,4,10,22,22,22],"current_hp_per_floor":[49,43,41,41,41,41,41,41,41,43,43,47,47,47,34,19,70,70,70,51,47,42,23,23,0,0],"gold":44,"neow_bonus":"TWO_FIFTY_GOLD","is_daily":false,"chose_seed":false,"campfire_upgraded":3,"win_rate":0.0,"timestamp":1610939593,"path_taken":["R","M","M","$","?","R","T","R","M","$","M","M","E","?","M","BOSS","R","M","?","M","?","M","T","M"],"items_purchased_type":["Relic","Card","Relic","Card","Relic","Relic"],"build_version":"2020-12-22","purchased_purges":1,"victory":false,"max_hp_per_floor":[70,70,70,70,70,70,70,70,70,70,70,70,70,70,70,70,70,70,70,70,70,70,70,70,70,70],"card_choices":[{"not_picked":["bronze:Terminator","bronze:BronzeArmor"],"picked":"bronze:Repulsor","floor":2.0},{"not_picked":["bronze:Branch","bronze:Overheat"],"picked":"bronze:ForLoop","floor":3.0},{"not_picked":["bronze:Frontload","bronze:Shell"],"picked":"bronze:RecursiveStrike","floor":4.0},{"not_picked":["bronze:WildBeam","bronze:Invalidate"],"picked":"bronze:WhirlingStrike","floor":9.0},{"not_picked":["bronze:CutThrough","bronze:Frontload"],"picked":"bronze:ChildClass","floor":10.0},{"not_picked":["bronze:OilSpill","bronze:ChildClass"],"picked":"bronze:CloningBeam","floor":11.0},{"not_picked":["bronze:Deprecate","bronze:Overheat"],"picked":"bronze:Terminator","floor":12.0},{"not_picked":["bronze:MaxOutput","bronze:Philosophize"],"picked":"bronze:ChosenStrike","floor":13.0},{"not_picked":["bronze:Deprecate","bronze:WildBeam"],"picked":"bronze:Virus","floor":15.0},{"not_picked":["bronze:BurnOut","bronze:Virus"],"picked":"bronze:Assembly","floor":16.0},{"not_picked":["bronze:CutThrough","bronze:BitShift"],"picked":"bronze:DelayedGuard+1","floor":19.0},{"not_picked":["bronze:DarkDash+1","bronze:FineTuning"],"picked":"bronze:Constructor","floor":20.0},{"not_picked":["bronze:DelayedGuard","bronze:CloningBeam"],"picked":"bronze:WildBeam","floor":21.0},{"not_picked":["bronze:Deprecate","bronze:WildBeam+1"],"picked":"bronze:Flail","floor":22.0},{"not_picked":["bronze:BuggyMess+1","bronze:ForceShield"],"picked":"bronze:Break","floor":23}],"player_experience":709964,"relics_obtained":[{"floor":7.0,"key":"Meat on the Bone"},{"floor":13.0,"key":"Regal Pillow"}],"event_choices":[],"is_beta":false,"boss_relics":[{"not_picked":["Cursed Key","SacredBark"],"picked":"Sozu"}],"items_purged_floors":[22],"is_endless":false,"potions_floor_spawned":[2,9,15,21,23],"killed_by":"Snecko","ascension_level":0}}