{"host":"hk3n60c9tb8azi3z","time":1610964029,"event":{"mods":["AchievementEnabler","BaseMod","Minty Spire (QoL Compilation)","Relic Sorter","Relic Stats"],"gold_per_floor":[119,119,84,101,118,153,180,211,238,266,298,298,324,351,351,422,422,442,442,477,306,8,41,74,104,129,159,185,210,410,436,436,510,510,526,171,171,171,181,206,235,262,286,311,340,340,57,71,71,71,71,71,71,21,52,52],"floor_reached":57,"language":"ENG","playtime":6543,"items_purged":["Regret"],"score":4483,"play_id":"f6b1ebfd-27f2-4e86-adcd-9b5c43d669c2","local_time":"20210118110029","daily_mods":["SealedDeck","Heirloom","Flight","DeadlyEvents","Cursed Run","Lethality"],"is_ascension_mode":true,"campfire_choices":[{"data":"Loop","floor":12,"key":"SMITH"},{"data":"Amplify","floor":15,"key":"SMITH"},{"data":"Beam Cell","floor":32,"key":"SMITH"},{"floor":46,"key":"RECALL"},{"data":"Machine Learning","floor":49,"key":"SMITH"},{"data":"Heatsinks","floor":53,"key":"SMITH"}],"circlet_count":0,"master_deck":["AscendersBane","Skim","Conserve Battery+1","Coolheaded","Conserve Battery+1","Compile Driver","Self Repair","Beam Cell+1","Barrage","Ball Lightning+1","Chill","Loop+1","Go for the Eyes+1","Compile Driver","Darkness","Amplify+1","White Noise","Skim","Multi-Cast","Coolheaded+1","Reboot+1","Doom and Gloom","Force Field+1","Capacitor","Loop+1","Stack+1","Core Surge","Rainbow+1","Creative AI","Doubt","Defragment+1","Coolheaded+1","Aggregate+1","Injury","Compile Driver","Heatsinks+1","Apotheosis+1","Madness+1","Blind+1","Stack+1","Skim+1","Fission+1","Coolheaded+1","Machine Learning+1","Hologram+1","Coolheaded+1","Compile Driver","Decay","Parasite","Compile Driver","Parasite"],"relics":["Cursed Key","Darkstone Periapt","Du-Vu Doll","Peace Pipe","FossilizedHelix","Toy Ornithopter","Strawberry","Vajra","Nunchaku","Dream Catcher","Toxic Egg 2","Empty Cage","TungstenRod","Medical Kit","DollysMirror","Bag of Marbles","Oddly Smooth Stone","Pantograph","Lantern","DataDisk","Blue Candle","Whetstone","Art of War","Black Star","Bottled Lightning","PreservedInsect","Bottled Tornado","Smiling Mask","Ginger","Turnip","CaptainsWheel","Centennial Puzzle","Happy Flower","Bottled Flame","Bag of Preparation","Blood Vial","Chemical X","Anchor","Boot"],"acts_visited":["Exordium","TheCity","TheBeyond","TheEnding"],"potions_floor_usage":[8,16,23,24,33,41,56,56],"damage_taken":[{"damage":0,"enemies":"2 Louse","floor":1,"turns":2},{"damage":3,"enemies":"Small Slimes","floor":4,"turns":3},{"damage":0,"enemies":"Jaw Worm","floor":5,"turns":2},{"damage":10,"enemies":"3 Sentries","floor":6,"turns":5},{"damage":0,"enemies":"Lagavulin","floor":7,"turns":4},{"damage":0,"enemies":"3 Sentries","floor":8,"turns":4},{"damage":0,"enemies":"Lagavulin","floor":10,"turns":5},{"damage":2,"enemies":"3 Sentries","floor":11,"turns":4},{"damage":0,"enemies":"Gremlin Nob","floor":13,"turns":4},{"damage":0,"enemies":"Lagavulin","floor":14,"turns":5},{"damage":40,"enemies":"Hexaghost","floor":16,"turns":5},{"damage":7,"enemies":"Shell Parasite","floor":18,"turns":4},{"damage":0,"enemies":"Gremlin Leader","floor":20,"turns":5},{"damage":14,"enemies":"Book of Stabbing","floor":23,"turns":5},{"damage":18,"enemies":"Gremlin Leader","floor":24,"turns":6},{"damage":15,"enemies":"Book of Stabbing","floor":25,"turns":3},{"damage":0,"enemies":"Gremlin Leader","floor":27,"turns":4},{"damage":0,"enemies":"Book of Stabbing","floor":28,"turns":2},{"damage":7,"enemies":"Gremlin Leader","floor":29,"turns":4},{"damage":0,"enemies":"Book of Stabbing","floor":31,"turns":7},{"damage":0,"enemies":"Champ","floor":33,"turns":7},{"damage":13,"enemies":"3 Darklings","floor":35,"turns":4},{"damage":0,"enemies":"3 Shapes","floor":39,"turns":2},{"damage":0,"enemies":"Giant Head","floor":40,"turns":3},{"damage":0,"enemies":"Reptomancer","floor":41,"turns":3},{"damage":0,"enemies":"Giant Head","floor":42,"turns":5},{"damage":0,"enemies":"Reptomancer","floor":44,"turns":4},{"damage":0,"enemies":"Giant Head","floor":45,"turns":1},{"damage":0,"enemies":"Maw","floor":48,"turns":2},{"damage":28,"enemies":"Awakened One","floor":50,"turns":6},{"damage":8,"enemies":"Donu and Deca","floor":51,"turns":3},{"damage":0,"enemies":"Shield and Spear","floor":55,"turns":3},{"damage":90,"enemies":"The Heart","floor":56,"turns":8}],"seed_played":"-7450027911558553870","potions_obtained":[{"floor":5,"key":"Fire Potion"},{"floor":6,"key":"SkillPotion"},{"floor":7,"key":"Strength Potion"},{"floor":10,"key":"Energy Potion"},{"floor":18,"key":"DuplicationPotion"},{"floor":20,"key":"ColorlessPotion"},{"floor":27,"key":"Explosive Potion"},{"floor":31,"key":"DistilledChaos"},{"floor":42,"key":"PowerPotion"},{"floor":45,"key":"EssenceOfSteel"},{"floor":48,"key":"Regen Potion"}],"is_trial":true,"path_per_floor":["M","?","?","M","M","E","E","E","T","E","E","R","E","E","R","B",null,"M","?","E","$","$","E","E","E","T","E","E","E","?","E","R","B",null,"M","$","?","?","M","E","E","E","T","E","E","R","$","M","R","B","B",null,"R","$","E","B",null],"character_chosen":"DEFECT","items_purchased":["Medical Kit","Capacitor","DollysMirror","Stack+1","Bottled Lightning","Heatsinks","Hologram+1","Coolheaded+1","Chemical X"],"campfire_rested":0,"item_purchase_floors":[21,22,22,22,36,36,47,47,47],"current_hp_per_floor":[71,50,67,71,71,68,71,78,84,84,84,84,84,84,84,62,81,87,87,87,87,87,83,76,61,67,74,74,81,81,81,81,99,99,93,93,93,84,94,99,99,99,105,105,105,105,105,105,105,90,117,117,117,117,117,64],"gold":52,"neow_bonus":"","is_daily":false,"chose_seed":false,"campfire_upgraded":5,"win_rate":0.0,"timestamp":1610964029,"path_taken":["M","?","?","?","M","E","E","E","T","E","?","R","E","?","R","BOSS","M","?","?","$","$","E","E","E","T","?","E","E","?","E","R","BOSS","M","$","?","?","?","E","E","E","T","E","E","R","$","M","R","BOSS","BOSS","R","$","E","BOSS"],"items_purchased_type":["Relic","Card","Relic","Card","Relic","Card","Card","Card","Relic"],"build_version":"2020-12-22","purchased_purges":1,"victory":true,"max_hp_per_floor":[71,71,71,71,71,71,71,78,84,84,84,84,84,84,84,90,87,87,87,87,87,87,87,87,87,93,93,93,93,93,93,93,99,99,99,99,99,99,99,99,99,99,105,105,105,105,105,105,105,111,117,117,117,117,117,123],"relic_stats":{"Darkstone Periapt":48,"Bag of Preparation":[10],"Whetstone":["Ball Lightning","Go for the Eyes"],"Ginger":[18],"Cursed Key":3,"Smiling Mask":25,"Boot":[0],"Blood Vial":2,"Nunchaku":[22],"Dream Catcher":0,"Centennial Puzzle":[9],"Pantograph":31,"Chemical X":[3],"Happy Flower":[7],"counters":[33,134],"Blue Candle":[0],"PreservedInsect":459,"Medical Kit":[0],"Peace Pipe":0,"Turnip":[7],"Art of War":[6],"Black Star":6,"obtain_stats":[{"Darkstone Periapt":0,"Lantern":26,"Vajra":10,"Bag of Preparation":45,"Whetstone":29,"Ginger":41,"Bottled Tornado":40,"Cursed Key":0,"Empty Cage":17,"Smiling Mask":41,"Boot":55,"Blood Vial":45,"Nunchaku":11,"Dream Catcher":13,"Centennial Puzzle":43,"DollysMirror":22,"Strawberry":8,"Pantograph":25,"Chemical X":47,"Toxic Egg 2":14,"Happy Flower":44,"Blue Candle":28,"Oddly Smooth Stone":24,"PreservedInsect":40,"Medical Kit":21,"Du-Vu Doll":0,"Peace Pipe":0,"DataDisk":27,"CaptainsWheel":42,"Bottled Flame":44,"Anchor":55,"Turnip":42,"Bag of Marbles":23,"Art of War":31,"Black Star":34,"Bottled Lightning":36,"FossilizedHelix":6,"Toy Ornithopter":7,"TungstenRod":20},{"Darkstone Periapt":0,"Lantern":16,"Vajra":7,"Bag of Preparation":28,"Whetstone":19,"Ginger":25,"Bottled Tornado":24,"Cursed Key":0,"Empty Cage":11,"Smiling Mask":25,"Boot":32,"Blood Vial":28,"Nunchaku":8,"Dream Catcher":9,"Centennial Puzzle":26,"DollysMirror":13,"Strawberry":6,"Pantograph":16,"Chemical X":28,"Toxic Egg 2":10,"Happy Flower":27,"Blue Candle":18,"Oddly Smooth Stone":15,"PreservedInsect":24,"Medical Kit":13,"Du-Vu Doll":0,"Peace Pipe":0,"DataDisk":17,"CaptainsWheel":26,"Bottled Flame":27,"Anchor":32,"Turnip":26,"Bag of Marbles":14,"Art of War":20,"Black Star":21,"Bottled Lightning":22,"FossilizedHelix":4,"Toy Ornithopter":5,"TungstenRod":13},{"Darkstone Periapt":0,"Lantern":66,"Vajra":25,"Bag of Preparation":112,"Whetstone":76,"Ginger":102,"Bottled Tornado":99,"Cursed Key":0,"Empty Cage":43,"Smiling Mask":102,"Boot":126,"Blood Vial":112,"Nunchaku":29,"Dream Catcher":33,"Centennial Puzzle":107,"DollysMirror":52,"Strawberry":20,"Pantograph":66,"Chemical X":112,"Toxic Egg 2":38,"Happy Flower":111,"Blue Candle":72,"Oddly Smooth Stone":63,"PreservedInsect":99,"Medical Kit":52,"Du-Vu Doll":0,"Peace Pipe":0,"DataDisk":70,"CaptainsWheel":107,"Bottled Flame":111,"Anchor":126,"Turnip":107,"Bag of Marbles":57,"Art of War":83,"Black Star":90,"Bottled Lightning":94,"FossilizedHelix":12,"Toy Ornithopter":16,"TungstenRod":52}],"Toy Ornithopter":15,"TungstenRod":31},"card_choices":[{"not_picked":["Compile Driver","Heatsinks"],"picked":"Loop","floor":1},{"not_picked":["Rebound","Steam Power"],"picked":"Cold Snap","floor":4},{"not_picked":["Beam Cell","Barrage"],"picked":"Go for the Eyes","floor":5},{"not_picked":["Redo","Beam Cell"],"picked":"Compile Driver","floor":6},{"not_picked":["Chill","Rebound"],"picked":"Darkness","floor":7},{"not_picked":["All For One","Conserve Battery"],"picked":"Amplify","floor":8},{"not_picked":["Compile Driver","Barrage"],"picked":"White Noise","floor":10},{"not_picked":["Melter","Stack"],"picked":"Skim","floor":11},{"not_picked":["Chill","Coolheaded"],"picked":"Multi-Cast","floor":13},{"not_picked":["Redo+1","Cold Snap"],"picked":"Coolheaded+1","floor":14},{"not_picked":["Hyperbeam","Amplify+1"],"picked":"Reboot+1","floor":16},{"not_picked":["Rebound","Beam Cell"],"picked":"Doom and Gloom","floor":18},{"not_picked":["Scrape","Streamline"],"picked":"Force Field+1","floor":20},{"not_picked":["Hologram+1","Tempest+1"],"picked":"Core Surge","floor":23},{"not_picked":["Rip and Tear+1","Beam Cell"],"picked":"Rainbow+1","floor":24},{"not_picked":["Streamline","Rebound+1"],"picked":"Creative AI","floor":25},{"not_picked":["Go for the Eyes","Chaos+1","Steam+1"],"picked":"SKIP","floor":27},{"not_picked":["Barrage","Leap+1"],"picked":"Defragment+1","floor":28},{"not_picked":["Skim+1","Static Discharge"],"picked":"Coolheaded+1","floor":29},{"not_picked":["Machine Learning","Rebound"],"picked":"Aggregate+1","floor":31},{"not_picked":["Streamline+1","Sunder+1"],"picked":"Compile Driver","floor":35},{"not_picked":["Impatience+1","PanicButton+1"],"picked":"Apotheosis+1","floor":38},{"not_picked":["HandOfGreed","PanicButton+1"],"picked":"Madness+1","floor":38},{"not_picked":["Discovery+1","Forethought+1"],"picked":"Blind+1","floor":38},{"not_picked":["Compile Driver","Cold Snap"],"picked":"Stack+1","floor":39},{"not_picked":["Go for the Eyes+1","Melter","Cold Snap"],"picked":"SKIP","floor":40},{"not_picked":["Ball Lightning","Rebound+1"],"picked":"Skim+1","floor":41},{"not_picked":["Stack+1","Darkness+1"],"picked":"Fission+1","floor":42},{"not_picked":["Recycle+1","Self Repair"],"picked":"Coolheaded+1","floor":44},{"not_picked":["Sweeping Beam","Beam Cell+1"],"picked":"Machine Learning","floor":45},{"not_picked":["Turbo+1","Barrage"],"picked":"Compile Driver","floor":48},{"not_picked":["Gash","Darkness+1"],"picked":"Compile Driver","floor":55}],"player_experience":1515766,"relics_obtained":[{"floor":6,"key":"FossilizedHelix"},{"floor":7,"key":"Toy Ornithopter"},{"floor":8,"key":"Strawberry"},{"floor":10,"key":"Vajra"},{"floor":11,"key":"Nunchaku"},{"floor":13,"key":"Dream Catcher"},{"floor":14,"key":"Toxic Egg 2"},{"floor":20,"key":"TungstenRod"},{"floor":23,"key":"Bag of Marbles"},{"floor":24,"key":"Oddly Smooth Stone"},{"floor":25,"key":"Pantograph"},{"floor":26,"key":"Lantern"},{"floor":27,"key":"DataDisk"},{"floor":28,"key":"Blue Candle"},{"floor":29,"key":"Whetstone"},{"floor":31,"key":"Art of War"},{"floor":40,"key":"PreservedInsect"},{"floor":40,"key":"Bottled Tornado"},{"floor":41,"key":"Smiling Mask"},{"floor":41,"key":"Ginger"},{"floor":42,"key":"Turnip"},{"floor":42,"key":"CaptainsWheel"},{"floor":43,"key":"Centennial Puzzle"},{"floor":44,"key":"Happy Flower"},{"floor":44,"key":"Bottled Flame"},{"floor":45,"key":"Bag of Preparation"},{"floor":45,"key":"Blood Vial"},{"floor":55,"key":"Anchor"},{"floor":55,"key":"Boot"}],"event_choices":[{"damage_healed":0,"gold_gain":0,"player_choice":"Entered Light","damage_taken":21,"max_hp_gain":0,"max_hp_loss":0,"event_name":"Shining Light","floor":2,"gold_loss":0,"cards_upgraded":["Conserve Battery","Conserve Battery"]},{"damage_healed":17,"gold_gain":0,"player_choice":"Healed","damage_taken":0,"max_hp_gain":0,"max_hp_loss":0,"event_name":"The Cleric","floor":3,"gold_loss":35},{"cards_removed":["Cold Snap"],"damage_healed":5,"gold_gain":0,"player_choice":"Offered Common","damage_taken":0,"max_hp_gain":0,"max_hp_loss":0,"event_name":"Bonfire Elementals","floor":19,"gold_loss":0},{"cards_removed":["Cold Snap"],"damage_healed":5,"gold_gain":0,"player_choice":"Offered Special","damage_taken":0,"max_hp_gain":0,"max_hp_loss":0,"event_name":"Bonfire Elementals","floor":19,"gold_loss":0},{"damage_healed":0,"gold_gain":200,"player_choice":"Gold","damage_taken":0,"max_hp_gain":0,"max_hp_loss":0,"event_name":"Wheel of Change","floor":30,"gold_loss":0},{"damage_healed":0,"gold_gain":0,"player_choice":"Ignored","damage_taken":0,"max_hp_gain":0,"max_hp_loss":0,"event_name":"Tomb of Lord Red Mask","floor":37,"gold_loss":0},{"damage_healed":0,"gold_gain":0,"player_choice":"Memory 3","damage_taken":10,"max_hp_gain":0,"max_hp_loss":0,"event_name":"SensoryStone","floor":38,"gold_loss":0}],"is_beta":false,"boss_relics":[{"not_picked":["Ectoplasm","Runic Dome"],"picked":"Empty Cage"},{"not_picked":["Busted Crown","Runic Pyramid"],"picked":"Black Star"}],"items_purged_floors":[54],"is_endless":false,"potions_floor_spawned":[5,6,7,10,18,20,27,31,42,45,48,55],"ascension_level":20}}