{"host":"otq8dfq4j7e4v22n","time":1610937903,"event":{"mods":["BaseMod","Better Third Choice","Minty Spire (QoL Compilation)","Permanent Neow","Relic Stats","StSLib","Transform Curses"],"gold_per_floor":[110,125,140,215,215,249,249,45,45,45,86,86,127,147,147,243,243,559,449,474,10,51,91,91,135,135,135,135,176,176,220,220,319,319,334,365,365,398,414,458,458,235,235,249,249,292,0,23,23,23,23,23,23,23,61,61],"floor_reached":57,"language":"ENG","playtime":3730,"items_purged":["Conserve Battery"],"score":3375,"play_id":"47f6f19d-dd07-405b-9da7-e42d474dcf95","local_time":"20210117184503","daily_mods":["Draft","Vintage","Heirloom","DeadlyEvents","Elite Swarm"],"is_ascension_mode":true,"campfire_choices":[{"floor":7,"key":"DIG"},{"data":"Apotheosis","floor":10,"key":"SMITH"},{"floor":12,"key":"DIG"},{"floor":15,"key":"DIG"},{"floor":24,"key":"REST"},{"data":"Creative AI","floor":27,"key":"SMITH"},{"data":"Sweeping Beam","floor":32,"key":"PURGE"},{"data":"Sweeping Beam","floor":41,"key":"PURGE"},{"floor":45,"key":"RECALL"},{"data":"Conserve Battery","floor":49,"key":"PURGE"},{"floor":53,"key":"DIG"}],"circlet_count":0,"master_deck":["AscendersBane","Compile Driver","Ball Lightning","Coolheaded","Aggregate","Ball Lightning+1","Blizzard","Redo","Ball Lightning","Cold Snap","Cold Snap","Apotheosis+1","Static Discharge","Electrodynamics","Biased Cognition","Seek","Capacitor","Compile Driver+1","Capacitor","Core Surge+1","Creative AI+1","Defragment","Amplify","Meteor Strike+1","Chaos+1","Seek","Core Surge+1","Mayhem+1","Glacier","Thunder Strike+1"],"relics":["Cracked Core","Shovel","Letter Opener","The Courier","StrikeDummy","Golden Idol","Lantern","Mercury Hourglass","CaptainsWheel","Omamori","Molten Egg 2","Bird Faced Urn","Juzu Bracelet","Black Star","White Beast Statue","Akabeko","Nuclear Battery","Old Coin","Du-Vu Doll","Bottled Flame","DollysMirror","Calipers","Happy Flower","Meat on the Bone","Potion Belt","Ornamental Fan","InkBottle","Mummified Hand","Peace Pipe","Toy Ornithopter","MealTicket","Pantograph","SlaversCollar","Frozen Egg 2","Emotion Chip","Turnip","Shuriken","Vajra","Lizard Tail","Pear","Question Card","Pen Nib","Bottled Lightning","Sundial","Blue Candle","Symbiotic Virus","DataDisk","Pocketwatch","StoneCalendar"],"acts_visited":["Exordium","TheCity","TheBeyond","TheEnding"],"potions_floor_usage":[16,20,44,50,50,56,56],"damage_taken":[{"damage":0,"enemies":"Cultist","floor":1,"turns":2},{"damage":0,"enemies":"Small Slimes","floor":2,"turns":2},{"damage":0,"enemies":"2 Louse","floor":3,"turns":2},{"damage":0,"enemies":"Lagavulin","floor":6,"turns":7},{"damage":0,"enemies":"3 Sentries","floor":11,"turns":2},{"damage":1,"enemies":"Gremlin Nob","floor":13,"turns":3},{"damage":1,"enemies":"Exordium Thugs","floor":14,"turns":2},{"damage":0,"enemies":"Slime Boss","floor":16,"turns":4},{"damage":0,"enemies":"Spheric Guardian","floor":18,"turns":1},{"damage":0,"enemies":"2 Thieves","floor":20,"turns":2},{"damage":34,"enemies":"Slavers","floor":22,"turns":2},{"damage":19,"enemies":"Gremlin Leader","floor":23,"turns":4},{"damage":0,"enemies":"Slavers","floor":25,"turns":2},{"damage":0,"enemies":"Gremlin Leader","floor":29,"turns":3},{"damage":18,"enemies":"Slavers","floor":31,"turns":3},{"damage":0,"enemies":"Collector","floor":33,"turns":4},{"damage":0,"enemies":"3 Shapes","floor":35,"turns":3},{"damage":0,"enemies":"Mind Bloom Boss Battle","floor":36,"turns":4},{"damage":7,"enemies":"Giant Head","floor":38,"turns":5},{"damage":0,"enemies":"Orb Walker","floor":39,"turns":2},{"damage":0,"enemies":"Nemesis","floor":40,"turns":3},{"damage":0,"enemies":"Jaw Worm Horde","floor":44,"turns":2},{"damage":0,"enemies":"Reptomancer","floor":46,"turns":3},{"damage":0,"enemies":"Spire Growth","floor":48,"turns":2},{"damage":44,"enemies":"Awakened One","floor":50,"turns":7},{"damage":2,"enemies":"Donu and Deca","floor":51,"turns":4},{"damage":13,"enemies":"Shield and Spear","floor":55,"turns":3},{"damage":61,"enemies":"The Heart","floor":56,"turns":5}],"seed_played":"-7969914915057021034","potions_obtained":[{"floor":1,"key":"SkillPotion"},{"floor":11,"key":"Block Potion"},{"floor":16,"key":"DuplicationPotion"},{"floor":20,"key":"SteroidPotion"},{"floor":23,"key":"Fire Potion"},{"floor":25,"key":"SkillPotion"},{"floor":29,"key":"Ancient Potion"},{"floor":30,"key":"EssenceOfDarkness"},{"floor":30,"key":"PotionOfCapacity"},{"floor":44,"key":"Dexterity Potion"},{"floor":55,"key":"EssenceOfDarkness"}],"is_trial":true,"path_per_floor":["M","M","M","?","?","E","R","$","T","R","E","R","E","M","R","B",null,"M","?","M","$","E","E","R","E","T","R","?","E","?","E","R","B",null,"M","?","?","E","M","E","R","$","T","M","R","E","$","M","R","B","B",null,"R","$","E","B",null],"character_chosen":"DEFECT","items_purchased":["Apotheosis","Static Discharge","Capacitor","Compile Driver+1","Bottled Flame","DollysMirror","Question Card","Mayhem+1","Glacier"],"campfire_rested":1,"item_purchase_floors":[8,8,21,21,21,21,42,47,47],"current_hp_per_floor":[64,64,64,53,53,53,53,53,53,53,53,53,52,55,55,61,63,63,63,63,63,32,21,40,44,44,44,44,54,54,46,46,64,64,64,64,64,59,64,74,74,74,74,74,74,74,74,74,74,46,74,74,74,74,63,49],"gold":61,"neow_bonus":"","is_daily":false,"chose_seed":false,"campfire_upgraded":2,"win_rate":0.0,"timestamp":1610937903,"path_taken":["M","M","?","?","?","E","R","$","T","R","?","R","E","?","R","BOSS","M","?","M","$","?","E","R","E","T","R","?","E","?","E","R","BOSS","M","?","?","?","M","E","R","?","T","M","R","E","$","M","R","BOSS","BOSS","R","$","E","BOSS"],"items_purchased_type":["Card","Card","Card","Card","Relic","Relic","Relic","Card","Card"],"build_version":"2020-12-22","purchased_purges":1,"victory":true,"max_hp_per_floor":[71,71,71,71,64,64,64,64,64,64,64,64,64,64,64,64,64,64,64,64,64,64,64,64,64,64,64,64,64,64,64,64,64,64,64,64,64,64,64,74,74,74,74,74,74,74,74,74,74,74,74,74,74,74,74,74],"relic_stats":{"StoneCalendar":[0],"Juzu Bracelet":2,"Emotion Chip":[57,31,10,8,8],"Lizard Tail":0,"Shovel":4,"Mummified Hand":[153],"Sundial":[4],"Pantograph":54,"MealTicket":0,"InkBottle":[39],"Happy Flower":[19],"counters":[28,87],"Golden Idol":225,"Blue Candle":[1],"Pen Nib":[8],"Letter Opener":[221],"Question Card":2,"Mercury Hourglass":[348],"Peace Pipe":3,"Ornamental Fan":[136],"Shuriken":[25],"Bird Faced Urn":[103],"Turnip":[2],"Black Star":9,"obtain_stats":[{"Calipers":22,"Vajra":39,"Old Coin":18,"Lizard Tail":40,"DollysMirror":21,"Sundial":46,"MealTicket":31,"Pear":40,"Happy Flower":22,"Blue Candle":48,"Pen Nib":44,"Letter Opener":1,"Question Card":42,"Akabeko":15,"Du-Vu Doll":20,"SlaversCollar":34,"Bottled Flame":21,"Shuriken":38,"Bird Faced Urn":13,"Molten Egg 2":12,"Black Star":14,"StrikeDummy":3,"Symbiotic Virus":53,"Meat on the Bone":23,"Pocketwatch":55,"Lantern":6,"StoneCalendar":55,"Juzu Bracelet":14,"Emotion Chip":36,"Shovel":0,"Mummified Hand":26,"Pantograph":31,"Cracked Core":0,"InkBottle":25,"Potion Belt":23,"Golden Idol":5,"The Courier":2,"Omamori":11,"Frozen Egg 2":35,"White Beast Statue":14,"Mercury Hourglass":7,"Nuclear Battery":17,"Peace Pipe":29,"CaptainsWheel":9,"DataDisk":54,"Ornamental Fan":25,"Turnip":38,"Bottled Lightning":46,"Toy Ornithopter":29},{"Calipers":11,"Vajra":20,"Old Coin":9,"Lizard Tail":21,"DollysMirror":10,"Sundial":23,"MealTicket":15,"Pear":21,"Happy Flower":11,"Blue Candle":24,"Pen Nib":22,"Letter Opener":1,"Question Card":21,"Akabeko":7,"Du-Vu Doll":10,"SlaversCollar":16,"Bottled Flame":10,"Shuriken":19,"Bird Faced Urn":6,"Molten Egg 2":5,"Black Star":7,"StrikeDummy":3,"Symbiotic Virus":26,"Meat on the Bone":12,"Pocketwatch":27,"Lantern":4,"StoneCalendar":27,"Juzu Bracelet":7,"Emotion Chip":18,"Shovel":0,"Mummified Hand":13,"Pantograph":15,"Cracked Core":0,"InkBottle":13,"Potion Belt":12,"Golden Idol":3,"The Courier":2,"Omamori":5,"Frozen Egg 2":17,"White Beast Statue":7,"Mercury Hourglass":4,"Nuclear Battery":8,"Peace Pipe":14,"CaptainsWheel":4,"DataDisk":26,"Ornamental Fan":13,"Turnip":19,"Bottled Lightning":23,"Toy Ornithopter":14},{"Calipers":29,"Vajra":58,"Old Coin":25,"Lizard Tail":61,"DollysMirror":27,"Sundial":66,"MealTicket":41,"Pear":61,"Happy Flower":29,"Blue Candle":68,"Pen Nib":63,"Letter Opener":2,"Question Card":61,"Akabeko":20,"Du-Vu Doll":27,"SlaversCollar":45,"Bottled Flame":27,"Shuriken":57,"Bird Faced Urn":18,"Molten Egg 2":15,"Black Star":19,"StrikeDummy":6,"Symbiotic Virus":79,"Meat on the Bone":33,"Pocketwatch":82,"Lantern":13,"StoneCalendar":82,"Juzu Bracelet":19,"Emotion Chip":52,"Shovel":0,"Mummified Hand":35,"Pantograph":41,"Cracked Core":0,"InkBottle":35,"Potion Belt":33,"Golden Idol":6,"The Courier":4,"Omamori":15,"Frozen Egg 2":48,"White Beast Statue":20,"Mercury Hourglass":13,"Nuclear Battery":24,"Peace Pipe":38,"CaptainsWheel":13,"DataDisk":79,"Ornamental Fan":35,"Turnip":57,"Bottled Lightning":66,"Toy Ornithopter":38}],"Toy Ornithopter":8,"Meat on the Bone":0,"Pocketwatch":[0]},"card_choices":[{"not_picked":["Steam","Barrage"],"picked":"Compile Driver","floor":0},{"not_picked":["Redo","Steam"],"picked":"Ball Lightning","floor":0},{"not_picked":["Barrage","Redo"],"picked":"Coolheaded","floor":0},{"not_picked":["Double Energy","Gash"],"picked":"Conserve Battery","floor":0},{"not_picked":["Go for the Eyes","Stack"],"picked":"Auto Shields","floor":0},{"not_picked":["Gash","Beam Cell"],"picked":"Aggregate","floor":0},{"not_picked":["Doom and Gloom","Steam"],"picked":"Sweeping Beam","floor":0},{"not_picked":["Steam","Streamline"],"picked":"Ball Lightning","floor":0},{"not_picked":["Rebound","Streamline"],"picked":"Blizzard","floor":0},{"not_picked":["Rebound","FTL"],"picked":"Conserve Battery","floor":0},{"not_picked":["Barrage","Fusion"],"picked":"Redo","floor":0},{"not_picked":["Barrage","Beam Cell"],"picked":"Sweeping Beam","floor":0},{"not_picked":["Barrage","Rebound"],"picked":"Ball Lightning","floor":0},{"not_picked":["Barrage","FTL"],"picked":"Cold Snap","floor":0},{"not_picked":["Rebound","Streamline"],"picked":"Cold Snap","floor":0},{"not_picked":["Meteor Strike","Buffer","Hyperbeam"],"picked":"SKIP","floor":6},{"not_picked":["Echo Form","Multi-Cast"],"picked":"Electrodynamics","floor":11},{"not_picked":["Hyperbeam+1","Electrodynamics"],"picked":"Biased Cognition","floor":13},{"not_picked":["Machine Learning","Thunder Strike+1"],"picked":"Seek","floor":16},{"not_picked":["Thunder Strike+1","Hyperbeam+1"],"picked":"Core Surge+1","floor":22},{"not_picked":["Biased Cognition","Amplify","Fission"],"picked":"SKIP","floor":23},{"not_picked":["Fission","Multi-Cast"],"picked":"Creative AI","floor":25},{"not_picked":["Machine Learning","Biased Cognition"],"picked":"Amplify","floor":29},{"not_picked":["Electrodynamics","Fission","Biased Cognition"],"picked":"SKIP","floor":31},{"not_picked":["Buffer","Seek"],"picked":"Meteor Strike+1","floor":33},{"not_picked":["Beam Cell+1","Coolheaded"],"picked":"Chaos+1","floor":36},{"not_picked":["Rainbow","Buffer+1","Machine Learning+1"],"picked":"SKIP","floor":38},{"not_picked":["Creative AI+1","Meteor Strike+1"],"picked":"Seek","floor":40},{"not_picked":["Amplify","Meteor Strike+1","Creative AI+1"],"picked":"Core Surge+1","floor":46},{"not_picked":["Core Surge+1","All For One+1","Biased Cognition+1"],"picked":"Thunder Strike+1","floor":55}],"player_experience":83495,"relics_obtained":[{"floor":1,"key":"Letter Opener"},{"floor":2,"key":"The Courier"},{"floor":3,"key":"StrikeDummy"},{"floor":6,"key":"Lantern"},{"floor":7,"key":"Mercury Hourglass"},{"floor":9,"key":"CaptainsWheel"},{"floor":11,"key":"Omamori"},{"floor":12,"key":"Molten Egg 2"},{"floor":13,"key":"Bird Faced Urn"},{"floor":14,"key":"White Beast Statue"},{"floor":15,"key":"Akabeko"},{"floor":18,"key":"Old Coin"},{"floor":20,"key":"Du-Vu Doll"},{"floor":22,"key":"Calipers"},{"floor":22,"key":"Happy Flower"},{"floor":23,"key":"Meat on the Bone"},{"floor":23,"key":"Potion Belt"},{"floor":25,"key":"Ornamental Fan"},{"floor":25,"key":"InkBottle"},{"floor":26,"key":"Mummified Hand"},{"floor":29,"key":"Peace Pipe"},{"floor":29,"key":"Toy Ornithopter"},{"floor":31,"key":"MealTicket"},{"floor":31,"key":"Pantograph"},{"floor":35,"key":"Frozen Egg 2"},{"floor":36,"key":"Emotion Chip"},{"floor":38,"key":"Turnip"},{"floor":38,"key":"Shuriken"},{"floor":39,"key":"Vajra"},{"floor":40,"key":"Lizard Tail"},{"floor":40,"key":"Pear"},{"floor":44,"key":"Pen Nib"},{"floor":46,"key":"Bottled Lightning"},{"floor":46,"key":"Sundial"},{"floor":48,"key":"Blue Candle"},{"floor":53,"key":"Symbiotic Virus"},{"floor":55,"key":"Pocketwatch"},{"floor":55,"key":"StoneCalendar"}],"event_choices":[{"damage_healed":0,"gold_gain":75,"player_choice":"Gold","damage_taken":11,"max_hp_gain":0,"max_hp_loss":0,"event_name":"betterThird:BetterGoop","floor":4,"gold_loss":0},{"damage_healed":0,"gold_gain":0,"player_choice":"Lose Max HP","damage_taken":0,"relics_obtained":["Golden Idol"],"max_hp_gain":0,"max_hp_loss":7,"event_name":"Golden Idol","floor":5,"gold_loss":0},{"cards_removed":["Auto Shields"],"damage_healed":0,"gold_gain":0,"player_choice":"Upgrade and Remove","damage_taken":0,"max_hp_gain":0,"max_hp_loss":0,"event_name":"Designer","floor":19,"gold_loss":110,"cards_upgraded":["Ball Lightning"]},{"damage_healed":0,"gold_gain":0,"player_choice":"Read","damage_taken":0,"max_hp_gain":0,"max_hp_loss":0,"event_name":"The Library","floor":28,"gold_loss":0,"cards_obtained":["Defragment"]},{"damage_healed":0,"gold_gain":0,"player_choice":"Got Potions","damage_taken":0,"max_hp_gain":0,"max_hp_loss":0,"event_name":"Lab","floor":30,"gold_loss":0},{"damage_healed":0,"gold_gain":0,"player_choice":"Fight","damage_taken":0,"max_hp_gain":0,"max_hp_loss":0,"event_name":"MindBloom","floor":36,"gold_loss":0},{"damage_healed":0,"gold_gain":0,"player_choice":"Memory 1","damage_taken":0,"max_hp_gain":0,"max_hp_loss":0,"event_name":"SensoryStone","floor":37,"gold_loss":0}],"is_beta":false,"boss_relics":[{"not_picked":["Runic Dome","Snecko Eye"],"picked":"Nuclear Battery"},{"not_picked":["Philosopher\u0027s Stone","Velvet Choker"],"picked":"SlaversCollar"}],"items_purged_floors":[47],"is_endless":false,"potions_floor_spawned":[1,11,14,16,18,20,22,23,25,29,31,33,35,36,38,39,40,44,46,48,55],"ascension_level":20}}