{"host":"7l2t4psy44vpcd9q","time":1610974429,"event":{"mods":["AchievementEnabler","BaseMod","DeckTracker","Minty Spire (QoL Compilation)","SuperFastMode"],"gold_per_floor":[114,130,141,151,167,167,202,202,202,221,221,146,71,90,90,168,168,181,195,195,195,195],"floor_reached":21,"language":"KOR","playtime":802,"items_purged":["Strike_B"],"score":366,"play_id":"1c942e9f-97f8-4ac7-8e2e-990f98af9f01","local_time":"20210118215349","is_ascension_mode":true,"campfire_choices":[{"floor":6,"key":"REST"},{"data":"Lockon","floor":8,"key":"SMITH"},{"data":"Streamline","floor":11,"key":"SMITH"},{"data":"Sweeping Beam","floor":15,"key":"SMITH"}],"circlet_count":0,"master_deck":["AscendersBane","Strike_B","Strike_B","Strike_B","Defend_B","Defend_B","Defend_B","Zap","Dualcast","Sweeping Beam+1","Lockon+1","Cold Snap","Ball Lightning","Auto Shields","Undo","Streamline+1","Chill","Machine Learning","Rebound","Steam Power"],"relics":["Philosopher\u0027s Stone","Pantograph","Strawberry","Inserter"],"acts_visited":["Exordium","TheCity"],"potions_floor_usage":[7,16,16,19],"damage_taken":[{"damage":5,"enemies":"Small Slimes","floor":1,"turns":3},{"damage":11,"enemies":"Jaw Worm","floor":2,"turns":4},{"damage":2,"enemies":"Cultist","floor":3,"turns":3},{"damage":0,"enemies":"Exordium Wildlife","floor":4,"turns":3},{"damage":21,"enemies":"Blue Slaver","floor":5,"turns":4},{"damage":10,"enemies":"3 Sentries","floor":7,"turns":6},{"damage":5,"enemies":"2 Fungi Beasts","floor":10,"turns":3},{"damage":15,"enemies":"Red Slaver","floor":14,"turns":3},{"damage":32,"enemies":"Slime Boss","floor":16,"turns":11},{"damage":20,"enemies":"Chosen","floor":18,"turns":5},{"damage":27,"enemies":"Shell Parasite","floor":19,"turns":5},{"damage":9,"enemies":"Chosen and Byrds","floor":21,"turns":3}],"seed_played":"6005471578027964655","potions_obtained":[{"floor":2,"key":"FearPotion"},{"floor":3,"key":"FearPotion"},{"floor":4,"key":"EssenceOfDarkness"},{"floor":10,"key":"Explosive Potion"},{"floor":18,"key":"DistilledChaos"}],"is_trial":false,"path_per_floor":["M","M","M","M","M","R","E","R","T","M","R","?","$","M","R","B",null,"M","M","?","M"],"character_chosen":"DEFECT","items_purchased":[],"campfire_rested":1,"item_purchase_floors":[],"current_hp_per_floor":[59,48,46,46,25,46,36,36,43,38,38,38,38,23,23,16,63,43,16,5,0,0],"gold":195,"neow_bonus":"BOSS_RELIC","is_daily":false,"chose_seed":false,"campfire_upgraded":3,"win_rate":0.0,"timestamp":1610974429,"path_taken":["M","M","M","M","M","R","E","R","T","M","R","?","$","M","R","BOSS","M","M","?","?"],"items_purchased_type":[],"build_version":"2020-12-22","purchased_purges":1,"victory":false,"max_hp_per_floor":[71,71,71,71,71,71,71,71,78,78,78,78,78,78,78,78,78,78,78,78,78,78],"card_choices":[{"not_picked":["Coolheaded","Auto Shields"],"picked":"Sweeping Beam","floor":1},{"not_picked":["Leap","Rebound"],"picked":"Lockon","floor":2},{"not_picked":["Go for the Eyes","Biased Cognition"],"picked":"Cold Snap","floor":3},{"not_picked":["Gash","Turbo"],"picked":"Ball Lightning","floor":4},{"not_picked":["Turbo","Ball Lightning"],"picked":"Auto Shields","floor":5},{"not_picked":["Leap","Creative AI"],"picked":"Undo","floor":7},{"not_picked":["Hologram","Recycle"],"picked":"Streamline","floor":10},{"not_picked":["Conserve Battery","Steam"],"picked":"Chill","floor":14},{"not_picked":["Reboot","Buffer"],"picked":"Machine Learning","floor":16},{"not_picked":["Darkness","Recycle"],"picked":"Rebound","floor":18},{"not_picked":["Reinforced Body","Sweeping Beam"],"picked":"Steam Power","floor":19}],"player_experience":1262699,"relics_obtained":[{"floor":7,"key":"Pantograph"},{"floor":9,"key":"Strawberry"}],"event_choices":[{"cards_removed":["Defend_B"],"damage_healed":0,"gold_gain":0,"player_choice":"Card Removal","damage_taken":0,"max_hp_gain":0,"max_hp_loss":0,"event_name":"The Cleric","floor":12,"gold_loss":75},{"damage_healed":0,"gold_gain":0,"player_choice":"Damaged","damage_taken":11,"max_hp_gain":0,"max_hp_loss":0,"event_name":"Wheel of Change","floor":20,"gold_loss":0}],"is_beta":false,"boss_relics":[{"not_picked":["Empty Cage","Ectoplasm"],"picked":"Inserter"}],"items_purged_floors":[13],"is_endless":false,"potions_floor_spawned":[2,3,4,10,18],"killed_by":"Chosen and Byrds","ascension_level":20}}