{"host":"qm4rv4rkpk76sbxu","time":1610978496,"event":{"mods":["BaseMod","Bestiary","Block Reminder","DeckTracker","Filter the Spire","Keyboard Shortcuts","Minty Spire (QoL Compilation)","MonsterHotkey","Quick Restart","Relic Stats","Slay-I","StSLib","ojb\u0027s Better Paths Mod","ojb\u0027s Info Mod"],"gold_per_floor":[111,186,361,361,33,73,73,96,96,120,154,154,194,212,212,342,342,385,385,129,44,44,87,87,87,87,118,118,118,195,230,242,385,397,457,171,171,216,270,344,344,409,432,501,560,560,609,632,632,662,662,662,94,125,125],"floor_reached":56,"language":"ENG","playtime":1824,"items_purged":["Doubt","Regret","Consecrate","Strike_P+1"],"score":1511,"play_id":"fd73816c-0787-47a4-ac89-57b5a73ee9f0","local_time":"20210118150136","is_ascension_mode":true,"campfire_choices":[{"data":"Eruption","floor":7,"key":"SMITH"},{"data":"Wish","floor":15,"key":"SMITH"},{"data":"ReachHeaven","floor":24,"key":"SMITH"},{"data":"Devotion","floor":28,"key":"SMITH"},{"data":"Worship","floor":32,"key":"SMITH"},{"data":"CrushJoints","floor":41,"key":"SMITH"},{"data":"DevaForm","floor":46,"key":"SMITH"},{"floor":49,"key":"RECALL"},{"data":"Ragnarok","floor":52,"key":"SMITH"}],"circlet_count":0,"master_deck":["Strike_P+1","Strike_P+1","Strike_P+1","Defend_P+1","Defend_P+1","Defend_P+1","Defend_P+1","Eruption+1","Vigilance","Devotion+1","CutThroughFate","CutThroughFate","CutThroughFate","Wish+1","Sanctity","DevaForm+1","FlurryOfBlows+1","ReachHeaven+1","Worship+1","Ragnarok+1","TalkToTheHand","CrushJoints+1","Sanctity","WheelKick","ThirdEye","EmptyMind","Wallop+1","Prostrate+1","Fasting2","Wallop","Protect"],"relics":["PureWater","Golden Idol","Medical Kit","TeardropLocket","Potion Belt","Juzu Bracelet","Sundial","Torii","Coffee Dripper","Enchiridion","PreservedInsect","HornCleat","Nunchaku","Matryoshka","Blue Candle","MawBank","White Beast Statue","Lantern","Cursed Key","Membership Card","Omamori","Letter Opener","Yang","Ornamental Fan","Bag of Preparation","CaptainsWheel","Pantograph","Ginger","Cauldron","Strawberry"],"acts_visited":["Exordium","TheCity","TheBeyond","TheEnding"],"potions_floor_usage":[16,18,23,30,30,30,33,38,39,40,42,44,48,50,50,50,50,54,55,55,55,55,55],"damage_taken":[{"damage":1,"enemies":"Small Slimes","floor":1,"turns":4},{"damage":12,"enemies":"Gremlin Nob","floor":6,"turns":3},{"damage":0,"enemies":"2 Louse","floor":8,"turns":2},{"damage":1,"enemies":"Jaw Worm","floor":10,"turns":2},{"damage":5,"enemies":"Lagavulin","floor":11,"turns":4},{"damage":6,"enemies":"Gremlin Nob","floor":13,"turns":3},{"damage":1,"enemies":"Blue Slaver","floor":14,"turns":2},{"damage":15,"enemies":"Hexaghost","floor":16,"turns":6},{"damage":24,"enemies":"2 Thieves","floor":18,"turns":4},{"damage":1,"enemies":"Book of Stabbing","floor":23,"turns":2},{"damage":0,"enemies":"Gremlin Leader","floor":27,"turns":1},{"damage":26,"enemies":"Slavers","floor":30,"turns":3},{"damage":0,"enemies":"Spheric Guardian","floor":31,"turns":2},{"damage":0,"enemies":"Automaton","floor":33,"turns":6},{"damage":19,"enemies":"3 Darklings","floor":35,"turns":4},{"damage":7,"enemies":"Orb Walker","floor":38,"turns":4},{"damage":0,"enemies":"Spire Growth","floor":39,"turns":4},{"damage":1,"enemies":"Nemesis","floor":40,"turns":5},{"damage":13,"enemies":"Giant Head","floor":42,"turns":6},{"damage":17,"enemies":"Nemesis","floor":44,"turns":5},{"damage":0,"enemies":"2 Orb Walkers","floor":45,"turns":4},{"damage":0,"enemies":"4 Shapes","floor":47,"turns":5},{"damage":1,"enemies":"Jaw Worm Horde","floor":48,"turns":3},{"damage":8,"enemies":"Time Eater","floor":50,"turns":8},{"damage":1,"enemies":"Shield and Spear","floor":54,"turns":4},{"damage":46,"enemies":"The Heart","floor":55,"turns":8}],"seed_played":"4356801744276400597","potions_obtained":[{"floor":8,"key":"Ancient Potion"},{"floor":10,"key":"Fruit Juice"},{"floor":11,"key":"Explosive Potion"},{"floor":13,"key":"BottledMiracle"},{"floor":16,"key":"SteroidPotion"},{"floor":18,"key":"Swift Potion"},{"floor":30,"key":"Strength Potion"},{"floor":31,"key":"Weak Potion"},{"floor":33,"key":"Strength Potion"},{"floor":35,"key":"Weak Potion"},{"floor":38,"key":"Ancient Potion"},{"floor":39,"key":"LiquidBronze"},{"floor":40,"key":"GamblersBrew"},{"floor":42,"key":"BottledMiracle"},{"floor":44,"key":"GamblersBrew"},{"floor":45,"key":"SteroidPotion"},{"floor":47,"key":"Fire Potion"},{"floor":48,"key":"Explosive Potion"},{"floor":53,"key":"BottledMiracle"},{"floor":53,"key":"Strength Potion"},{"floor":53,"key":"SneckoOil"},{"floor":53,"key":"SneckoOil"},{"floor":54,"key":"EssenceOfSteel"}],"is_trial":false,"path_per_floor":["M","?","?","?","$","E","R","M","T","M","E","?","E","M","R","B",null,"M","?","$","?","?","E","R","?","T","E","R","T","E","M","R","B",null,"M","$","?","M","M","E","R","E","T","E","?","R","M","M","R","B",null,"R","$","E","B",null],"character_chosen":"WATCHER","items_purchased":["Medical Kit","CutThroughFate","Regen Potion","PreservedInsect","Membership Card","Omamori","CrushJoints","Fasting2","Wallop","Pantograph","Ginger","Cauldron","Strength Potion","SteroidPotion","Protect"],"campfire_rested":0,"item_purchase_floors":[5,5,5,20,36,36,36,53,53,53,53,53,53,53,53],"current_hp_per_floor":[71,60,60,60,60,48,48,48,48,47,42,42,36,35,35,25,72,48,32,32,32,32,31,31,31,31,31,31,31,14,14,14,14,72,53,53,53,46,46,45,45,32,32,15,15,15,15,14,14,6,72,72,72,78,33],"gold":125,"neow_bonus":"ONE_RANDOM_RARE_CARD","is_daily":false,"chose_seed":false,"campfire_upgraded":8,"win_rate":0.0,"timestamp":1610978496,"path_taken":["M","?","?","?","?","E","R","M","T","?","E","?","E","M","R","BOSS","M","?","$","?","?","E","R","?","T","E","R","?","E","M","R","BOSS","M","?","?","M","M","E","R","E","T","E","?","R","M","M","R","BOSS","R","$","E","BOSS"],"items_purchased_type":["Relic","Card","Potion","Relic","Relic","Relic","Card","Card","Card","Relic","Relic","Relic","Potion","Potion","Card"],"build_version":"2020-12-22","purchased_purges":4,"victory":true,"max_hp_per_floor":[72,72,72,67,67,67,67,67,67,67,67,67,67,67,67,72,72,72,72,72,72,72,72,72,72,72,72,72,72,72,72,72,72,72,72,72,72,72,72,72,72,72,72,72,72,72,72,72,72,72,72,72,72,79,79],"relic_stats":{"Torii":31,"counters":[26,104],"Golden Idol":232,"Blue Candle":[0],"Yang":[106],"PreservedInsect":412,"Juzu Bracelet":1,"Bag of Preparation":[12],"Letter Opener":[138],"Ginger":[2],"Medical Kit":[6],"MawBank":84,"Cursed Key":1,"Nunchaku":[22],"Sundial":[12],"Ornamental Fan":[88],"Pantograph":1,"obtain_stats":[{"Lantern":30,"Torii":13,"Enchiridion":19,"Yang":42,"Juzu Bracelet":11,"Bag of Preparation":44,"TeardropLocket":6,"Ginger":53,"Cursed Key":34,"Nunchaku":23,"HornCleat":21,"Matryoshka":26,"Sundial":12,"Pantograph":53,"Strawberry":54,"Potion Belt":9,"Golden Idol":4,"Blue Candle":27,"PreservedInsect":20,"Omamori":36,"Letter Opener":40,"Medical Kit":5,"MawBank":29,"White Beast Statue":29,"Cauldron":53,"CaptainsWheel":45,"Ornamental Fan":43,"Coffee Dripper":17,"Membership Card":36,"PureWater":0},{"Lantern":12,"Torii":6,"Enchiridion":9,"Yang":19,"Juzu Bracelet":5,"Bag of Preparation":20,"TeardropLocket":2,"Ginger":24,"Cursed Key":14,"Nunchaku":10,"HornCleat":9,"Matryoshka":10,"Sundial":5,"Pantograph":24,"Strawberry":25,"Potion Belt":3,"Golden Idol":1,"Blue Candle":11,"PreservedInsect":9,"Omamori":15,"Letter Opener":18,"Medical Kit":1,"MawBank":11,"White Beast Statue":11,"Cauldron":24,"CaptainsWheel":21,"Ornamental Fan":19,"Coffee Dripper":8,"Membership Card":15,"PureWater":0},{"Lantern":36,"Torii":18,"Enchiridion":30,"Yang":67,"Juzu Bracelet":15,"Bag of Preparation":72,"TeardropLocket":7,"Ginger":92,"Cursed Key":44,"Nunchaku":32,"HornCleat":30,"Matryoshka":32,"Sundial":15,"Pantograph":92,"Strawberry":96,"Potion Belt":9,"Golden Idol":4,"Blue Candle":33,"PreservedInsect":30,"Omamori":48,"Letter Opener":61,"Medical Kit":4,"MawBank":33,"White Beast Statue":33,"Cauldron":92,"CaptainsWheel":76,"Ornamental Fan":67,"Coffee Dripper":26,"Membership Card":48,"PureWater":0}]},"card_choices":[{"not_picked":["FlurryOfBlows","Consecrate"],"picked":"CutThroughFate","floor":1},{"not_picked":["Swivel","SandsOfTime","Study"],"picked":"SKIP","floor":6},{"not_picked":["Perseverance","Halt"],"picked":"BowlingBash","floor":8},{"not_picked":["SandsOfTime","ThirdEye"],"picked":"Consecrate","floor":10},{"not_picked":["SashWhip","FlyingSleeves"],"picked":"CutThroughFate","floor":11},{"not_picked":["PathToVictory","FollowUp"],"picked":"Wish","floor":13},{"not_picked":["SashWhip","Consecrate"],"picked":"Sanctity","floor":14},{"not_picked":["DeusExMachina","Establishment"],"picked":"DevaForm","floor":16},{"not_picked":["Evaluate+1","FollowUp"],"picked":"FlurryOfBlows+1","floor":18},{"not_picked":["Crescendo","Nirvana"],"picked":"ReachHeaven","floor":23},{"not_picked":["Adaptation","BattleHymn","Perseverance"],"picked":"SKIP","floor":27},{"not_picked":["Nirvana","FollowUp","BattleHymn"],"picked":"SKIP","floor":30},{"not_picked":["Adaptation","Prostrate"],"picked":"Worship","floor":31},{"not_picked":["ConjureBlade","Wish"],"picked":"Ragnarok","floor":33},{"not_picked":["ReachHeaven","Tantrum"],"picked":"TalkToTheHand","floor":35},{"not_picked":["FollowUp+1","Adaptation"],"picked":"Sanctity","floor":38},{"not_picked":["EmptyFist+1","Tantrum"],"picked":"WheelKick","floor":39},{"not_picked":["Halt","Crescendo+1","EmptyBody"],"picked":"SKIP","floor":40},{"not_picked":["PathToVictory","Collect"],"picked":"ThirdEye","floor":42},{"not_picked":["ThirdEye+1","WreathOfFlame"],"picked":"EmptyMind","floor":44},{"not_picked":["ClearTheMind","CutThroughFate"],"picked":"Wallop+1","floor":45},{"not_picked":["CrushJoints","ForeignInfluence"],"picked":"Prostrate+1","floor":47},{"not_picked":["Collect","FlurryOfBlows+1","BowlingBash"],"picked":"SKIP","floor":48},{"not_picked":["SandsOfTime","WreathOfFlame","Evaluate+1"],"picked":"SKIP","floor":54}],"player_experience":1354876,"relics_obtained":[{"floor":6,"key":"TeardropLocket"},{"floor":9,"key":"Potion Belt"},{"floor":11,"key":"Juzu Bracelet"},{"floor":13,"key":"Torii"},{"floor":19,"key":"Enchiridion"},{"floor":23,"key":"Nunchaku"},{"floor":26,"key":"Matryoshka"},{"floor":27,"key":"Blue Candle"},{"floor":29,"key":"MawBank"},{"floor":29,"key":"White Beast Statue"},{"floor":30,"key":"Lantern"},{"floor":40,"key":"Letter Opener"},{"floor":42,"key":"Yang"},{"floor":43,"key":"Ornamental Fan"},{"floor":44,"key":"Bag of Preparation"},{"floor":45,"key":"CaptainsWheel"},{"floor":54,"key":"Strawberry"}],"event_choices":[{"damage_healed":0,"gold_gain":75,"player_choice":"Gather Gold","damage_taken":11,"max_hp_gain":0,"max_hp_loss":0,"event_name":"World of Goop","floor":2,"gold_loss":0},{"damage_healed":0,"gold_gain":175,"player_choice":"AGREE","damage_taken":0,"max_hp_gain":0,"max_hp_loss":0,"event_name":"Liars Game","floor":3,"gold_loss":0,"cards_obtained":["Doubt"]},{"damage_healed":0,"gold_gain":0,"player_choice":"Lose Max HP","damage_taken":0,"relics_obtained":["Golden Idol"],"max_hp_gain":0,"max_hp_loss":5,"event_name":"Golden Idol","floor":4,"gold_loss":0},{"damage_healed":0,"gold_gain":0,"player_choice":"Box","damage_taken":0,"relics_obtained":["Sundial"],"max_hp_gain":0,"max_hp_loss":0,"event_name":"Big Fish","floor":12,"gold_loss":0,"cards_obtained":["Regret"]},{"damage_healed":0,"gold_gain":0,"player_choice":"Obtained Book","damage_taken":16,"max_hp_gain":0,"max_hp_loss":0,"event_name":"Cursed Tome","floor":19,"gold_loss":0},{"damage_healed":0,"gold_gain":0,"player_choice":"Obtained Relic","damage_taken":0,"relics_obtained":["HornCleat"],"max_hp_gain":0,"max_hp_loss":0,"event_name":"Addict","floor":21,"gold_loss":85},{"damage_healed":0,"gold_gain":0,"player_choice":"Ignored","damage_taken":0,"max_hp_gain":0,"max_hp_loss":0,"event_name":"NoteForYourself","floor":22,"gold_loss":0},{"damage_healed":0,"gold_gain":0,"player_choice":"Simplicity","damage_taken":0,"max_hp_gain":0,"max_hp_loss":0,"event_name":"Back to Basics","floor":25,"gold_loss":0,"cards_upgraded":["Strike_P","Strike_P","Strike_P","Strike_P","Defend_P","Defend_P","Defend_P","Defend_P"]},{"cards_removed":["BowlingBash"],"damage_healed":0,"gold_gain":0,"player_choice":"Removed Attack","damage_taken":0,"max_hp_gain":0,"max_hp_loss":0,"event_name":"Falling","floor":37,"gold_loss":0},{"damage_healed":0,"gold_gain":0,"player_choice":"Fight","damage_taken":0,"max_hp_gain":0,"max_hp_loss":0,"event_name":"Mysterious Sphere","floor":45,"gold_loss":0}],"is_beta":false,"boss_relics":[{"not_picked":["Empty Cage","Ectoplasm"],"picked":"Coffee Dripper"},{"not_picked":["Philosopher\u0027s Stone","SacredBark"],"picked":"Cursed Key"}],"items_purged_floors":[5,20,36,53],"is_endless":false,"potions_floor_spawned":[8,10,11,13,16,18,30,31,33,35,38,39,40,42,44,45,47,48,54],"ascension_level":1}}