{"host":"g2yp6paluzgljz05","time":1610932401,"event":{"mods":["BaseMod","Bestiary","Colored Powertips","DeckTracker","Highlight Path","Minty Spire (QoL Compilation)","Quick Restart"],"gold_per_floor":[118,137,87,5,5,36,36,36,36,55,73,90,101,136,136,235,235,251,251,351,363,383,383,383,383],"floor_reached":24,"language":"ENG","playtime":1095,"items_purged":[],"score":305,"play_id":"811a9d38-35cb-4334-bd5e-8b2b7d3cad85","local_time":"20210118121321","is_ascension_mode":true,"campfire_choices":[{"data":"Havoc","floor":8,"key":"SMITH"},{"data":"Perfected Strike","floor":15,"key":"SMITH"},{"floor":23,"key":"REST"}],"circlet_count":0,"master_deck":["Strike_R","Strike_R","Strike_R","Defend_R","Defend_R","Defend_R","Defend_R","Bash","Havoc+1","Infernal Blade","Flash of Steel","Feel No Pain","Perfected Strike+1","Perfected Strike","Berserk","Dark Embrace+1"],"relics":["Burning Blood","NeowsBlessing","FaceOfCleric","Gremlin Horn","Pantograph","StoneCalendar","Snecko Eye"],"acts_visited":["Exordium","TheCity"],"potions_floor_usage":[16,24],"damage_taken":[{"damage":0,"enemies":"Jaw Worm","floor":1,"turns":1},{"damage":0,"enemies":"Small Slimes","floor":2,"turns":1},{"damage":0,"enemies":"Lagavulin","floor":6,"turns":1},{"damage":7,"enemies":"Cultist","floor":10,"turns":4},{"damage":7,"enemies":"2 Fungi Beasts","floor":11,"turns":3},{"damage":9,"enemies":"3 Louse","floor":12,"turns":3},{"damage":16,"enemies":"Lots of Slimes","floor":13,"turns":3},{"damage":25,"enemies":"3 Sentries","floor":14,"turns":6},{"damage":10,"enemies":"Slime Boss","floor":16,"turns":7},{"damage":12,"enemies":"Chosen","floor":18,"turns":3},{"damage":23,"enemies":"Spheric Guardian","floor":21,"turns":4},{"damage":52,"enemies":"Cultist and Chosen","floor":22,"turns":6},{"damage":62,"enemies":"Gremlin Leader","floor":24,"turns":3}],"seed_played":"6907076778985186690","potions_obtained":[{"floor":1,"key":"Strength Potion"},{"floor":10,"key":"FearPotion"},{"floor":12,"key":"Swift Potion"},{"floor":16,"key":"Fruit Juice"},{"floor":21,"key":"AttackPotion"}],"is_trial":false,"path_per_floor":["M","M","?","$","?","E","$","R","T","M","M","M","M","E","R","B",null,"M","?","?","M","M","R","E"],"character_chosen":"IRONCLAD","items_purchased":["Flash of Steel"],"campfire_rested":1,"item_purchase_floors":[4],"current_hp_per_floor":[80,80,80,80,80,81,81,81,81,81,81,79,70,52,52,79,92,87,87,87,71,26,54,0,0],"gold":383,"neow_bonus":"THREE_ENEMY_KILL","is_daily":false,"chose_seed":false,"campfire_upgraded":2,"win_rate":0.0,"timestamp":1610932401,"path_taken":["M","M","?","$","?","E","$","R","T","M","M","M","?","E","R","BOSS","M","?","?","?","M","R","E"],"items_purchased_type":["Card"],"build_version":"2020-12-22","purchased_purges":0,"victory":false,"max_hp_per_floor":[80,80,80,80,80,81,81,81,81,82,83,84,85,86,86,92,92,93,93,93,94,95,95,95,95],"card_choices":[{"not_picked":["Whirlwind","Armaments"],"picked":"Havoc","floor":1},{"not_picked":["Sword Boomerang","Warcry"],"picked":"Infernal Blade","floor":2},{"not_picked":["Thunderclap","Disarm"],"picked":"Feel No Pain","floor":6},{"not_picked":["Warcry","Whirlwind","Power Through"],"picked":"SKIP","floor":10},{"not_picked":["Clothesline","Warcry"],"picked":"Perfected Strike","floor":11},{"not_picked":["Spot Weakness","Cleave","Anger"],"picked":"SKIP","floor":12},{"not_picked":["Body Slam","Perfected Strike","Carnage"],"picked":"SKIP","floor":13},{"not_picked":["Uppercut","Bloodletting"],"picked":"Perfected Strike","floor":14},{"not_picked":["Corruption","Double Tap"],"picked":"Berserk","floor":16},{"not_picked":["Sever Soul","Headbutt"],"picked":"Dark Embrace+1","floor":18},{"not_picked":["Dropkick+1","Seeing Red+1","Sword Boomerang"],"picked":"SKIP","floor":21},{"not_picked":["Shrug It Off","Headbutt+1","Iron Wave+1"],"picked":"SKIP","floor":22}],"player_experience":210809,"relics_obtained":[{"floor":6,"key":"Gremlin Horn"},{"floor":9,"key":"Pantograph"},{"floor":14,"key":"StoneCalendar"}],"event_choices":[{"cards_removed":["Strike_R"],"damage_healed":0,"gold_gain":0,"player_choice":"Card Removal","damage_taken":0,"max_hp_gain":0,"max_hp_loss":0,"event_name":"The Cleric","floor":3,"gold_loss":50},{"damage_healed":0,"gold_gain":0,"player_choice":"Trade","damage_taken":0,"relics_obtained":["FaceOfCleric"],"max_hp_gain":0,"max_hp_loss":0,"event_name":"FaceTrader","floor":5,"gold_loss":0},{"cards_removed":["Strike_R"],"damage_healed":0,"gold_gain":0,"player_choice":"Elegance","damage_taken":0,"max_hp_gain":0,"max_hp_loss":0,"event_name":"Back to Basics","floor":19,"gold_loss":0},{"damage_healed":0,"gold_gain":100,"player_choice":"Pray","damage_taken":0,"max_hp_gain":0,"max_hp_loss":0,"event_name":"Golden Shrine","floor":20,"gold_loss":0}],"is_beta":false,"boss_relics":[{"not_picked":["Busted Crown","Calling Bell"],"picked":"Snecko Eye"}],"items_purged_floors":[],"is_endless":false,"potions_floor_spawned":[1,10,12,16,21],"killed_by":"Gremlin Leader","ascension_level":4}}