{"host":"p9t7qd83igtcp2bh","time":1610948698,"event":{"mods":["2.2 Compatiblity","AchievementEnabler","BaseMod","Colored Map","Colored Powertips","Custom Start","DeckTracker","Keyboard Shortcuts","Minty Spire (QoL Compilation)","Permanent Neow","StSLib","SuperFastMode","everything is the same but u backflip on backflip"],"gold_per_floor":[110,120,137,148,162,162,194,194,219,246,261,7,18,77,77,151,151,162,162,182,195,49,49,49],"floor_reached":23,"language":"KOR","playtime":759,"items_purged":[],"score":391,"play_id":"acce0799-f394-4f96-9040-c406b26b6251","local_time":"20210118144458","is_ascension_mode":true,"campfire_choices":[{"data":"Ragnarok","floor":6.0,"key":"SMITH"},{"data":"Blasphemy","floor":8.0,"key":"SMITH"},{"data":"Establishment","floor":15.0,"key":"SMITH"}],"circlet_count":0,"master_deck":["AscendersBane","Strike_P","Strike_P","Strike_P","Strike_P","Defend_P","Defend_P","Defend_P","Defend_P","Eruption","Vigilance","MasterReality","Ragnarok+1","DeceiveReality","WaveOfTheHand","Wallop","Blasphemy+1","Evaluate","ForeignInfluence","EmptyBody","FollowUp","InnerPeace","Establishment+1","Scrawl","CarveReality+1","Pray","Vault"],"relics":["PureWater","Torii","Orichalcum","Bag of Preparation","Orrery","Smiling Mask","Fusion Hammer"],"acts_visited":["Exordium","TheCity"],"potions_floor_usage":[21,23,23,23],"damage_taken":[{"damage":8.0,"enemies":"2 Louse","floor":1.0,"turns":4.0},{"damage":2.0,"enemies":"Small Slimes","floor":2.0,"turns":4.0},{"damage":2.0,"enemies":"Jaw Worm","floor":3.0,"turns":4.0},{"damage":15.0,"enemies":"3 Louse","floor":4.0,"turns":4.0},{"damage":7.0,"enemies":"2 Fungi Beasts","floor":5.0,"turns":3.0},{"damage":10.0,"enemies":"3 Sentries","floor":7.0,"turns":6.0},{"damage":0.0,"enemies":"Lagavulin","floor":10.0,"turns":3.0},{"damage":0.0,"enemies":"Exordium Wildlife","floor":11.0,"turns":3.0},{"damage":0.0,"enemies":"Gremlin Gang","floor":13.0,"turns":3.0},{"damage":0.0,"enemies":"Gremlin Nob","floor":14.0,"turns":2.0},{"damage":8.0,"enemies":"Hexaghost","floor":16.0,"turns":11.0},{"damage":13.0,"enemies":"2 Thieves","floor":18.0,"turns":3.0},{"damage":0,"enemies":"Chosen","floor":20,"turns":4},{"damage":24,"enemies":"Centurion and Healer","floor":21,"turns":6},{"damage":16,"enemies":"Gremlin Leader","floor":23,"turns":3}],"seed_played":"-8340781799635996895","potions_obtained":[{"floor":2.0,"key":"SneckoOil"},{"floor":3.0,"key":"Dexterity Potion"},{"floor":5.0,"key":"AttackPotion"},{"floor":11.0,"key":"SteroidPotion"}],"is_trial":false,"path_per_floor":["M","M","M","M","M","R","E","R","T","E","M","$","M","?","R","B",null,"M","?","M","M","$","E"],"character_chosen":"WATCHER","items_purchased":["Orrery","EntropicBrew","Vault"],"campfire_rested":0,"item_purchase_floors":[12,12,22],"current_hp_per_floor":[53,51,49,34,27,27,17,17,17,17,17,17,17,17,17,9,53,40,28,28,4,4,0,0],"gold":49,"neow_bonus":"ONE_RANDOM_RARE_CARD","is_daily":false,"chose_seed":false,"campfire_upgraded":3,"win_rate":0.0,"timestamp":1610948698,"path_taken":["M","M","M","M","M","R","E","R","T","E","M","$","M","?","R","BOSS","M","?","M","M","$","E"],"items_purchased_type":["Relic","Potion","Card"],"build_version":"2020-12-22","purchased_purges":0,"victory":false,"max_hp_per_floor":[68,68,68,68,68,68,68,68,68,68,68,68,68,68,68,68,68,68,73,73,73,73,73,73],"card_choices":[{"not_picked":["FlyingSleeves","ThirdEye","ClearTheMind"],"picked":"SKIP","floor":1.0},{"not_picked":["PathToVictory","ClearTheMind"],"picked":"Ragnarok","floor":2.0},{"not_picked":["EmptyFist","FearNoEvil"],"picked":"DeceiveReality","floor":3.0},{"not_picked":["ClearTheMind","ThirdEye"],"picked":"WaveOfTheHand","floor":4.0},{"not_picked":["Evaluate","Prostrate"],"picked":"Wallop","floor":5.0},{"not_picked":["CrushJoints","Collect"],"picked":"Blasphemy","floor":7.0},{"not_picked":["WaveOfTheHand","FlyingSleeves"],"picked":"Evaluate","floor":10.0},{"not_picked":["Wireheading","Sanctity","Vengeance"],"picked":"SKIP","floor":11.0},{"not_picked":["FlyingSleeves","Prostrate"],"picked":"ForeignInfluence","floor":12.0},{"not_picked":["Prostrate","Collect"],"picked":"EmptyBody","floor":12.0},{"not_picked":["Devotion","ThirdEye"],"picked":"FollowUp","floor":12.0},{"not_picked":["FlyingSleeves","Worship"],"picked":"InnerPeace","floor":12.0},{"not_picked":["FlyingSleeves","Prostrate"],"picked":"Establishment","floor":13.0},{"not_picked":["Establishment","DevaForm"],"picked":"Scrawl","floor":16.0},{"not_picked":["EmptyMind","Fasting2"],"picked":"CarveReality+1","floor":18.0},{"not_picked":["BowlingBash","Meditate","Crescendo+1"],"picked":"SKIP","floor":20},{"not_picked":["EmptyFist","Vengeance+1"],"picked":"Pray","floor":21}],"player_experience":657348,"relics_obtained":[{"floor":7.0,"key":"Torii"},{"floor":9.0,"key":"Orichalcum"},{"floor":10.0,"key":"Bag of Preparation"},{"floor":14.0,"key":"Smiling Mask"}],"event_choices":[{"damage_healed":0.0,"max_hp_gain":0.0,"max_hp_loss":0.0,"gold_gain":30.0,"event_name":"Dead Adventurer","player_choice":"Searched \u00272\u0027 times","floor":14.0,"gold_loss":0.0,"damage_taken":0.0},{"damage_healed":0.0,"max_hp_gain":5.0,"max_hp_loss":0.0,"gold_gain":0.0,"event_name":"Forgotten Altar","player_choice":"Shed Blood","floor":19.0,"gold_loss":0.0,"damage_taken":17.0}],"is_beta":false,"boss_relics":[{"not_picked":["Empty Cage","Sozu"],"picked":"Fusion Hammer"}],"items_purged_floors":[],"is_endless":false,"potions_floor_spawned":[2,3,5,11,13,16,20],"killed_by":"Gremlin Leader","ascension_level":14}}