{"host":"27wa8ufp4ryspt1p","time":1610956665,"event":{"mods":["2.2 Compatiblity","Abigail Mod","Act Like it!","Aspiration","BaseMod","Better Altar","Better Note","Better Skull","Better Third Choice","Colored Map","Conspire","Dota2Spire","Downfall-Rebalance","Elementarium","Energized Spire","Fox Events","Friendly Minions","Gensokyo","GifTheSpireLib","Gold Saver","Halation","Hallownest","HololiveMod","Hubris","Humility","Infinite Spire","Keyboard Shortcuts","Menagerie","Mimic Mod","Minty Spire (QoL Compilation)","Pale of the Ancients","Poor People Problems","Quarter Circle Forward PUNCH!","Reimu??????","Relic Sorter","Relic Stats","Replay The Spire","Reworked Bosses","Robot Space Explorer","Shop Mod","Spicy Shops","Spikes Relics","StSLib","Stuff the Spire","SuperFastMode","The Cursed","The Exalted","The Factory","The Judge","The Marked","The Necromancer","Trackpad","Waifu the Spire","Wandering Minibosses","[IsaacMod]????","??????REMEMod","????"],"gold_per_floor":[9907,9922,9416,9427,9440,9440,9440,9440,9472,9472,9503,9104,9104,9131,8880,8880,8880],"floor_reached":16,"language":"SPA","playtime":843,"items_purged":["Delirium"],"score":217,"play_id":"8239762d-75eb-4648-9d2e-37a26cdb05b1","local_time":"20210118015745","daily_mods":["SealedDeck","Colorless Cards","Heirloom","Elite Swarm","Lethality"],"is_ascension_mode":true,"campfire_choices":[{"data":"ReplayUltimateDefense","floor":6,"key":"SMITH"},{"data":"DoctorFetus","floor":8,"key":"SMITH"},{"data":"Enlightenment","floor":10,"key":"SMITH"},{"floor":13,"key":"RECALL"}],"circlet_count":0,"master_deck":["AscendersBane","DoctorFetus+1","expansioncontent:PolyBeam","RobotSpaceExplorer:ScrapMissile","RobotSpaceExplorer:StunGrenade","Bandage Up","RobotSpaceExplorer:TurboDodge","Good Instincts","RobotSpaceExplorer:MiniDrones","RobotSpaceExplorer:FrostMissile","expansioncontent:DecasProtection","Dramatic Entrance","Gensokyo:UnlikelyAid","ReplayUltimateDefense+1","RobotSpaceExplorer:FreezeRay+1","Enlightenment+1","Replay:Sssssssssshield","RobotSpaceExplorer:ShovelStrike+1","RobotSpaceExplorer:FreezeRay","RobotSpaceExplorer:Comet","RobotSpaceExplorer:Discharger","Sadistic Nature+1","StuffTheSpire:PlasmaPunch+1","RobotSpaceExplorer:PowerGlove","expansioncontent:Collect"],"relics":["RobotSpaceExplorer:RoboCore","HushsDoor","REME_ComplimentaryCards","Dota2Spire:Satanic","SteamSale","MerchantsRug","Molten Egg 2","trackpad:ZombieHeart","wanderingMiniBosses:CarrionFlame","RollingBoulder","infinitespire:CheckeredPen","RetroEgg","ReplayTheSpireMod:ShopPack","RuthlessExorcism:ReiMu","trackpad:RapidFire","Dota2Spire:HeartOfTarrasque"],"acts_visited":["Hallownest:Greenpath"],"potions_floor_usage":[],"damage_taken":[{"damage":0,"enemies":"Hallownest:monsterHuskGuard","floor":2,"turns":1},{"damage":51,"enemies":"Hallownest:2_Tiktiks_and_1_Crawlid","floor":4,"turns":11},{"damage":2,"enemies":"2_ Uuma","floor":5,"turns":1},{"damage":0,"enemies":"Hallownest:monsterAspidMother","floor":7,"turns":3},{"damage":12,"enemies":"Hallownest:1_Ooma_and_2_Uuma","floor":9,"turns":4},{"damage":19,"enemies":"Hallownest:eliteMossKnight","floor":11,"turns":3},{"damage":11,"enemies":"Hallownest:eliteVengeflyKing","floor":14,"turns":4},{"damage":60,"enemies":"Hallownest:BossHornet","floor":16,"turns":3}],"seed_played":"-317257581108184082","potions_obtained":[{"floor":2,"key":"PowerPotion"}],"is_trial":true,"path_per_floor":["?","M","$","M","M","R","M","R","MIM","R","E","$","R","E","R","B"],"character_chosen":"RobotSpaceExplorer","items_purchased":["MerchantsRug","Molten Egg 2","trackpad:ZombieHeart","ReplayUltimateDefense","RobotSpaceExplorer:FreezeRay+1","RobotSpaceExplorer:Discharger","infinitespire:CheckeredPen","RetroEgg","REME_OnlineShoppingPlatform","ReplayTheSpireMod:ShopPack","trackpad:RapidFire","Dota2Spire:HeartOfTarrasque","RobotSpaceExplorer:PowerGlove","expansioncontent:Collect"],"campfire_rested":0,"item_purchase_floors":[3,3,3,3,3,12,12,12,12,12,15,15,15,15],"current_hp_per_floor":[64,71,71,31,35,35,40,40,37,37,23,23,23,18,26,0,0],"gold":8880,"neow_bonus":"","is_daily":false,"chose_seed":false,"campfire_upgraded":3,"win_rate":0.0,"timestamp":1610956665,"path_taken":["?","?","$","?","M","R","?","R","MIM","R","E","?","R","E","R","BOSS"],"items_purchased_type":["Relic","Relic","Relic","Card","Card","Card","Relic","Relic","Relic","Relic","Relic","Relic","Card","Card"],"build_version":"2020-12-22","purchased_purges":1,"victory":false,"max_hp_per_floor":[71,71,71,75,77,77,78,78,79,79,80,80,80,82,90,90,90],"relic_stats":{"counters":[8,30],"obtain_stats":[{"KeepersGift":0,"MerchantsRug":3,"RetroEgg":12,"RobotSpaceExplorer:RoboCore":0,"Dota2Spire:HeartOfTarrasque":15,"infinitespire:CheckeredPen":12,"SteamSale":0,"Dota2Spire:Satanic":0,"trackpad:ZombieHeart":3,"wanderingMiniBosses:CarrionFlame":4,"trackpad:RapidFire":15,"Molten Egg 2":3,"RollingBoulder":11,"HushsDoor":0,"REME_OnlineShoppingPlatform":12,"REME_ComplimentaryCards":0,"ReplayTheSpireMod:ShopPack":12,"RuthlessExorcism:ReiMu":14},{"KeepersGift":0,"MerchantsRug":1,"RetroEgg":6,"RobotSpaceExplorer:RoboCore":0,"Dota2Spire:HeartOfTarrasque":7,"infinitespire:CheckeredPen":6,"SteamSale":0,"Dota2Spire:Satanic":0,"trackpad:ZombieHeart":1,"wanderingMiniBosses:CarrionFlame":2,"trackpad:RapidFire":7,"Molten Egg 2":1,"RollingBoulder":6,"HushsDoor":0,"REME_OnlineShoppingPlatform":6,"REME_ComplimentaryCards":0,"ReplayTheSpireMod:ShopPack":6,"RuthlessExorcism:ReiMu":7},{"KeepersGift":0,"MerchantsRug":1,"RetroEgg":23,"RobotSpaceExplorer:RoboCore":0,"Dota2Spire:HeartOfTarrasque":27,"infinitespire:CheckeredPen":23,"SteamSale":0,"Dota2Spire:Satanic":0,"trackpad:ZombieHeart":1,"wanderingMiniBosses:CarrionFlame":12,"trackpad:RapidFire":27,"Molten Egg 2":1,"RollingBoulder":23,"HushsDoor":0,"REME_OnlineShoppingPlatform":23,"REME_ComplimentaryCards":0,"ReplayTheSpireMod:ShopPack":23,"RuthlessExorcism:ReiMu":27}]},"card_choices":[{"not_picked":[],"picked":"DoctorFetus","floor":0},{"not_picked":["RobotSpaceExplorer:FranticSearch","REME_TwoStrings","RobotSpaceExplorer:SurgingShield"],"picked":"SKIP","floor":2},{"not_picked":["RobotSpaceExplorer:StarDust","expansioncontent:HyperBeam+1"],"picked":"Enlightenment","floor":4},{"not_picked":["RobotSpaceExplorer:SurgingShield","RobotSpaceExplorer:ShovelStrike+1"],"picked":"Replay:Sssssssssshield","floor":5},{"not_picked":["RobotSpaceExplorer:SurgingStrike+1","RobotSpaceExplorer:Probe+1"],"picked":"RobotSpaceExplorer:ShovelStrike+1","floor":7},{"not_picked":["REME_TwoStrings","RobotSpaceExplorer:MiniDrones+1"],"picked":"RobotSpaceExplorer:FreezeRay","floor":9},{"not_picked":["ReplayTheSpireMod:Brewmster","SuicideKing"],"picked":"RobotSpaceExplorer:Comet","floor":11},{"not_picked":["REME_HeartOfCthun","expansioncontent:DashGenerateEvil"],"picked":"Sadistic Nature","floor":12},{"not_picked":["Blind","REME_TheoryOfElimination"],"picked":"StuffTheSpire:PlasmaPunch","floor":12},{"not_picked":["BloodyBrimstone+1","REME_BodyOfCthun","Magnetism"],"picked":"SKIP","floor":14}],"player_experience":3921862,"relics_obtained":[{"floor":4,"key":"wanderingMiniBosses:CarrionFlame"},{"floor":11,"key":"RollingBoulder"},{"floor":14,"key":"RuthlessExorcism:ReiMu"}],"event_choices":[],"is_beta":false,"boss_relics":[],"items_purged_floors":[3],"is_endless":false,"potions_floor_spawned":[2,14],"killed_by":"Hallownest:BossHornet","ascension_level":20}}