{"host":"y193d0agu1dp5x1y","time":1610954311,"event":{"mods":["AchievementEnabler","BaseMod","Googly Eyes","Minty Spire (QoL Compilation)"],"gold_per_floor":[116,116,41,41,56,56,16,16,63,94,110,153,167,188,188,188,188],"floor_reached":16,"language":"ENG","playtime":523,"items_purged":["Injury"],"score":135,"play_id":"7db810ba-a42e-4d6b-a8b2-b4e18e4f483e","local_time":"20210118011831","is_ascension_mode":false,"campfire_choices":[{"data":"Halt","floor":6,"key":"SMITH"},{"floor":8,"key":"RECALL"},{"data":"Ragnarok","floor":15,"key":"SMITH"}],"circlet_count":0,"master_deck":["Strike_P","Strike_P","Strike_P","Strike_P","Defend_P","Defend_P","Defend_P","Defend_P","Eruption","Vigilance","JustLucky","Halt+1","Ragnarok+1","Nirvana","DeceiveReality","Protect"],"relics":["PureWater","NeowsBlessing","Golden Idol","Potion Belt","Art of War","Letter Opener","Ginger"],"acts_visited":["Exordium"],"potions_floor_usage":[4,7,12,12,13,13,13,14,14,14,14],"damage_taken":[{"damage":0,"enemies":"Jaw Worm","floor":1,"turns":1},{"damage":0,"enemies":"2 Louse","floor":5,"turns":1},{"damage":0,"enemies":"3 Sentries","floor":10,"turns":1},{"damage":0,"enemies":"Cultist","floor":11,"turns":2},{"damage":5,"enemies":"Lagavulin","floor":12,"turns":5},{"damage":0,"enemies":"Red Slaver","floor":13,"turns":1},{"damage":41,"enemies":"Exordium Wildlife","floor":14,"turns":5},{"damage":26,"enemies":"The Guardian","floor":16,"turns":4}],"seed_played":"-9038195797957285289","potions_obtained":[{"floor":1,"key":"Fruit Juice"},{"floor":5,"key":"Swift Potion"},{"floor":7,"key":"Fruit Juice"},{"floor":7,"key":"SteroidPotion"},{"floor":7,"key":"Ancient Potion"},{"floor":11,"key":"BlessingOfTheForge"},{"floor":12,"key":"EntropicBrew"}],"is_trial":false,"path_per_floor":["M","?","$","?","M","R","?","R","T","E","M","E","M","M","R","B"],"character_chosen":"WATCHER","items_purchased":[],"campfire_rested":0,"item_purchase_floors":[],"current_hp_per_floor":[72,72,72,65,65,65,70,70,70,70,70,65,65,24,24,0,0],"gold":188,"neow_bonus":"THREE_ENEMY_KILL","is_daily":false,"chose_seed":false,"campfire_upgraded":2,"win_rate":0.0,"timestamp":1610954311,"path_taken":["M","?","$","?","?","R","?","R","T","E","?","E","M","M","R","BOSS"],"items_purchased_type":[],"build_version":"2020-12-22","purchased_purges":1,"victory":false,"max_hp_per_floor":[72,72,72,77,77,77,82,82,82,82,82,82,82,82,82,82,82],"card_choices":[{"not_picked":["FearNoEvil","ThirdEye"],"picked":"JustLucky","floor":1},{"not_picked":["CrushJoints","WaveOfTheHand"],"picked":"Halt","floor":5},{"not_picked":["PathToVictory","Protect"],"picked":"Ragnarok","floor":10},{"not_picked":["BowlingBash","Crescendo"],"picked":"Nirvana","floor":11},{"not_picked":["Protect","Scrawl","Meditate"],"picked":"SKIP","floor":12},{"not_picked":["Halt","PathToVictory"],"picked":"DeceiveReality","floor":13},{"not_picked":["Evaluate","PathToVictory"],"picked":"Protect","floor":14}],"player_experience":125557,"relics_obtained":[{"floor":9,"key":"Art of War"},{"floor":10,"key":"Letter Opener"},{"floor":12,"key":"Ginger"}],"event_choices":[{"damage_healed":0,"gold_gain":0,"player_choice":"Take Wound","damage_taken":0,"relics_obtained":["Golden Idol"],"max_hp_gain":0,"max_hp_loss":0,"event_name":"Golden Idol","floor":2,"gold_loss":0,"cards_obtained":["Injury"]},{"damage_healed":0,"gold_gain":0,"player_choice":"Success","damage_taken":12,"relics_obtained":["Potion Belt"],"max_hp_gain":0,"max_hp_loss":0,"event_name":"Scrap Ooze","floor":4,"gold_loss":0},{"damage_healed":0,"gold_gain":0,"player_choice":"Bought 3 Potions","damage_taken":0,"max_hp_gain":0,"max_hp_loss":0,"event_name":"The Woman in Blue","floor":7,"gold_loss":0}],"is_beta":false,"boss_relics":[],"items_purged_floors":[3],"is_endless":false,"potions_floor_spawned":[1,5,11,12],"killed_by":"The Guardian","ascension_level":0}}