{"host":"k7udt7atmcuzf6l0","time":1610959751,"event":{"mods":["AchievementEnabler","BaseMod","Colored Map","Colored Powertips","Highlight Path","Minty Spire (QoL Compilation)","Quick Restart","Rare Cards Sparkle","StSLib","UnlockEverythingMod"],"gold_per_floor":[109,129,141,152,152,152,172,172,172,188,188,207,223,130,130,249,249,272,17,17,36,36,59,59,59],"floor_reached":24,"language":"ZHT","playtime":483,"items_purged":[],"score":242,"play_id":"ef94bde9-85c4-4d02-b6f2-5f27e9673301","local_time":"20210118164911","is_ascension_mode":false,"campfire_choices":[{"data":"Pommel Strike","floor":6.0,"key":"SMITH"},{"data":"Armaments","floor":8.0,"key":"SMITH"},{"data":"Intimidate","floor":11.0,"key":"SMITH"},{"data":"Flex","floor":15.0,"key":"SMITH"}],"circlet_count":0,"master_deck":["Strike_R","Strike_R","Strike_R","Strike_R","Strike_R","Defend_R","Defend_R","Defend_R","Defend_R","Bash","Pommel Strike+1","Intimidate+1","Clash","Armaments+1","Cleave","Flex+1","Body Slam","Berserk","Sword Boomerang","Flex+1","Battle Trance","Headbutt","Dual Wield","Flex+1","Headbutt+1"],"relics":["Burning Blood","NeowsBlessing","Golden Idol","Paper Frog","Philosopher\u0027s Stone","DollysMirror"],"acts_visited":["Exordium","TheCity"],"potions_floor_usage":[23],"damage_taken":[{"damage":0.0,"enemies":"Cultist","floor":1.0,"turns":1.0},{"damage":0.0,"enemies":"2 Louse","floor":2.0,"turns":1.0},{"damage":0.0,"enemies":"Jaw Worm","floor":3.0,"turns":1.0},{"damage":6.0,"enemies":"Blue Slaver","floor":4.0,"turns":3.0},{"damage":11.0,"enemies":"Exordium Wildlife","floor":7.0,"turns":4.0},{"damage":12.0,"enemies":"Large Slime","floor":10.0,"turns":2.0},{"damage":7.0,"enemies":"2 Fungi Beasts","floor":12.0,"turns":3.0},{"damage":12.0,"enemies":"Blue Slaver","floor":13.0,"turns":2.0},{"damage":0.0,"enemies":"Slime Boss","floor":16.0,"turns":8.0},{"damage":17.0,"enemies":"2 Thieves","floor":18.0,"turns":4.0},{"damage":7.0,"enemies":"Chosen","floor":21.0,"turns":2.0},{"damage":45,"enemies":"Centurion and Healer","floor":23,"turns":5},{"damage":30,"enemies":"Slavers","floor":24,"turns":1}],"seed_played":"3820108515948619773","potions_obtained":[{"floor":2.0,"key":"AttackPotion"},{"floor":7.0,"key":"SteroidPotion"},{"floor":10.0,"key":"Energy Potion"},{"floor":16.0,"key":"DuplicationPotion"},{"floor":18.0,"key":"Swift Potion"}],"is_trial":false,"path_per_floor":["M","M","M","M","?","R","M","R","T","M","R","M","M","$","R","B",null,"M","$","?","M","$","M","E"],"character_chosen":"IRONCLAD","items_purchased":["Flex","Body Slam","DollysMirror","Battle Trance","Headbutt"],"campfire_rested":0,"item_purchase_floors":[14,14,19,19,19],"current_hp_per_floor":[80,80,80,80,60,60,55,55,55,49,49,48,42,42,42,48,80,69,69,69,68,68,29,0,0],"gold":59,"neow_bonus":"THREE_ENEMY_KILL","is_daily":false,"chose_seed":false,"campfire_upgraded":4,"win_rate":0.0,"timestamp":1610959751,"path_taken":["M","?","M","?","?","R","M","R","T","M","R","M","M","?","R","BOSS","M","$","?","M","$","M","E"],"items_purchased_type":["Card","Card","Relic","Card","Card"],"build_version":"2020-12-22","purchased_purges":0,"victory":false,"max_hp_per_floor":[80,80,80,80,80,80,80,80,80,80,80,80,80,80,80,80,80,80,80,80,80,80,80,80,80],"card_choices":[{"not_picked":["Wild Strike","Second Wind","Clothesline"],"picked":"SKIP","floor":1.0},{"not_picked":["Feel No Pain","Disarm"],"picked":"Pommel Strike","floor":2.0},{"not_picked":["Power Through","Feel No Pain"],"picked":"Intimidate","floor":3.0},{"not_picked":["Bloodletting","Ghostly Armor"],"picked":"Clash","floor":4.0},{"not_picked":["Fire Breathing","Shrug It Off"],"picked":"Armaments","floor":7.0},{"not_picked":["Pommel Strike","Sentinel","Havoc"],"picked":"SKIP","floor":10.0},{"not_picked":["Feel No Pain","Searing Blow"],"picked":"Cleave","floor":12.0},{"not_picked":["Cleave","Havoc","Barricade"],"picked":"SKIP","floor":13.0},{"not_picked":["Bludgeon","Impervious"],"picked":"Berserk","floor":16.0},{"not_picked":["Sever Soul+1","Flex"],"picked":"Sword Boomerang","floor":18.0},{"not_picked":["Thunderclap","Cleave"],"picked":"Flex+1","floor":21.0},{"not_picked":["Sentinel","Second Wind"],"picked":"Headbutt+1","floor":23}],"player_experience":79409,"relics_obtained":[{"floor":9.0,"key":"Paper Frog"}],"event_choices":[{"damage_healed":0.0,"max_hp_gain":0.0,"max_hp_loss":0.0,"gold_gain":0.0,"event_name":"Golden Idol","player_choice":"Take Damage","floor":5.0,"gold_loss":0.0,"damage_taken":20.0,"relics_obtained":["Golden Idol"]},{"damage_healed":0.0,"max_hp_gain":0.0,"max_hp_loss":0.0,"gold_gain":0.0,"event_name":"The Library","player_choice":"Read","floor":20.0,"gold_loss":0.0,"damage_taken":0.0,"cards_obtained":["Dual Wield"]}],"is_beta":false,"boss_relics":[{"not_picked":["Sozu","Calling Bell"],"picked":"Philosopher\u0027s Stone"}],"items_purged_floors":[],"is_endless":false,"potions_floor_spawned":[2,7,10,16,18],"killed_by":"Slavers","ascension_level":0}}