{"host":"wwo1kwxjf4eyz37q","time":1610962263,"event":{"mods":["AchievementEnabler","BaseMod","Colored Map","Minty Spire (QoL Compilation)","Quick Restart","SuperFastMode"],"gold_per_floor":[118,64,80,95,114,114,130,130,130,147,181,256,310,10,10,85,85,101,101,101,121,121,121,138,169,169,180,180,113,125,75,75,152,152,171,187,204,0,11,11,46,66,92,112,112,132,0,0,0,0],"floor_reached":51,"language":"KOR","playtime":2675,"items_purged":["Strike_R","Strike_R"],"score":1661,"play_id":"10b89d52-56f1-4c7f-83d0-6dea98a675e5","local_time":"20210118183103","is_ascension_mode":true,"campfire_choices":[{"data":"Barricade","floor":6.0,"key":"SMITH"},{"data":"Body Slam","floor":8.0,"key":"SMITH"},{"data":"True Grit","floor":15.0,"key":"SMITH"},{"data":"Battle Trance","floor":23.0,"key":"SMITH"},{"data":"True Grit","floor":28.0,"key":"SMITH"},{"data":"Entrench","floor":32.0,"key":"SMITH"},{"floor":40.0,"key":"REST"},{"floor":45.0,"key":"REST"},{"floor":49.0,"key":"REST"}],"circlet_count":0,"master_deck":["AscendersBane","Strike_R","Strike_R","Defend_R","Defend_R","Defend_R","Defend_R","Bash","Barricade+1","Flame Barrier","True Grit+1","Cleave","Body Slam+1","Power Through","Battle Trance+1","Offering","Headbutt","True Grit+1","Entrench+1","Shrug It Off","Body Slam","Purity","Shrug It Off"],"relics":["Burning Blood","Bag of Preparation","Omamori","MealTicket","Membership Card","Velvet Choker","Mummified Hand","Tiny Chest","StrikeDummy","Fusion Hammer","Gambling Chip","Frozen Egg 2","Boot","Red Mask"],"acts_visited":["Exordium","TheCity","TheBeyond"],"potions_floor_usage":[],"damage_taken":[{"damage":9.0,"enemies":"2 Louse","floor":1.0,"turns":3.0},{"damage":7.0,"enemies":"Jaw Worm","floor":3.0,"turns":4.0},{"damage":10.0,"enemies":"Small Slimes","floor":4.0,"turns":4.0},{"damage":12.0,"enemies":"Exordium Thugs","floor":5.0,"turns":6.0},{"damage":0.0,"enemies":"Exordium Wildlife","floor":7.0,"turns":3.0},{"damage":25.0,"enemies":"Red Slaver","floor":10.0,"turns":4.0},{"damage":0.0,"enemies":"Lagavulin","floor":11.0,"turns":7.0},{"damage":5.0,"enemies":"The Guardian","floor":16.0,"turns":12.0},{"damage":6.0,"enemies":"Chosen","floor":18.0,"turns":4.0},{"damage":6.0,"enemies":"3 Byrds","floor":21.0,"turns":3.0},{"damage":13.0,"enemies":"Snake Plant","floor":24.0,"turns":4.0},{"damage":10.0,"enemies":"Book of Stabbing","floor":25.0,"turns":6.0},{"damage":19.0,"enemies":"3 Cultists","floor":27.0,"turns":8.0},{"damage":31.0,"enemies":"Cultist and Chosen","floor":30.0,"turns":7.0},{"damage":6.0,"enemies":"Automaton","floor":33.0,"turns":14.0},{"damage":6.0,"enemies":"Orb Walker","floor":35.0,"turns":6.0},{"damage":6.0,"enemies":"3 Darklings","floor":36.0,"turns":8.0},{"damage":51.0,"enemies":"Spire Growth","floor":37.0,"turns":7.0},{"damage":9.0,"enemies":"Sphere and 2 Shapes","floor":39.0,"turns":10.0},{"damage":6.0,"enemies":"Nemesis","floor":41.0,"turns":11.0},{"damage":29.0,"enemies":"4 Shapes","floor":42.0,"turns":6.0},{"damage":6.0,"enemies":"Writhing Mass","floor":44.0,"turns":5.0},{"damage":6.0,"enemies":"Sphere and 2 Shapes","floor":46.0,"turns":6.0},{"damage":6,"enemies":"Awakened One","floor":50,"turns":9}],"seed_played":"-4595822872704181418","potions_obtained":[{"floor":3.0,"key":"FearPotion"},{"floor":5.0,"key":"SteroidPotion"},{"floor":7.0,"key":"Explosive Potion"},{"floor":16.0,"key":"Energy Potion"},{"floor":24.0,"key":"Dexterity Potion"},{"floor":25.0,"key":"SkillPotion"},{"floor":33.0,"key":"GamblersBrew"},{"floor":35.0,"key":"EssenceOfSteel"},{"floor":36.0,"key":"Strength Potion"},{"floor":39.0,"key":"BlessingOfTheForge"},{"floor":42.0,"key":"SkillPotion"}],"is_trial":false,"path_per_floor":["M","$","M","M","M","R","M","R","T","M","E","?","T","$","R","B",null,"M","?","?","M","?","R","M","E","T","M","R","$","M","$","R","B",null,"M","M","M","$","M","R","E","M","T","M","R","M","?","?","R","B",null],"character_chosen":"IRONCLAD","items_purchased":["True Grit","Membership Card","Fruit Juice","DistilledChaos","Entrench","Shrug It Off","Purity","Gambling Chip"],"campfire_rested":3,"item_purchase_floors":[2,14,14,14,29,29,38,38],"current_hp_per_floor":[47,47,46,42,36,36,42,42,42,23,29,18,18,38,38,39,70,70,70,70,70,70,70,63,59,59,46,46,61,36,51,51,51,73,73,73,28,43,40,64,64,41,41,41,65,65,65,65,80,80],"gold":0,"neow_bonus":"THREE_RARE_CARDS","is_daily":false,"chose_seed":false,"campfire_upgraded":6,"win_rate":0.0,"timestamp":1610962263,"path_taken":["M","$","M","M","M","R","M","R","T","M","E","?","?","$","R","BOSS","M","?","?","M","?","R","?","E","T","M","R","$","M","$","R","BOSS","M","M","M","$","M","R","E","M","T","M","R","M","?","?","R","BOSS"],"items_purchased_type":["Card","Relic","Potion","Potion","Card","Card","Card","Relic"],"build_version":"2020-12-22","purchased_purges":2,"victory":true,"max_hp_per_floor":[75,75,75,75,75,75,75,75,75,75,75,75,75,80,80,80,80,80,80,80,80,80,80,80,80,80,80,80,80,80,80,80,80,80,80,80,80,80,80,80,80,80,80,80,80,80,80,80,80,80],"card_choices":[{"not_picked":["Brutality","Fiend Fire"],"picked":"Barricade","floor":0.0},{"not_picked":["Cleave","Wild Strike"],"picked":"Flame Barrier","floor":1.0},{"not_picked":["Searing Blow","Warcry","Dropkick"],"picked":"SKIP","floor":3.0},{"not_picked":["True Grit","Anger"],"picked":"Cleave","floor":4.0},{"not_picked":["Burning Pact","Anger","Sentinel"],"picked":"SKIP","floor":5.0},{"not_picked":["Dark Embrace","Blood for Blood"],"picked":"Body Slam","floor":7.0},{"not_picked":["Rage","Shrug It Off"],"picked":"Power Through","floor":10.0},{"not_picked":["Iron Wave","Rampage"],"picked":"Battle Trance","floor":11.0},{"not_picked":["Immolate","Barricade"],"picked":"Offering","floor":16.0},{"not_picked":["Body Slam","Warcry"],"picked":"Headbutt","floor":18.0},{"not_picked":["Iron Wave","Pommel Strike+1","Inflame"],"picked":"SKIP","floor":21.0},{"not_picked":["Seeing Red","Spot Weakness","Thunderclap+1"],"picked":"SKIP","floor":24.0},{"not_picked":["Disarm","Clash"],"picked":"True Grit","floor":25.0},{"not_picked":["Reckless Charge+1","Spot Weakness","Cleave"],"picked":"SKIP","floor":27.0},{"not_picked":["Headbutt","Armaments","Dual Wield+1"],"picked":"SKIP","floor":30.0},{"not_picked":["Uppercut","Warcry+1","Iron Wave+1"],"picked":"SKIP","floor":35.0},{"not_picked":["Thunderclap","Pummel"],"picked":"Body Slam","floor":36.0},{"not_picked":["Flex","Wild Strike","Armaments"],"picked":"SKIP","floor":37.0},{"not_picked":["Body Slam+1","Headbutt","Intimidate+1"],"picked":"SKIP","floor":39.0},{"not_picked":["Rage+1","Pummel","Intimidate"],"picked":"SKIP","floor":41.0},{"not_picked":["Bloodletting","Thunderclap"],"picked":"Shrug It Off","floor":42.0},{"not_picked":["Sword Boomerang+1","True Grit","Dropkick+1"],"picked":"SKIP","floor":44.0},{"not_picked":["Warcry","Havoc+1","Sever Soul"],"picked":"SKIP","floor":46.0}],"player_experience":239459,"relics_obtained":[{"floor":9.0,"key":"Bag of Preparation"},{"floor":11.0,"key":"Omamori"},{"floor":13.0,"key":"MealTicket"},{"floor":25.0,"key":"Tiny Chest"},{"floor":26.0,"key":"StrikeDummy"},{"floor":41.0,"key":"Frozen Egg 2"},{"floor":43.0,"key":"Boot"}],"event_choices":[{"damage_healed":0.0,"max_hp_gain":0.0,"max_hp_loss":0.0,"gold_gain":75.0,"event_name":"World of Goop","player_choice":"Gather Gold","floor":12.0,"gold_loss":0.0,"damage_taken":11.0},{"damage_healed":0.0,"max_hp_gain":0.0,"max_hp_loss":0.0,"gold_gain":0.0,"event_name":"Ghosts","player_choice":"Ignored","floor":19.0,"gold_loss":0.0,"damage_taken":0.0},{"damage_healed":0.0,"max_hp_gain":0.0,"max_hp_loss":0.0,"gold_gain":0.0,"event_name":"Vampires","player_choice":"Ignored","floor":20.0,"gold_loss":0.0,"damage_taken":0.0},{"damage_healed":0.0,"max_hp_gain":0.0,"max_hp_loss":0.0,"gold_gain":0.0,"event_name":"WeMeetAgain","player_choice":"Gave Potion","floor":22.0,"gold_loss":0.0,"damage_taken":0.0,"relics_obtained":["Mummified Hand"]},{"damage_healed":0.0,"max_hp_gain":0.0,"max_hp_loss":0.0,"gold_gain":0.0,"event_name":"Tomb of Lord Red Mask","player_choice":"Paid","floor":47.0,"gold_loss":132.0,"damage_taken":0.0,"relics_obtained":["Red Mask"]},{"cards_removed":["Strike_R"],"damage_healed":0.0,"max_hp_gain":0.0,"max_hp_loss":0.0,"gold_gain":0.0,"event_name":"Purifier","player_choice":"Purged","floor":48.0,"gold_loss":0.0,"damage_taken":0.0}],"is_beta":false,"boss_relics":[{"not_picked":["Tiny House","Black Star"],"picked":"Velvet Choker"},{"not_picked":["Calling Bell","Runic Cube"],"picked":"Fusion Hammer"}],"items_purged_floors":[14,31],"is_endless":false,"potions_floor_spawned":[3,5,7,10,16,18,24,25,33,35,36,39,42],"ascension_level":19}}