{"host":"11728qvdvolffudn","time":1610964087,"event":{"mods":["BaseMod","Block Reminder","Colored Powertips","Curses Come First","Custom Start","Displayed Cursed Tome","Highlight Path","Minty Spire (QoL Compilation)","Permanent Neow","Quick Restart","Rare Cards Sparkle","Relic Stats","StSLib"],"gold_per_floor":[109,109,125,45,45,89,89,107,107,128,146,124,299,200,200,323,323,336,336,336,357,162,162,178,178,178],"floor_reached":25,"language":"ENG","playtime":2542,"items_purged":["Doubt","Shame"],"score":201,"play_id":"ac2c7cf2-ae96-414d-8994-e3754dc9098a","local_time":"20210118100127","is_ascension_mode":false,"campfire_choices":[{"data":"BattleHymn","floor":7,"key":"SMITH"},{"floor":15,"key":"REST"},{"data":"DevaForm","floor":23,"key":"SMITH"}],"circlet_count":0,"master_deck":["Eruption","Vigilance","Good Instincts","EmptyBody","EmptyBody","BattleHymn+1","Evaluate","Consecrate","DevaForm+1","FlurryOfBlows","ClearTheMind","Consecrate","Protect","Crescendo","SandsOfTime","Crescendo","SashWhip","Weave","FlyingSleeves","Worship"],"relics":["PureWater","Golden Idol","Potion Belt","Pandora\u0027s Box","Happy Flower","Nloth\u0027s Gift","Membership Card"],"acts_visited":["Exordium","TheCity"],"potions_floor_usage":[16,16,21],"damage_taken":[{"damage":0,"enemies":"Jaw Worm","floor":1,"turns":4},{"damage":0,"enemies":"Small Slimes","floor":3,"turns":6},{"damage":17,"enemies":"3 Sentries","floor":6,"turns":10},{"damage":1,"enemies":"2 Louse","floor":8,"turns":4},{"damage":0,"enemies":"Red Slaver","floor":10,"turns":3},{"damage":13,"enemies":"Lots of Slimes","floor":11,"turns":5},{"damage":34,"enemies":"The Guardian","floor":16,"turns":14},{"damage":0,"enemies":"Chosen","floor":18,"turns":3},{"damage":28,"enemies":"2 Thieves","floor":21,"turns":3},{"damage":18,"enemies":"Snecko","floor":24,"turns":4},{"damage":39,"enemies":"Cultist and Chosen","floor":25,"turns":4}],"seed_played":"-6032776433592223725","potions_obtained":[{"floor":3,"key":"Regen Potion"},{"floor":6,"key":"Weak Potion"},{"floor":16,"key":"SkillPotion"},{"floor":18,"key":"Fire Potion"}],"is_trial":false,"path_per_floor":["M","?","M","$","?","E","R","M","T","M","M","$","?","$","R","B",null,"M","?","?","M","$","R","M","M"],"character_chosen":"WATCHER","items_purchased":["BattleHymn","ClearTheMind","Consecrate","Membership Card"],"campfire_rested":1,"item_purchase_floors":[4,12,14,22],"current_hp_per_floor":[72,65,65,65,47,30,30,29,29,29,16,16,22,22,45,26,78,78,84,84,56,56,56,38,0,0],"gold":178,"neow_bonus":"RANDOM_COLORLESS","is_daily":false,"chose_seed":false,"campfire_upgraded":2,"win_rate":0.0,"timestamp":1610964087,"path_taken":["M","?","M","$","?","E","R","M","T","M","M","?","?","$","R","BOSS","M","?","?","?","$","R","M","M"],"items_purchased_type":["Card","Card","Card","Relic"],"build_version":"2020-12-22","purchased_purges":2,"victory":false,"max_hp_per_floor":[72,72,72,72,72,72,72,72,72,72,72,72,78,78,78,78,78,78,84,84,84,84,84,84,84,84],"relic_stats":{"Happy Flower":[3],"counters":[11,60],"Golden Idol":56,"Pandora\u0027s Box":["Protect","Crescendo","SandsOfTime","Crescendo","SashWhip","Weave","FlyingSleeves"],"Nloth\u0027s Gift":1,"obtain_stats":[{"Darkstone Periapt":6,"Potion Belt":9,"Happy Flower":19,"Golden Idol":5,"Pandora\u0027s Box":17,"Nloth\u0027s Gift":20,"Membership Card":22,"PureWater":0},{"Darkstone Periapt":3,"Potion Belt":4,"Happy Flower":8,"Golden Idol":2,"Pandora\u0027s Box":7,"Nloth\u0027s Gift":8,"Membership Card":9,"PureWater":0},{"Darkstone Periapt":20,"Potion Belt":24,"Happy Flower":49,"Golden Idol":10,"Pandora\u0027s Box":46,"Nloth\u0027s Gift":49,"Membership Card":52,"PureWater":0}]},"card_choices":[{"not_picked":["Impatience","Purity"],"picked":"Good Instincts","floor":0},{"not_picked":["Nirvana","Consecrate"],"picked":"EmptyBody","floor":1},{"not_picked":["JustLucky","CutThroughFate"],"picked":"EmptyBody","floor":3},{"not_picked":["PathToVictory","Adaptation"],"picked":"Evaluate","floor":6},{"not_picked":["Swivel","ReachHeaven"],"picked":"Consecrate","floor":8},{"not_picked":["SandsOfTime","FollowUp"],"picked":"DevaForm","floor":10},{"not_picked":["BowlingBash","BattleHymn"],"picked":"FlurryOfBlows","floor":11},{"not_picked":["Crescendo","BowlingBash","FlyingSleeves"],"picked":"SKIP","floor":18},{"not_picked":["Brilliance","Meditate","EmptyFist"],"picked":"SKIP","floor":21},{"not_picked":["Protect","PathToVictory"],"picked":"Worship","floor":24}],"player_experience":139170,"relics_obtained":[{"floor":6,"key":"Darkstone Periapt"},{"floor":9,"key":"Potion Belt"}],"event_choices":[{"cards_removed":["Defend_P"],"damage_healed":0,"gold_gain":0,"player_choice":"Card Removal","damage_taken":7,"max_hp_gain":0,"max_hp_loss":0,"event_name":"Golden Wing","floor":2,"gold_loss":0},{"damage_healed":0,"gold_gain":0,"player_choice":"Take Damage","damage_taken":18,"relics_obtained":["Golden Idol"],"max_hp_gain":0,"max_hp_loss":0,"event_name":"Golden Idol","floor":5,"gold_loss":0},{"damage_healed":0,"gold_gain":175,"player_choice":"AGREE","damage_taken":0,"max_hp_gain":0,"max_hp_loss":0,"event_name":"Liars Game","floor":13,"gold_loss":0,"cards_obtained":["Doubt"]},{"damage_healed":0,"gold_gain":0,"player_choice":"Stole Relic","damage_taken":0,"relics_obtained":["Happy Flower"],"max_hp_gain":0,"max_hp_loss":0,"event_name":"Addict","floor":19,"gold_loss":0,"cards_obtained":["Shame"]},{"damage_healed":0,"gold_gain":0,"player_choice":"Traded Relic","damage_taken":0,"relics_obtained":["Nloth\u0027s Gift"],"max_hp_gain":0,"max_hp_loss":0,"event_name":"N\u0027loth","floor":20,"relics_lost":["Darkstone Periapt"],"gold_loss":0}],"is_beta":false,"boss_relics":[{"not_picked":["Empty Cage","Black Star"],"picked":"Pandora\u0027s Box"}],"items_purged_floors":[14,22],"is_endless":false,"potions_floor_spawned":[3,6,16,18],"killed_by":"Cultist and Chosen","ascension_level":0}}