{"host":"fm9e0lfunjlbhzxv","time":1610991525,"event":{"mods":["2.2 Compatiblity","AchievementEnabler","Alarm Clock","BaseMod","Bestiary","Colored Map","Colored Powertips","Key Reminder","Minty Spire (QoL Compilation)","Permanent Neow","Random Character Button","Rare Cards Sparkle","Relic Stats","StSLib","The IronCluck","slay the spire mod where everything is the same but ironclad has a cowboy hat"],"gold_per_floor":[14,24,24,24,34,69,69,95,174,187,187,222,240,256,256,354,354,394,394,431,472,472,472,517,517,517],"floor_reached":25,"language":"ENG","playtime":1958,"items_purged":[],"score":316,"play_id":"e5307285-8278-47ed-bcef-923830f46d68","local_time":"20210118093845","is_ascension_mode":true,"campfire_choices":[{"data":"Vigilance","floor":7,"key":"SMITH"},{"floor":15,"key":"REST"},{"floor":23,"key":"REST"}],"circlet_count":0,"master_deck":["Strike_P","Strike_P","Defend_P+1","Defend_P+1","Defend_P","Eruption+1","Vigilance+1","Vengeance+1","InnerPeace","WheelKick","ClearTheMind","FlyingSleeves+1","ThirdEye","LessonLearned","FearNoEvil","Wish","SashWhip","Halt","FlurryOfBlows","PanicButton","Blasphemy"],"relics":["PureWater","Ornamental Fan","Blood Vial","Pear","keyreminder:keyreminder","Peace Pipe","SlaversCollar"],"acts_visited":["Exordium","TheCity"],"potions_floor_usage":[8,14,21,21,21],"damage_taken":[{"damage":0,"enemies":"Cultist","floor":1,"turns":3},{"damage":0,"enemies":"Jaw Worm","floor":2,"turns":2},{"damage":0,"enemies":"2 Louse","floor":5,"turns":2},{"damage":40,"enemies":"3 Sentries","floor":6,"turns":8},{"damage":22,"enemies":"Gremlin Nob","floor":8,"turns":5},{"damage":7,"enemies":"Exordium Thugs","floor":10,"turns":6},{"damage":11,"enemies":"Lagavulin","floor":12,"turns":6},{"damage":0,"enemies":"Blue Slaver","floor":13,"turns":2},{"damage":0,"enemies":"Red Slaver","floor":14,"turns":4},{"damage":0,"enemies":"Slime Boss","floor":16,"turns":6},{"damage":19,"enemies":"Spheric Guardian","floor":18,"turns":5},{"damage":14,"enemies":"3 Byrds","floor":20,"turns":8},{"damage":19,"enemies":"Cultist and Chosen","floor":21,"turns":7},{"damage":17,"enemies":"Centurion and Healer","floor":24,"turns":9},{"damage":42,"enemies":"Gremlin Leader","floor":25,"turns":6}],"seed_played":"-1219328091475042584","potions_obtained":[{"floor":2,"key":"Weak Potion"},{"floor":8,"key":"GamblersBrew"},{"floor":10,"key":"Energy Potion"},{"floor":12,"key":"AttackPotion"},{"floor":13,"key":"SkillPotion"},{"floor":20,"key":"Explosive Potion"},{"floor":24,"key":"Regen Potion"}],"is_trial":false,"path_per_floor":["M","M","T","$","M","E","R","E","T","M","?","E","M","M","R","B",null,"M","?","M","M","?","R","M","E"],"character_chosen":"WATCHER","items_purchased":[],"campfire_rested":2,"item_purchase_floors":[],"current_hp_per_floor":[72,72,72,72,72,32,32,22,22,17,17,8,10,12,36,38,82,63,63,51,34,22,46,31,0,0],"gold":517,"neow_bonus":"REMOVE_TWO","is_daily":false,"chose_seed":false,"campfire_upgraded":1,"win_rate":0.0,"timestamp":1610991525,"path_taken":["M","M","?","?","M","E","R","E","T","?","?","E","M","M","R","BOSS","M","?","?","M","?","R","M","E"],"items_purchased_type":[],"build_version":"2020-12-22","purchased_purges":0,"victory":false,"max_hp_per_floor":[72,72,72,72,72,72,72,82,82,82,82,82,82,82,82,82,82,82,82,82,82,82,82,82,82,82],"relic_stats":{"Blood Vial":20,"Peace Pipe":0,"counters":[15,79],"Ornamental Fan":[84],"obtain_stats":[{"Blood Vial":6,"keyreminder:keyreminder":9,"Peace Pipe":12,"SlaversCollar":17,"Pear":8,"Ornamental Fan":3,"PureWater":0},{"Blood Vial":4,"keyreminder:keyreminder":5,"Peace Pipe":7,"SlaversCollar":10,"Pear":5,"Ornamental Fan":2,"PureWater":0},{"Blood Vial":15,"keyreminder:keyreminder":20,"Peace Pipe":32,"SlaversCollar":44,"Pear":20,"Ornamental Fan":5,"PureWater":0}]},"card_choices":[{"not_picked":["Protect","SashWhip"],"picked":"Vengeance","floor":1},{"not_picked":["FlyingSleeves","ReachHeaven"],"picked":"InnerPeace","floor":2},{"not_picked":["PathToVictory","Omniscience"],"picked":"WheelKick","floor":5},{"not_picked":["Fasting2","BowlingBash"],"picked":"ClearTheMind","floor":6},{"not_picked":["Sanctity","ClearTheMind"],"picked":"FlyingSleeves","floor":8},{"not_picked":["WreathOfFlame","InnerPeace"],"picked":"ThirdEye","floor":10},{"not_picked":["CutThroughFate","FollowUp"],"picked":"LessonLearned","floor":12},{"not_picked":["WaveOfTheHand","Conclude"],"picked":"FearNoEvil","floor":13},{"not_picked":["Protect","ClearTheMind","Prostrate"],"picked":"SKIP","floor":14},{"not_picked":["Devotion","SpiritShield"],"picked":"Wish","floor":16},{"not_picked":["BowlingBash","WaveOfTheHand+1"],"picked":"SashWhip","floor":18},{"not_picked":["Worship","ClearTheMind+1"],"picked":"Halt","floor":20},{"not_picked":["PathToVictory+1","Consecrate"],"picked":"FlurryOfBlows","floor":21},{"not_picked":["Study+1","CarveReality"],"picked":"Blasphemy","floor":24}],"player_experience":423783,"relics_obtained":[{"floor":3,"key":"Ornamental Fan"},{"floor":6,"key":"Blood Vial"},{"floor":8,"key":"Pear"},{"floor":12,"key":"Peace Pipe"}],"event_choices":[{"damage_healed":0,"gold_gain":0,"player_choice":"Ignored","damage_taken":0,"max_hp_gain":0,"max_hp_loss":0,"event_name":"Shining Light","floor":11,"gold_loss":0},{"cards_removed":["Strike_P"],"damage_healed":0,"gold_gain":0,"player_choice":"Offered Basic","damage_taken":0,"max_hp_gain":0,"max_hp_loss":0,"event_name":"Bonfire Elementals","floor":19,"gold_loss":0},{"damage_healed":0,"gold_gain":0,"player_choice":"CARD ","damage_taken":12,"max_hp_gain":0,"max_hp_loss":0,"event_name":"Knowing Skull","floor":22,"potions_obtained":[],"gold_loss":0,"cards_obtained":["PanicButton"]}],"is_beta":false,"boss_relics":[{"not_picked":["Runic Dome","Empty Cage"],"picked":"SlaversCollar"}],"items_purged_floors":[],"is_endless":false,"potions_floor_spawned":[2,8,10,12,13,20,24],"killed_by":"Gremlin Leader","ascension_level":3}}