{"host":"i09pxcjttd31eh4q","time":1610971778,"event":{"mods":["AchievementEnabler","BaseMod","Colored Map","Keyboard Shortcuts","Minty Spire (QoL Compilation)","StSLib","SuperFastMode"],"gold_per_floor":[111,128,54,54,54,54,82,82,108,123,143,143,161,195,195,266,266,280,296,309,24,24,24],"floor_reached":22,"language":"KOR","playtime":430,"items_purged":[],"score":392,"play_id":"e0c5df2c-ec7e-45e4-b429-e6451fe00d91","local_time":"20210118210938","is_ascension_mode":true,"campfire_choices":[{"data":"Eruption","floor":6.0,"key":"SMITH"},{"data":"Adaptation","floor":8.0,"key":"SMITH"},{"floor":12.0,"key":"REST"},{"data":"MentalFortress","floor":15.0,"key":"SMITH"}],"circlet_count":0,"master_deck":["AscendersBane","Strike_P","Strike_P","Strike_P","Defend_P","Defend_P","Eruption+1","Vigilance","EmptyFist","Adaptation+1","MentalFortress+1","InnerPeace"],"relics":["PureWater","Regal Pillow","Happy Flower","Omamori","Sozu","Sundial"],"acts_visited":["Exordium","TheCity"],"potions_floor_usage":[],"damage_taken":[{"damage":1.0,"enemies":"Small Slimes","floor":1.0,"turns":3.0},{"damage":0.0,"enemies":"2 Louse","floor":2.0,"turns":3.0},{"damage":22.0,"enemies":"3 Sentries","floor":7.0,"turns":6.0},{"damage":4.0,"enemies":"Jaw Worm","floor":10.0,"turns":2.0},{"damage":0.0,"enemies":"Gremlin Gang","floor":11.0,"turns":2.0},{"damage":0.0,"enemies":"Large Slime","floor":13.0,"turns":3.0},{"damage":8.0,"enemies":"Gremlin Nob","floor":14.0,"turns":3.0},{"damage":17.0,"enemies":"The Guardian","floor":16.0,"turns":11.0},{"damage":4.0,"enemies":"Spheric Guardian","floor":18.0,"turns":4.0},{"damage":3.0,"enemies":"3 Byrds","floor":19.0,"turns":6.0},{"damage":9.0,"enemies":"Centurion and Healer","floor":20.0,"turns":5.0},{"damage":0,"enemies":"Chosen and Byrds","floor":22,"turns":1}],"seed_played":"830636192095902035","potions_obtained":[{"floor":2.0,"key":"Swift Potion"},{"floor":7.0,"key":"DistilledChaos"},{"floor":13.0,"key":"Weak Potion"}],"is_trial":false,"path_per_floor":["M","M","$","?","?","R","E","R","T","M","M","R","M","E","R","B",null,"M","M","M","$","M"],"character_chosen":"WATCHER","items_purchased":["Adaptation","Sundial"],"campfire_rested":1,"item_purchase_floors":[3,21],"current_hp_per_floor":[42,42,42,47,47,47,25,25,25,21,21,57,57,49,49,32,63,59,56,47,47,47,47],"gold":24,"neow_bonus":"REMOVE_TWO","is_daily":false,"chose_seed":false,"campfire_upgraded":3,"win_rate":0.0,"timestamp":1610971778,"path_taken":["M","M","$","?","?","R","E","R","T","M","M","R","M","E","R","BOSS","M","M","M","$","M"],"items_purchased_type":["Card","Relic"],"build_version":"2020-12-22","purchased_purges":0,"victory":false,"max_hp_per_floor":[68,68,68,73,73,73,73,73,73,73,73,73,73,73,73,73,73,73,73,73,73,73,73],"card_choices":[{"not_picked":["Prostrate","FlyingSleeves"],"picked":"EmptyFist","floor":1.0},{"not_picked":["LikeWater","Perseverance","DeceiveReality"],"picked":"SKIP","floor":2.0},{"not_picked":["Protect","Prostrate","EmptyBody"],"picked":"SKIP","floor":7.0},{"not_picked":["Conclude","Protect","EmptyBody"],"picked":"SKIP","floor":10.0},{"not_picked":["CrushJoints","Wireheading","DeceiveReality"],"picked":"SKIP","floor":11.0},{"not_picked":["Consecrate","FlyingSleeves","BowlingBash"],"picked":"SKIP","floor":13.0},{"not_picked":["Consecrate","DeceiveReality"],"picked":"MentalFortress","floor":14.0},{"not_picked":["Meditate+1","ClearTheMind","FlyingSleeves"],"picked":"SKIP","floor":18.0},{"not_picked":["EmptyBody","MentalFortress"],"picked":"InnerPeace","floor":19.0},{"not_picked":["FollowUp","EmptyFist","Collect"],"picked":"SKIP","floor":20.0}],"player_experience":870246,"relics_obtained":[{"floor":7.0,"key":"Regal Pillow"},{"floor":9.0,"key":"Happy Flower"},{"floor":14.0,"key":"Omamori"}],"event_choices":[{"damage_healed":0.0,"max_hp_gain":5.0,"max_hp_loss":0.0,"gold_gain":0.0,"event_name":"Big Fish","player_choice":"Donut","floor":4.0,"gold_loss":0.0,"damage_taken":0.0},{"cards_removed":["Defend_P"],"damage_healed":0.0,"max_hp_gain":0.0,"max_hp_loss":0.0,"gold_gain":0.0,"event_name":"Living Wall","player_choice":"Forget","floor":5.0,"gold_loss":0.0,"damage_taken":0.0}],"is_beta":false,"boss_relics":[{"not_picked":["Philosopher\u0027s Stone","Snecko Eye"],"picked":"Sozu"}],"items_purged_floors":[],"is_endless":false,"potions_floor_spawned":[2,7,13,14,19],"killed_by":"Chosen and Byrds","ascension_level":20}}