{"host":"6bsan6hkua32tfq7","time":1610992682,"event":{"mods":["BaseMod","Better Third Choice","Colored Map","Highlight Path","Minty Spire (QoL Compilation)","StSLib"],"gold_per_floor":[109,122,141,13,28,28,59,59,59,85,85,85,105,123,123,202,202,215,229,242,49,64,64,77,77,77,77,94,19,19,19],"floor_reached":30,"language":"ENG","playtime":5382,"items_purged":["Defend_B"],"score":488,"play_id":"5286ac9b-5246-4472-a114-94dfd05cd2b9","local_time":"20210118185802","is_ascension_mode":true,"campfire_choices":[{"data":"Zap","floor":6,"key":"SMITH"},{"floor":12,"key":"REST"},{"data":"Defragment","floor":15,"key":"SMITH"},{"floor":23,"key":"REST"},{"floor":27,"key":"REST"}],"circlet_count":0,"master_deck":["AscendersBane","Strike_B","Strike_B","Defend_B","Defend_B","Zap+1","Dualcast","Rebound","Self Repair","Cold Snap","FTL","Go for the Eyes","Echo Form","Steam","Defragment+1","All For One","Ball Lightning","Gash","Steam","Steam","Leap+1","Loop","Undo"],"relics":["Cracked Core","Akabeko","Gremlin Horn","Turnip","Empty Cage","Medical Kit","Mummified Hand"],"acts_visited":["Exordium","TheCity"],"potions_floor_usage":[5,7,14,16,28,28],"damage_taken":[{"damage":3,"enemies":"2 Louse","floor":1,"turns":2},{"damage":9,"enemies":"Jaw Worm","floor":2,"turns":3},{"damage":7,"enemies":"Small Slimes","floor":3,"turns":3},{"damage":27,"enemies":"Exordium Wildlife","floor":5,"turns":7},{"damage":21,"enemies":"3 Sentries","floor":7,"turns":9},{"damage":24,"enemies":"Gremlin Nob","floor":10,"turns":4},{"damage":3,"enemies":"Large Slime","floor":13,"turns":4},{"damage":14,"enemies":"Exordium Thugs","floor":14,"turns":2},{"damage":14,"enemies":"Hexaghost","floor":16,"turns":10},{"damage":7,"enemies":"Spheric Guardian","floor":18,"turns":4},{"damage":29,"enemies":"3 Byrds","floor":19,"turns":4},{"damage":20,"enemies":"Cultist and Chosen","floor":20,"turns":6},{"damage":8,"enemies":"Centurion and Healer","floor":22,"turns":8},{"damage":21,"enemies":"Snake Plant","floor":24,"turns":6},{"damage":28,"enemies":"Cultist and Chosen","floor":28,"turns":5},{"damage":14,"enemies":"Centurion and Healer","floor":30,"turns":1}],"seed_played":"5536994449607634770","potions_obtained":[{"floor":3,"key":"AttackPotion"},{"floor":7,"key":"SpeedPotion"},{"floor":10,"key":"SteroidPotion"},{"floor":14,"key":"ColorlessPotion"},{"floor":22,"key":"SkillPotion"},{"floor":24,"key":"Energy Potion"}],"is_trial":false,"path_per_floor":["M","M","M","$","M","R","E","$","T","E","?","R","M","M","R","B",null,"M","M","M","$","M","R","M","?","T","R","M","?","M"],"character_chosen":"DEFECT","items_purchased":["Block Potion","Medical Kit","Steam"],"campfire_rested":3,"item_purchase_floors":[4,21,21],"current_hp_per_floor":[68,59,59,59,39,39,25,25,25,1,1,24,28,21,21,14,62,62,33,27,27,26,49,28,6,6,30,9,9,0,0],"gold":19,"neow_bonus":"TEN_PERCENT_HP_BONUS","is_daily":false,"chose_seed":false,"campfire_upgraded":2,"win_rate":0.0,"timestamp":1610992682,"path_taken":["M","M","M","$","M","R","E","$","T","E","?","R","M","M","R","BOSS","M","M","M","$","M","R","M","?","T","R","M","?","M"],"items_purchased_type":["Potion","Relic","Card"],"build_version":"2020-12-22","purchased_purges":1,"victory":false,"max_hp_per_floor":[78,78,78,78,78,78,78,78,78,78,78,78,78,78,78,78,78,78,78,78,78,78,78,78,83,83,83,83,83,83,83],"card_choices":[{"not_picked":["Steam","Reprogram"],"picked":"Rebound","floor":1},{"not_picked":["Hologram","Conserve Battery"],"picked":"Self Repair","floor":2},{"not_picked":["Fusion","Force Field"],"picked":"Cold Snap","floor":3},{"not_picked":["Redo","Gash"],"picked":"FTL","floor":5},{"not_picked":["Storm","FTL"],"picked":"Go for the Eyes","floor":7},{"not_picked":["Gash","Hologram"],"picked":"Echo Form","floor":10},{"not_picked":["Recycle","Heatsinks"],"picked":"Steam","floor":13},{"not_picked":["Coolheaded","Fusion"],"picked":"Defragment","floor":14},{"not_picked":["Reboot","Multi-Cast"],"picked":"All For One","floor":16},{"not_picked":["Skim+1","Storm"],"picked":"Ball Lightning","floor":18},{"not_picked":["Chaos","Stack"],"picked":"Gash","floor":19},{"not_picked":["Redo","Aggregate"],"picked":"Steam","floor":20},{"not_picked":["BootSequence","Ball Lightning"],"picked":"Leap+1","floor":22},{"not_picked":["Scrape","Fusion"],"picked":"Loop","floor":24},{"not_picked":["Leap","Compile Driver"],"picked":"Undo","floor":28}],"player_experience":5299290,"relics_obtained":[{"floor":7,"key":"Akabeko"},{"floor":9,"key":"Gremlin Horn"},{"floor":10,"key":"Turnip"},{"floor":26,"key":"Mummified Hand"}],"event_choices":[{"damage_healed":0,"gold_gain":0,"player_choice":"LEAVE","damage_taken":0,"max_hp_gain":0,"max_hp_loss":0,"event_name":"betterThird:BetterScrap","floor":11,"gold_loss":0,"cards_obtained":["Vengeance"]},{"damage_healed":0,"gold_gain":0,"player_choice":"Shed Blood","damage_taken":27,"max_hp_gain":5,"max_hp_loss":0,"event_name":"Forgotten Altar","floor":25,"gold_loss":0},{"cards_removed":["Strike_B"],"damage_healed":0,"gold_gain":0,"player_choice":"Single Remove","damage_taken":0,"max_hp_gain":0,"max_hp_loss":0,"event_name":"Designer","floor":29,"gold_loss":75}],"is_beta":false,"boss_relics":[{"not_picked":["Ectoplasm","Coffee Dripper"],"picked":"Empty Cage"}],"items_purged_floors":[4],"is_endless":false,"potions_floor_spawned":[3,7,10,14,22,24],"killed_by":"Centurion and Healer","ascension_level":20}}