{"host":"q206iib20se9i6w7","time":1610943286,"event":{"mods":["AchievementEnabler","BaseMod","Bestiary","Block Reminder","Colored Map","Colored Powertips","Curses Come First","Highlight Path","Key Reminder","Minty Spire (QoL Compilation)","Quick Restart","Random Character Button","Relic Stats","StSLib","SuperFastMode","Unceasing Turn Reminder"],"gold_per_floor":[116,116,142,159,109,144,162,179,206,206,222,239,239,265,265,370,370,389,314,199,199,209,237,30,30,30,62,62,77,102,122,122,224,224,242,258,311,8,8,8,40,40,86,113,132,132,161,173,173,173],"floor_reached":51,"language":"ENG","playtime":2529,"items_purged":["Strike_P","Strike_P"],"score":1168,"play_id":"bedc4d9a-882d-4f74-8d5f-18d3d5d8e598","local_time":"20210117221446","is_ascension_mode":true,"campfire_choices":[{"data":"Eruption","floor":10,"key":"SMITH"},{"floor":13,"key":"REST"},{"data":"Wallop","floor":15,"key":"SMITH"},{"data":"TalkToTheHand","floor":25,"key":"SMITH"},{"data":"Study","floor":28,"key":"SMITH"},{"floor":32,"key":"REST"},{"data":"ClearTheMind","floor":40,"key":"SMITH"},{"data":"MasterReality","floor":42,"key":"SMITH"},{"floor":49,"key":"REST"}],"circlet_count":0,"master_deck":["Defend_P","Defend_P+1","Eruption+1","Vigilance","FearNoEvil","BowlingBash","EmptyFist","SashWhip","Wallop+1","SignatureMove+1","Consecrate","MasterReality+1","Flash of Steel+1","ClearTheMind+1","BattleHymn","Crescendo+1","EmptyBody+1","TalkToTheHand+1","Study+1","Protect+1","EmptyBody+1","Vengeance","Meditate+1","DeusExMachina","Sanctity+1","EmptyMind+1"],"relics":["PureWater","NeowsBlessing","Potion Belt","Ancient Tea Set","Bronze Scales","MealTicket","keyreminder:keyreminder","Philosopher\u0027s Stone","Shuriken","Yang","Smiling Mask","Oddly Smooth Stone","VioletLotus","Unceasing Top","Toolbox","Bag of Preparation","Gambling Chip","Whetstone","Nunchaku","War Paint"],"acts_visited":["Exordium","TheCity","TheBeyond"],"potions_floor_usage":[16,23,27,30,30,33,37,47,50,50],"damage_taken":[{"damage":0,"enemies":"Small Slimes","floor":1,"turns":2},{"damage":0,"enemies":"Jaw Worm","floor":4,"turns":1},{"damage":0,"enemies":"Lagavulin","floor":6,"turns":2},{"damage":0,"enemies":"2 Louse","floor":7,"turns":1},{"damage":0,"enemies":"Blue Slaver","floor":8,"turns":2},{"damage":0,"enemies":"Looter","floor":11,"turns":2},{"damage":14,"enemies":"Exordium Thugs","floor":12,"turns":3},{"damage":5,"enemies":"3 Sentries","floor":14,"turns":3},{"damage":33,"enemies":"The Guardian","floor":16,"turns":8},{"damage":15,"enemies":"Shell Parasite","floor":18,"turns":3},{"damage":0,"enemies":"Chosen","floor":22,"turns":2},{"damage":35,"enemies":"Book of Stabbing","floor":23,"turns":4},{"damage":0,"enemies":"Gremlin Leader","floor":27,"turns":4},{"damage":13,"enemies":"Centurion and Healer","floor":29,"turns":4},{"damage":15,"enemies":"Slavers","floor":30,"turns":4},{"damage":3,"enemies":"Shelled Parasite and Fungi","floor":31,"turns":3},{"damage":1,"enemies":"Automaton","floor":33,"turns":6},{"damage":2,"enemies":"Orb Walker","floor":35,"turns":3},{"damage":2,"enemies":"3 Darklings","floor":36,"turns":3},{"damage":7,"enemies":"2 Orb Walkers","floor":37,"turns":4},{"damage":16,"enemies":"Reptomancer","floor":41,"turns":4},{"damage":2,"enemies":"Giant Head","floor":44,"turns":7},{"damage":0,"enemies":"Transient","floor":45,"turns":5},{"damage":17,"enemies":"Reptomancer","floor":47,"turns":5},{"damage":6,"enemies":"Jaw Worm Horde","floor":48,"turns":3},{"damage":3,"enemies":"Donu and Deca","floor":50,"turns":5}],"seed_played":"1911466574865862329","potions_obtained":[{"floor":4,"key":"Strength Potion"},{"floor":6,"key":"SpeedPotion"},{"floor":7,"key":"SpeedPotion"},{"floor":14,"key":"GamblersBrew"},{"floor":18,"key":"Fire Potion"},{"floor":22,"key":"GamblersBrew"},{"floor":27,"key":"Ancient Potion"},{"floor":30,"key":"Swift Potion"},{"floor":31,"key":"Ambrosia"},{"floor":36,"key":"Dexterity Potion"},{"floor":37,"key":"BlessingOfTheForge"},{"floor":48,"key":"BlessingOfTheForge"}],"is_trial":false,"path_per_floor":["M","?","T","M","?","E","M","M","T","R","M","M","R","E","R","B",null,"M","?","$","?","M","E","$","R","T","E","R","M","E","M","R","B",null,"M","M","?","$","?","R","E","R","T","E","M","?","E","M","R","B",null],"character_chosen":"WATCHER","items_purchased":["Flash of Steel","ClearTheMind","EmptyBody","TalkToTheHand","PowerPotion","Swift Potion","Toolbox"],"campfire_rested":3,"item_purchase_floors":[20,20,24,24,38,38,38],"current_hp_per_floor":[65,58,58,58,58,58,58,58,58,58,58,44,65,60,60,27,61,46,46,61,61,61,26,41,41,41,41,41,28,13,10,31,30,62,60,58,51,66,66,66,50,50,50,48,48,48,31,25,46,43],"gold":173,"neow_bonus":"THREE_ENEMY_KILL","is_daily":false,"chose_seed":false,"campfire_upgraded":6,"win_rate":0.0,"timestamp":1610943286,"path_taken":["M","?","?","M","?","E","M","M","T","R","M","M","R","E","R","BOSS","M","?","$","?","M","E","$","R","T","E","R","M","E","M","R","BOSS","M","M","?","$","?","R","E","R","T","E","?","?","E","M","R","BOSS"],"items_purchased_type":["Card","Card","Card","Card","Potion","Potion","Relic"],"build_version":"2020-12-22","purchased_purges":2,"victory":true,"max_hp_per_floor":[72,72,72,72,72,72,72,72,72,72,72,72,72,72,72,72,72,72,72,72,72,72,72,72,72,72,72,72,72,72,72,72,72,72,72,72,72,72,72,72,72,72,72,72,72,72,72,72,72,72],"relic_stats":{"counters":[26,93],"Yang":[184],"Bag of Preparation":[12],"Whetstone":["SignatureMove","Flash of Steel"],"War Paint":["Defend_P","EmptyBody"],"Smiling Mask":50,"Nunchaku":[6],"Shuriken":[43],"Bronze Scales":[237],"Gambling Chip":[10],"MealTicket":45,"VioletLotus":[21],"obtain_stats":[{"Potion Belt":3,"NeowsBlessing":0,"Oddly Smooth Stone":30,"Yang":26,"Bag of Preparation":39,"Whetstone":43,"War Paint":47,"Ancient Tea Set":6,"Smiling Mask":27,"keyreminder:keyreminder":14,"Nunchaku":44,"Shuriken":23,"Bronze Scales":9,"Gambling Chip":41,"Toolbox":38,"MealTicket":14,"Philosopher\u0027s Stone":17,"VioletLotus":34,"PureWater":0,"Unceasing Top":37},{"Potion Belt":1,"NeowsBlessing":0,"Oddly Smooth Stone":15,"Yang":12,"Bag of Preparation":20,"Whetstone":21,"War Paint":24,"Ancient Tea Set":3,"Smiling Mask":13,"keyreminder:keyreminder":8,"Nunchaku":22,"Shuriken":12,"Bronze Scales":5,"Gambling Chip":21,"Toolbox":20,"MealTicket":8,"Philosopher\u0027s Stone":9,"VioletLotus":17,"PureWater":0,"Unceasing Top":20},{"Potion Belt":2,"NeowsBlessing":0,"Oddly Smooth Stone":45,"Yang":33,"Bag of Preparation":64,"Whetstone":68,"War Paint":85,"Ancient Tea Set":5,"Smiling Mask":37,"keyreminder:keyreminder":16,"Nunchaku":75,"Shuriken":33,"Bronze Scales":8,"Gambling Chip":68,"Toolbox":64,"MealTicket":16,"Philosopher\u0027s Stone":24,"VioletLotus":54,"PureWater":0,"Unceasing Top":64}],"Unceasing Top":[0]},"card_choices":[{"not_picked":["Crescendo","Worship"],"picked":"FearNoEvil","floor":1},{"not_picked":["InnerPeace","ClearTheMind"],"picked":"BowlingBash","floor":4},{"not_picked":["FlurryOfBlows","InnerPeace"],"picked":"EmptyFist","floor":6},{"not_picked":["EmptyBody","Protect"],"picked":"SashWhip","floor":7},{"not_picked":["EmptyFist","Protect"],"picked":"Wallop","floor":8},{"not_picked":["Indignation","Prostrate"],"picked":"SignatureMove","floor":11},{"not_picked":["CrushJoints","ClearTheMind"],"picked":"Consecrate","floor":12},{"not_picked":["Brilliance","SignatureMove","Conclude"],"picked":"SKIP","floor":14},{"not_picked":["Establishment","Omniscience"],"picked":"MasterReality","floor":16},{"not_picked":["Consecrate","JustLucky","MentalFortress"],"picked":"SKIP","floor":18},{"not_picked":["ThirdEye","CarveReality"],"picked":"Crescendo+1","floor":22},{"not_picked":["JustLucky","ThirdEye","CrushJoints"],"picked":"SKIP","floor":23},{"not_picked":["FlurryOfBlows","SashWhip"],"picked":"Study","floor":27},{"not_picked":["ThirdEye","PathToVictory"],"picked":"Protect+1","floor":29},{"not_picked":["CarveReality","CutThroughFate"],"picked":"EmptyBody+1","floor":30},{"not_picked":["Nirvana+1","ClearTheMind+1"],"picked":"Vengeance","floor":31},{"not_picked":["CrushJoints","Conclude+1","WreathOfFlame"],"picked":"SKIP","floor":35},{"not_picked":["Fasting2+1","Perseverance","WindmillStrike+1"],"picked":"SKIP","floor":36},{"not_picked":["SashWhip","FollowUp+1"],"picked":"Meditate+1","floor":37},{"not_picked":["Nirvana","Ragnarok"],"picked":"DeusExMachina","floor":41},{"not_picked":["Meditate+1","FollowUp"],"picked":"Sanctity+1","floor":44},{"not_picked":["BowlingBash+1","JustLucky+1","Crescendo"],"picked":"SKIP","floor":45},{"not_picked":["Indignation","CutThroughFate","WreathOfFlame+1"],"picked":"SKIP","floor":47},{"not_picked":["CutThroughFate+1","WaveOfTheHand"],"picked":"EmptyMind+1","floor":48}],"player_experience":257357,"relics_obtained":[{"floor":3,"key":"Potion Belt"},{"floor":6,"key":"Ancient Tea Set"},{"floor":9,"key":"Bronze Scales"},{"floor":14,"key":"MealTicket"},{"floor":23,"key":"Shuriken"},{"floor":26,"key":"Yang"},{"floor":27,"key":"Smiling Mask"},{"floor":30,"key":"Oddly Smooth Stone"},{"floor":37,"key":"Unceasing Top"},{"floor":41,"key":"Gambling Chip"},{"floor":43,"key":"Whetstone"},{"floor":44,"key":"Nunchaku"},{"floor":47,"key":"War Paint"}],"event_choices":[{"cards_removed":["Strike_P"],"damage_healed":0,"gold_gain":0,"player_choice":"Card Removal","damage_taken":7,"max_hp_gain":0,"max_hp_loss":0,"event_name":"Golden Wing","floor":2,"gold_loss":0},{"cards_removed":["Defend_P"],"damage_healed":0,"gold_gain":0,"player_choice":"Card Removal","damage_taken":0,"max_hp_gain":0,"max_hp_loss":0,"event_name":"The Cleric","floor":5,"gold_loss":50},{"cards_removed":["Strike_P"],"damage_healed":0,"gold_gain":0,"player_choice":"Gave Gold","damage_taken":0,"max_hp_gain":0,"max_hp_loss":0,"event_name":"Beggar","floor":19,"gold_loss":75},{"damage_healed":0,"gold_gain":0,"player_choice":"Read","damage_taken":0,"max_hp_gain":0,"max_hp_loss":0,"event_name":"The Library","floor":21,"gold_loss":0,"cards_obtained":["BattleHymn"]},{"damage_healed":0,"gold_gain":0,"player_choice":"Fight","damage_taken":0,"max_hp_gain":0,"max_hp_loss":0,"event_name":"Mysterious Sphere","floor":37,"gold_loss":0},{"damage_healed":0,"gold_gain":0,"player_choice":"Gave Potion","damage_taken":0,"relics_obtained":["Bag of Preparation"],"max_hp_gain":0,"max_hp_loss":0,"event_name":"WeMeetAgain","floor":39,"gold_loss":0},{"cards_removed":["Defend_P"],"damage_healed":0,"gold_gain":0,"player_choice":"Removed Skill","damage_taken":0,"max_hp_gain":0,"max_hp_loss":0,"event_name":"Falling","floor":46,"gold_loss":0}],"is_beta":false,"boss_relics":[{"not_picked":["Runic Pyramid","Ectoplasm"],"picked":"Philosopher\u0027s Stone"},{"not_picked":["SacredBark","Sozu"],"picked":"VioletLotus"}],"items_purged_floors":[24,38],"is_endless":false,"potions_floor_spawned":[4,6,7,14,18,22,27,30,31,36,37,48],"ascension_level":7}}