{"host":"6k3g9e7w4m837wf6","time":1610978460,"event":{"mods":["Arknights The Spire","BaseMod","Minty Spire (QoL Compilation)","StSLib"],"gold_per_floor":[111,121,121,136,150,180,180,215,215,215,215],"floor_reached":10,"language":"ZHS","playtime":847,"items_purged":[],"score":78,"play_id":"06cd0964-2ecd-41df-aeaa-49c24b46da1a","local_time":"20210118220100","is_ascension_mode":false,"campfire_choices":[],"circlet_count":0,"master_deck":["ats:Strike C","ats:Strike S","ats:Strike V","ats:Armor Crushing Shot","ats:Defend","ats:Defend","ats:Defend","ats:Defend","ats:Emotion Absorption","ats:Part Time Job","ats:Hammer On","ats:Rapid Magazine","ats:Powerful Strike","ats:Powerful Strike","ats:Fractured Body","ats:Flexible Camouflage"],"relics":["ats:Sanity","NeowsBlessing","ats:Hidden Killer","ats:Originium","Eternal Feather","TungstenRod","Girya"],"acts_visited":["Exordium"],"potions_floor_usage":[6],"damage_taken":[{"damage":0,"enemies":"Jaw Worm","floor":1,"turns":1},{"damage":0,"enemies":"Cultist","floor":2,"turns":1},{"damage":0,"enemies":"Small Slimes","floor":4,"turns":4},{"damage":17,"enemies":"Exordium Wildlife","floor":5,"turns":7},{"damage":43,"enemies":"3 Sentries","floor":6,"turns":10},{"damage":17,"enemies":"Lagavulin","floor":8,"turns":6},{"damage":8,"enemies":"3 Sentries","floor":10,"turns":1}],"seed_played":"-4730794708644777183","potions_obtained":[{"floor":4,"key":"GamblersBrew"},{"floor":5,"key":"Energy Potion"},{"floor":6,"key":"Dexterity Potion"}],"is_trial":false,"path_per_floor":["M","M","?","M","M","E","?","E","T","E"],"character_chosen":"DOCTOR_CLASS","items_purchased":[],"campfire_rested":0,"item_purchase_floors":[],"current_hp_per_floor":[72,72,54,60,49,12,12,1,1,0,0],"gold":215,"neow_bonus":"THREE_ENEMY_KILL","is_daily":false,"chose_seed":false,"campfire_upgraded":0,"win_rate":0.0,"timestamp":1610978460,"path_taken":["M","M","?","M","M","E","?","E","T","E"],"items_purchased_type":[],"build_version":"2020-12-22","purchased_purges":0,"victory":false,"max_hp_per_floor":[72,72,72,72,72,72,72,72,72,72,72],"card_choices":[{"not_picked":["ats:Explosion Area Strengthen","ats:Shell Defense"],"picked":"ats:Part Time Job","floor":1},{"not_picked":["ats:Shell Defense","ats:Explosion Area Strengthen"],"picked":"ats:Hammer On","floor":2},{"not_picked":["ats:Encircling Forest","ats:Steam Pump"],"picked":"ats:Rapid Magazine","floor":4},{"not_picked":["ats:Soul Absorption","ats:Red Shift"],"picked":"ats:Powerful Strike","floor":5},{"not_picked":["ats:Apocalypse","ats:Soul Absorption"],"picked":"ats:Powerful Strike","floor":6},{"not_picked":["ats:Ignite","ats:Fractured Body"],"picked":"ats:Flexible Camouflage","floor":8}],"player_experience":111245,"relics_obtained":[{"floor":6,"key":"ats:Originium"},{"floor":6,"key":"Eternal Feather"},{"floor":8,"key":"ats:Originium"},{"floor":8,"key":"TungstenRod"},{"floor":9,"key":"Girya"}],"event_choices":[{"damage_healed":0,"gold_gain":0,"player_choice":"Success","damage_taken":18,"relics_obtained":["ats:Hidden Killer"],"max_hp_gain":0,"max_hp_loss":0,"event_name":"Scrap Ooze","floor":3,"gold_loss":0},{"damage_healed":0,"gold_gain":0,"cards_transformed":["ats:Strike G"],"player_choice":"Transformed","damage_taken":0,"max_hp_gain":0,"max_hp_loss":0,"event_name":"Transmorgrifier","floor":7,"gold_loss":0,"cards_obtained":["ats:Fractured Body"]}],"is_beta":false,"boss_relics":[],"items_purged_floors":[],"is_endless":false,"potions_floor_spawned":[4,5,6],"killed_by":"3 Sentries","ascension_level":0}}