{"host":"91blwi3hgehj6ch9","time":1610961275,"event":{"mods":["2.2 Compatiblity","AchievementEnabler","BaseMod","Colored Map","DeckTracker","Keyboard Shortcuts","Marisa£¨Ùöéë¡¡Øª×âÞÞ£©","Minty Spire (QoL Compilation)","Permanent Neow","Quick Restart","StSLib","SuperFastMode","everything is the same but u backflip on backflip"],"gold_per_floor":[115,190,205,218,230,230,230,9,9,42,42,42,42,62,62,160,160,178,178,6,21,21,56,87,103,103],"floor_reached":25,"language":"KOR","playtime":1099,"items_purged":["Strike_MRS","Defend_MRS"],"score":223,"play_id":"35e4f7de-1ca5-47b0-9788-8fead42817ce","local_time":"20210118181435","is_ascension_mode":false,"campfire_choices":[{"data":"SprinkleStarSeal","floor":6,"key":"SMITH"},{"data":"UnstableBomb","floor":15,"key":"SMITH"}],"circlet_count":0,"master_deck":["Strike_MRS+1","Strike_MRS","Defend_MRS","Defend_MRS","Defend_MRS","MasterSpark+1","UpSweep","UnstableBomb+1","SprinkleStarSeal+1","NonDirectionalLaser","DoubleSpark","SporeBomb","MachineGunSpark","BinaryStars","DoubleSpark+1","AsteroidBelt","LuminesStrike","DC","Robbery","GravityBeat+1"],"relics":["MiniHakkero","Whetstone","Bottled Lightning","Meat on the Bone","Calipers","Philosopher\u0027s Stone","Lantern"],"acts_visited":["Exordium","TheCity"],"potions_floor_usage":[23],"damage_taken":[{"damage":2,"enemies":"2 Louse","floor":1,"turns":2},{"damage":4,"enemies":"Cultist","floor":3,"turns":3},{"damage":2,"enemies":"Small Slimes","floor":4,"turns":3},{"damage":6,"enemies":"Exordium Thugs","floor":5,"turns":4},{"damage":1,"enemies":"Gremlin Nob","floor":10,"turns":3},{"damage":4,"enemies":"3 Louse","floor":14,"turns":3},{"damage":14,"enemies":"Hexaghost","floor":16,"turns":9},{"damage":0,"enemies":"Chosen","floor":18,"turns":3},{"damage":3,"enemies":"Spheric Guardian","floor":21,"turns":3},{"damage":31,"enemies":"Slavers","floor":23,"turns":4},{"damage":8,"enemies":"Cultist and Chosen","floor":24,"turns":4},{"damage":8,"enemies":"Snecko","floor":25,"turns":4}],"seed_played":"-4446568144990648336","potions_obtained":[{"floor":1,"key":"Explosive Potion"},{"floor":16,"key":"Dexterity Potion"},{"floor":21,"key":"Ancient Potion"},{"floor":23,"key":"SkillPotion"},{"floor":25,"key":"Explosive Potion"}],"is_trial":false,"path_per_floor":["M","?","M","M","M","R","?","$","T","E","$","?","?","M","R","B",null,"M","?","$","M","?","E","M","M"],"character_chosen":"MARISA","items_purchased":["Whetstone","AsteroidBelt","LuminesStrike"],"campfire_rested":0,"item_purchase_floors":[8,20,20],"current_hp_per_floor":[73,66,62,60,54,54,54,54,54,53,53,46,43,39,39,37,75,75,61,61,58,58,39,43,47,47],"gold":103,"neow_bonus":"THREE_CARDS","is_daily":false,"chose_seed":false,"campfire_upgraded":2,"win_rate":0.0,"timestamp":1610961275,"path_taken":["M","?","M","?","M","R","?","$","T","E","$","?","?","?","R","BOSS","M","?","$","M","?","E","?","M"],"items_purchased_type":["Relic","Card","Card"],"build_version":"2020-12-22","purchased_purges":2,"victory":false,"max_hp_per_floor":[75,75,75,75,75,75,75,75,75,75,75,75,75,75,75,75,75,75,80,80,80,80,80,80,80,80],"card_choices":[{"not_picked":["SprinkleStarSeal","Orbital"],"picked":"UnstableBomb","floor":0},{"not_picked":["OpenUniverse","6A"],"picked":"SprinkleStarSeal","floor":1},{"not_picked":["Orbital","GrandCross"],"picked":"NonDirectionalLaser","floor":3},{"not_picked":["WitchLeyline","Singularity"],"picked":"DoubleSpark","floor":4},{"not_picked":["EnergyRecoil","ChargeUpSpray"],"picked":"SporeBomb","floor":5},{"not_picked":["SprinkleStarSeal","IllusionStar","WitchLeyline"],"picked":"SKIP","floor":10},{"not_picked":["GravityBeat","StarlightTyphoon"],"picked":"MachineGunSpark","floor":14},{"not_picked":["JA","EscapeVelocity"],"picked":"BinaryStars","floor":16},{"not_picked":["NonDirectionalLaser","IllusionStar"],"picked":"DoubleSpark+1","floor":18},{"not_picked":["6A","Acceleration"],"picked":"DC","floor":21},{"not_picked":["AsteroidBelt","UnstableBomb"],"picked":"Robbery","floor":23},{"not_picked":["AlicesGift","SporeBomb"],"picked":"GravityBeat+1","floor":24}],"player_experience":184544,"relics_obtained":[{"floor":9,"key":"Bottled Lightning"},{"floor":10,"key":"Meat on the Bone"},{"floor":23,"key":"Lantern"}],"event_choices":[{"damage_healed":0,"gold_gain":75,"player_choice":"Touch","damage_taken":7,"max_hp_gain":0,"max_hp_loss":0,"event_name":"FaceTrader","floor":2,"gold_loss":0},{"damage_healed":0,"gold_gain":0,"player_choice":"Ignored","damage_taken":0,"max_hp_gain":0,"max_hp_loss":0,"event_name":"Golden Idol","floor":7,"gold_loss":0},{"cards_removed":["Strike_MRS"],"damage_healed":0,"gold_gain":0,"player_choice":"Card Removal","damage_taken":7,"max_hp_gain":0,"max_hp_loss":0,"event_name":"Golden Wing","floor":12,"gold_loss":0},{"damage_healed":0,"gold_gain":0,"player_choice":"Success","damage_taken":3,"relics_obtained":["Calipers"],"max_hp_gain":0,"max_hp_loss":0,"event_name":"Scrap Ooze","floor":13,"gold_loss":0},{"damage_healed":0,"gold_gain":0,"player_choice":"Shed Blood","damage_taken":19,"max_hp_gain":5,"max_hp_loss":0,"event_name":"Forgotten Altar","floor":19,"gold_loss":0}],"is_beta":false,"boss_relics":[{"not_picked":["Ectoplasm","Cursed Key"],"picked":"Philosopher\u0027s Stone"}],"items_purged_floors":[8,20],"is_endless":false,"potions_floor_spawned":[1,16,21,23,25],"killed_by":"Snecko","ascension_level":0}}