{"host":"k7udt7atmcuzf6l0","time":1610962736,"event":{"mods":["AchievementEnabler","BaseMod","Colored Map","Colored Powertips","Highlight Path","Minty Spire (QoL Compilation)","Quick Restart","Rare Cards Sparkle","StSLib","UnlockEverythingMod"],"gold_per_floor":[118,293,3,19,19,19,62,62,112,124,136,171,214,239,251,392,404,440,452,379,410,422,472,484,517,552,564,298,337,350,366,366,489,489,513,53,114,135,153,153,174,215,215,215,0,38,38,54,54,54],"floor_reached":51,"language":"ZHT","playtime":1463,"items_purged":["Doubt"],"score":928,"play_id":"d88bdd3d-5bfb-4b78-aa74-2d4a2afde966","local_time":"20210118173856","is_ascension_mode":false,"campfire_choices":[{"data":"Flex","floor":6.0,"key":"SMITH"},{"data":"Battle Trance","floor":8.0,"key":"SMITH"},{"data":"Anger","floor":10.0,"key":"SMITH"},{"data":"Feed","floor":15.0,"key":"SMITH"},{"data":"Berserk","floor":24,"key":"SMITH"},{"data":"Seeing Red","floor":27,"key":"SMITH"},{"floor":32,"key":"REST"},{"floor":40,"key":"REST"},{"floor":47,"key":"REST"},{"data":"Double Tap","floor":49,"key":"SMITH"}],"circlet_count":0,"master_deck":["Strike_R","Strike_R","Strike_R","Strike_R","Strike_R","Defend_R","Defend_R","Defend_R","Bash","Anger+1","Battle Trance+1","Flex+1","Feed+1","Berserk+1","Armaments+1","Shrug It Off+1","Sword Boomerang","Seeing Red+1","Cleave","Battle Trance","Bloodletting+1","Shockwave","Spot Weakness","Feed+1","Warcry","Berserk+1","Inflame","Body Slam+1","Master of Strategy","Double Tap+1","Whirlwind+1","Heavy Blade+1","Warcry+1","Burning Pact+1","Clash+1","Thunderclap+1","Master of Strategy+1","Uppercut+1","Pommel Strike+1","True Grit+1"],"relics":["Burning Blood","NeowsBlessing","Membership Card","Dream Catcher","Golden Idol","InkBottle","MawBank","Ancient Tea Set","Black Star","Akabeko","Juzu Bracelet","Mummified Hand","Smiling Mask","Centennial Puzzle","Omamori","OrangePellets","Pantograph","Molten Egg 2","SlaversCollar","Prayer Wheel","DollysMirror","Happy Flower","Lizard Tail","Pen Nib","Vajra","Toxic Egg 2","Red Mask","MealTicket","Regal Pillow"],"acts_visited":["Exordium","TheCity","TheBeyond"],"potions_floor_usage":[23,25,29,33,50,50],"damage_taken":[{"damage":0.0,"enemies":"Jaw Worm","floor":1.0,"turns":1.0},{"damage":0.0,"enemies":"Small Slimes","floor":4.0,"turns":1.0},{"damage":0.0,"enemies":"Lagavulin","floor":7.0,"turns":1.0},{"damage":0.0,"enemies":"Cultist","floor":12.0,"turns":3.0},{"damage":5.0,"enemies":"Gremlin Nob","floor":13.0,"turns":3.0},{"damage":9.0,"enemies":"Large Slime","floor":14.0,"turns":4.0},{"damage":38.0,"enemies":"Slime Boss","floor":16.0,"turns":11.0},{"damage":25.0,"enemies":"2 Thieves","floor":18.0,"turns":3.0},{"damage":3.0,"enemies":"3 Byrds","floor":21.0,"turns":3.0},{"damage":66,"enemies":"Slavers","floor":23,"turns":7},{"damage":10,"enemies":"Centurion and Healer","floor":25,"turns":4},{"damage":19,"enemies":"Book of Stabbing","floor":29,"turns":3},{"damage":5,"enemies":"Shelled Parasite and Fungi","floor":30,"turns":3},{"damage":0,"enemies":"Snecko","floor":31,"turns":3},{"damage":17,"enemies":"Automaton","floor":33,"turns":6},{"damage":0,"enemies":"3 Shapes","floor":35,"turns":5},{"damage":73,"enemies":"2 Orb Walkers","floor":37,"turns":6},{"damage":36,"enemies":"Orb Walker","floor":38,"turns":4},{"damage":3,"enemies":"4 Shapes","floor":39,"turns":2},{"damage":7,"enemies":"Jaw Worm Horde","floor":41,"turns":3},{"damage":13,"enemies":"Nemesis","floor":42,"turns":3},{"damage":7,"enemies":"Giant Head","floor":46,"turns":5},{"damage":10,"enemies":"Writhing Mass","floor":48,"turns":2},{"damage":44,"enemies":"Awakened One","floor":50,"turns":5}],"seed_played":"-2711113002303500062","potions_obtained":[{"floor":12.0,"key":"SpeedPotion"},{"floor":13.0,"key":"Block Potion"},{"floor":16.0,"key":"LiquidBronze"},{"floor":21.0,"key":"SteroidPotion"},{"floor":23,"key":"BloodPotion"},{"floor":31,"key":"DistilledChaos"},{"floor":35,"key":"Ancient Potion"},{"floor":37,"key":"Energy Potion"},{"floor":46,"key":"SteroidPotion"},{"floor":48,"key":"Swift Potion"}],"is_trial":false,"path_per_floor":["M","?","$","M","?","R","E","R","T","R","?","M","E","M","R","B",null,"M","?","?","M","?","E","R","M","T","R","$","E","M","M","R","B",null,"M","$","?","M","M","R","M","E","T","?","?","E","R","M","R","B",null],"character_chosen":"IRONCLAD","items_purchased":["Membership Card","Battle Trance","Dream Catcher","Centennial Puzzle","Omamori","OrangePellets","Cleave","Dexterity Potion","Prayer Wheel","DollysMirror","Happy Flower","Inflame","Body Slam+1","Master of Strategy"],"campfire_rested":3,"item_purchase_floors":[3,3,3,28,28,28,28,28,36,36,36,36,36,36],"current_hp_per_floor":[80,80,80,80,60,60,66,66,66,66,66,72,73,73,73,45,87,72,54,54,61,94,38,38,58,58,58,58,49,54,64,100,109,120,124,124,61,35,42,82,81,78,78,78,78,77,134,130,130,102],"gold":54,"neow_bonus":"THREE_ENEMY_KILL","is_daily":false,"chose_seed":false,"campfire_upgraded":7,"win_rate":0.0,"timestamp":1610962736,"path_taken":["M","?","$","M","?","R","E","R","T","R","?","?","E","M","R","BOSS","M","?","?","M","?","E","R","M","T","R","$","E","M","M","R","BOSS","M","$","?","M","M","R","M","E","T","?","?","E","R","M","R","BOSS"],"items_purchased_type":["Relic","Card","Relic","Relic","Relic","Relic","Card","Potion","Relic","Relic","Relic","Card","Card","Card"],"build_version":"2020-12-22","purchased_purges":1,"victory":true,"max_hp_per_floor":[80,80,80,80,80,80,80,80,80,80,80,80,80,83,83,87,87,91,96,96,100,100,104,104,108,108,108,108,112,116,120,120,120,120,124,124,128,132,136,136,136,140,140,140,140,140,140,140,140,140],"card_choices":[{"not_picked":["Perfected Strike","Blood for Blood"],"picked":"Anger","floor":1.0},{"not_picked":["Havoc","Anger"],"picked":"Flex","floor":4.0},{"not_picked":["Combust","Heavy Blade","Wild Strike"],"picked":"SKIP","floor":7.0},{"not_picked":["True Grit","Havoc"],"picked":"Feed","floor":12.0},{"not_picked":["Clothesline","Uppercut","Havoc"],"picked":"SKIP","floor":13.0},{"not_picked":["Combust","Second Wind","Clothesline"],"picked":"SKIP","floor":14.0},{"not_picked":["Fiend Fire","Exhume"],"picked":"Berserk","floor":16.0},{"not_picked":["Infernal Blade","Wild Strike+1"],"picked":"Armaments+1","floor":18.0},{"not_picked":["Sentinel+1","Burning Pact"],"picked":"Shrug It Off+1","floor":21.0},{"not_picked":["Disarm","Hemokinesis"],"picked":"Sword Boomerang","floor":23},{"not_picked":["Power Through+1","Armaments"],"picked":"Seeing Red","floor":25},{"not_picked":["Metallicize","Anger+1"],"picked":"Battle Trance","floor":29},{"not_picked":["True Grit+1","Headbutt+1"],"picked":"Bloodletting+1","floor":30},{"not_picked":["Shrug It Off+1","Iron Wave+1"],"picked":"Shockwave","floor":31},{"not_picked":["Anger+1","Rage"],"picked":"Spot Weakness","floor":32},{"not_picked":["Impervious","Fiend Fire+1"],"picked":"Feed+1","floor":33},{"not_picked":["Armaments","Flex"],"picked":"Warcry","floor":35},{"not_picked":["Headbutt+1","Dropkick+1"],"picked":"Double Tap","floor":37},{"not_picked":["Dark Embrace+1","Heavy Blade+1"],"picked":"Whirlwind+1","floor":38},{"not_picked":["Evolve","Searing Blow+1"],"picked":"Heavy Blade+1","floor":38},{"not_picked":["Dual Wield","Battle Trance+1"],"picked":"Warcry+1","floor":39},{"not_picked":["Flex","Combust"],"picked":"Burning Pact+1","floor":39},{"not_picked":["Armaments","Warcry+1"],"picked":"Clash+1","floor":40},{"not_picked":["Heavy Blade+1","Warcry","Disarm"],"picked":"SKIP","floor":41},{"not_picked":["Anger+1","Reckless Charge+1","Power Through"],"picked":"SKIP","floor":41},{"not_picked":["Hemokinesis+1","Blood for Blood+1"],"picked":"Thunderclap+1","floor":42},{"not_picked":["Shrug It Off+1","Clothesline+1"],"picked":"Uppercut+1","floor":46},{"not_picked":["Headbutt+1","Anger+1"],"picked":"Pommel Strike+1","floor":47},{"not_picked":["Anger+1","Metallicize"],"picked":"True Grit+1","floor":48},{"not_picked":["Heavy Blade+1","Carnage+1","Feel No Pain+1"],"picked":"SKIP","floor":48}],"player_experience":81337,"relics_obtained":[{"floor":7.0,"key":"InkBottle"},{"floor":9.0,"key":"MawBank"},{"floor":13.0,"key":"Ancient Tea Set"},{"floor":23,"key":"Juzu Bracelet"},{"floor":23,"key":"Mummified Hand"},{"floor":26,"key":"Smiling Mask"},{"floor":29,"key":"Pantograph"},{"floor":29,"key":"Molten Egg 2"},{"floor":37,"key":"Lizard Tail"},{"floor":42,"key":"Pen Nib"},{"floor":42,"key":"Vajra"},{"floor":43,"key":"Toxic Egg 2"},{"floor":46,"key":"MealTicket"},{"floor":46,"key":"Regal Pillow"}],"event_choices":[{"damage_healed":0.0,"max_hp_gain":0.0,"max_hp_loss":0.0,"gold_gain":175.0,"event_name":"Liars Game","player_choice":"AGREE","floor":2.0,"gold_loss":0.0,"damage_taken":0.0,"cards_obtained":["Doubt"]},{"damage_healed":0.0,"max_hp_gain":0.0,"max_hp_loss":0.0,"gold_gain":0.0,"event_name":"Golden Idol","player_choice":"Take Damage","floor":5.0,"gold_loss":0.0,"damage_taken":20.0,"relics_obtained":["Golden Idol"]},{"cards_removed":["Defend_R"],"damage_healed":0.0,"max_hp_gain":0.0,"max_hp_loss":0.0,"gold_gain":0.0,"event_name":"Bonfire Elementals","player_choice":"Offered Basic","floor":11.0,"gold_loss":0.0,"damage_taken":0.0},{"damage_healed":0.0,"max_hp_gain":5.0,"max_hp_loss":0.0,"gold_gain":0.0,"event_name":"Forgotten Altar","player_choice":"Shed Blood","floor":19.0,"gold_loss":0.0,"damage_taken":23.0},{"damage_healed":0.0,"max_hp_gain":0.0,"max_hp_loss":0.0,"gold_gain":0.0,"event_name":"Addict","player_choice":"Obtained Relic","floor":20.0,"gold_loss":85.0,"damage_taken":0.0,"relics_obtained":["Akabeko"]},{"damage_healed":33,"gold_gain":0,"player_choice":"Heal","damage_taken":0,"max_hp_gain":0,"max_hp_loss":0,"event_name":"The Library","floor":22,"gold_loss":0},{"damage_healed":0,"gold_gain":0,"player_choice":"Fight","damage_taken":0,"max_hp_gain":0,"max_hp_loss":0,"event_name":"Mysterious Sphere","floor":37,"gold_loss":0},{"damage_healed":0,"gold_gain":0,"player_choice":"Copied","damage_taken":0,"max_hp_gain":0,"max_hp_loss":0,"event_name":"Duplicator","floor":44,"gold_loss":0,"cards_obtained":["Master of Strategy"]},{"damage_healed":0,"gold_gain":0,"player_choice":"Paid","damage_taken":0,"relics_obtained":["Red Mask"],"max_hp_gain":0,"max_hp_loss":0,"event_name":"Tomb of Lord Red Mask","floor":45,"gold_loss":215}],"is_beta":false,"boss_relics":[{"not_picked":["Runic Dome","Fusion Hammer"],"picked":"Black Star"},{"not_picked":["Busted Crown","Astrolabe"],"picked":"SlaversCollar"}],"items_purged_floors":[3],"is_endless":false,"potions_floor_spawned":[12,13,16,21,23,31,35,37,46,48],"ascension_level":0}}