{"host":"u9xtr94typ21duox","time":1610979219,"event":{"mods":["BaseMod","Key Reminder","KinomotoSakuraMod(木之本樱)","LagranYue(拉格朗・月)","Marisa（F雨　魔理沙）","Minty Spire (QoL Compilation)","Reimu（博丽灵梦）","Remilia（蕾米莉亚）","Replay The Spire","StSLib","Td1madao Mod","The Administrix","The Bladedancer","The Bug Knight","The Construct","The Cursed","The Gatherer","The Runesmith","The Servant 0.9.4","WarShipGirlsR/战舰少女R mod","Youmu（魂魄妖梦）","vexMod"],"gold_per_floor":[111,386,398,411,421,421,173,197,197,197,127,152,168,202,202,306,306,322,342,357,144,221,221,4,39,114,132,162,162,162],"floor_reached":29,"language":"ZHS","playtime":1521,"items_purged":["Regret","Strike_R","Strike_R"],"score":328,"play_id":"63f616e9-803f-48cc-9837-b4847c62619d","local_time":"20210118221339","is_ascension_mode":true,"campfire_choices":[{"data":"Bash","floor":6,"key":"SMITH"},{"data":"Armaments","floor":10,"key":"SMITH"},{"data":"Armaments","floor":10,"key":"SMITH"},{"data":"Barricade","floor":23,"key":"SMITH"},{"data":"Body Slam","floor":23,"key":"SMITH"}],"circlet_count":0,"master_deck":["Strike_R","Strike_R","Strike_R","Defend_R","Defend_R","Defend_R","Defend_R","Bash+1","Shrug It Off+1","Finesse","Armaments+1","Armaments+1","Iron Wave","Body Slam+1","Barricade+1","Body Slam","Shrug It Off","Shrug It Off","Metallicize"],"relics":["Burning Blood","LagranYue:RandomDrawCardRelic","Membership Card","Odd Mushroom","Replay:Arrowhead","Replay:Multitool","Potion Belt","Velvet Choker","Medical Kit","Omamori","keyreminder:keyreminder","Meat on the Bone","Oddly Smooth Stone","Bottled Tornado","vexMod:HeadHunter","GreatHeart"],"acts_visited":["Exordium","TheCity"],"potions_floor_usage":[12,16,25],"damage_taken":[{"damage":2,"enemies":"2 Louse","floor":1,"turns":4},{"damage":5,"enemies":"Cultist","floor":3,"turns":4},{"damage":3,"enemies":"Small Slimes","floor":4,"turns":3},{"damage":36,"enemies":"Gremlin Gang","floor":5,"turns":8},{"damage":37,"enemies":"The Mushroom Lair","floor":8,"turns":10},{"damage":25,"enemies":"Gremlin Nob","floor":12,"turns":5},{"damage":0,"enemies":"Lots of Slimes","floor":13,"turns":5},{"damage":5,"enemies":"3 Sentries","floor":14,"turns":13},{"damage":39,"enemies":"Slime Boss","floor":16,"turns":19},{"damage":11,"enemies":"3 Byrds","floor":18,"turns":5},{"damage":9,"enemies":"Shell Parasite","floor":19,"turns":4},{"damage":20,"enemies":"Centurion and Healer","floor":20,"turns":9},{"damage":6,"enemies":"Gremlin Leader","floor":25,"turns":6},{"damage":0,"enemies":"Snecko","floor":27,"turns":7},{"damage":8,"enemies":"Book of Stabbing","floor":28,"turns":6}],"seed_played":"6996500786535594921","potions_obtained":[{"floor":3,"key":"Milkshake"},{"floor":4,"key":"ZuzhouPotion:ReiMu"},{"floor":13,"key":"ElixirPotion"},{"floor":14,"key":"LifebloodPotion"},{"floor":18,"key":"MagicPotion:ReiMu"},{"floor":27,"key":"GamblersBrew"}],"is_trial":false,"path_per_floor":["M","?","M","M","M","R","$","?","T","R","?","E","M","E","R","B",null,"M","M","M","$","T","R","$","E","T","M","E","?"],"character_chosen":"IRONCLAD","items_purchased":["Membership Card","Finesse","Armaments","Medical Kit","Omamori","Shrug It Off","Metallicize","Meat on the Bone"],"campfire_rested":0,"item_purchase_floors":[7,7,7,21,21,21,24,24],"current_hp_per_floor":[88,88,88,88,58,58,58,27,27,27,27,8,14,15,41,8,88,83,80,66,66,66,66,66,66,66,72,70,70,70],"gold":162,"neow_bonus":"TEN_PERCENT_HP_BONUS","is_daily":false,"chose_seed":false,"campfire_upgraded":5,"win_rate":0.0,"timestamp":1610979219,"path_taken":["M","?","M","M","?","R","$","?","T","R","?","E","M","E","R","BOSS","M","M","?","$","?","R","$","E","T","M","E","?"],"items_purchased_type":["Relic","Card","Card","Relic","Relic","Card","Card","Relic"],"build_version":"2020-12-22","purchased_purges":3,"victory":false,"max_hp_per_floor":[88,88,88,88,88,88,88,88,88,88,88,88,88,88,88,88,88,88,88,88,88,88,88,88,88,88,88,88,88,88],"card_choices":[{"not_picked":["Cleave","True Grit"],"picked":"Shrug It Off","floor":1},{"not_picked":["Heavy Blade","Thunderclap","Cleave"],"picked":"SKIP","floor":3},{"not_picked":["Replay:Undeath\u0027s Touch","Perfected Strike","Heavy Blade"],"picked":"SKIP","floor":4},{"not_picked":["True Grit","Heavy Blade","Bloodletting"],"picked":"SKIP","floor":5},{"not_picked":["Thunderclap","Heavy Blade"],"picked":"Iron Wave","floor":8},{"not_picked":[],"picked":"Body Slam","floor":11},{"not_picked":[],"picked":"Barricade","floor":11},{"not_picked":["Replay:Undeath\u0027s Touch","Searing Blow","Life Link"],"picked":"SKIP","floor":12},{"not_picked":["Replay:Undeath\u0027s Touch","Searing Blow","Life Link"],"picked":"SKIP","floor":12},{"not_picked":["Heavy Blade","Feel No Pain","Armaments"],"picked":"SKIP","floor":13},{"not_picked":["Power Through","Heavy Blade"],"picked":"Body Slam","floor":14},{"not_picked":["Sword Boomerang","Searing Blow","Clash"],"picked":"SKIP","floor":18},{"not_picked":["Wild Strike+1","Clash+1","Spot Weakness"],"picked":"SKIP","floor":19},{"not_picked":["Second Wind+1","Thunderclap"],"picked":"Shrug It Off","floor":20},{"not_picked":["Perfected Strike","Clothesline","Hemokinesis"],"picked":"SKIP","floor":25},{"not_picked":["ReplayTheSpireMod:Limb From Limb+1","Iron Wave","Dark Embrace"],"picked":"SKIP","floor":27},{"not_picked":["Sever Soul+1","ReplayTheSpireMod:Muscle Training","Dark Embrace+1"],"picked":"SKIP","floor":28}],"player_experience":314582,"relics_obtained":[{"floor":8,"key":"Odd Mushroom"},{"floor":9,"key":"Replay:Arrowhead"},{"floor":12,"key":"Replay:Multitool"},{"floor":14,"key":"Potion Belt"},{"floor":25,"key":"Oddly Smooth Stone"},{"floor":26,"key":"Bottled Tornado"},{"floor":28,"key":"vexMod:HeadHunter"}],"event_choices":[{"damage_healed":0,"gold_gain":275,"player_choice":"Desecrate","damage_taken":0,"max_hp_gain":0,"max_hp_loss":0,"event_name":"Golden Shrine","floor":2,"gold_loss":0,"cards_obtained":["Regret"]},{"damage_healed":0,"gold_gain":0,"player_choice":"Fought Mushrooms","damage_taken":0,"max_hp_gain":0,"max_hp_loss":0,"event_name":"Mushrooms","floor":8,"gold_loss":0}],"is_beta":false,"boss_relics":[{"not_picked":["SacredBark","vexMod:FluxCapacitor"],"picked":"Velvet Choker"}],"items_purged_floors":[7,21,24],"is_endless":false,"potions_floor_spawned":[3,4,13,14,18,27],"ascension_level":2}}