{"host":"s8ccp9jw4vzp58l1","time":1610982294,"event":{"mods":["BaseMod","Colored Map","Colored Powertips","Minty Spire (QoL Compilation)","Relic Stats"],"gold_per_floor":[119,133,149,167,167,200,217,61,61,61,89,106,70,82,82,184,184,200,220,106,106,106,106,121,136,136,136,136,166,180,80,80,180,180,196,211,226,226,226,259,272,296,371,371,423,423,423,435,435,435,435],"floor_reached":50,"language":"ENG","playtime":4911,"items_purged":["Strike_R","Strike_R"],"score":604,"play_id":"f63cba5b-3680-4757-b7a1-e5ea1106beca","local_time":"20210118090454","is_ascension_mode":false,"campfire_choices":[{"data":"Armaments","floor":10,"key":"SMITH"},{"data":"Cleave","floor":15,"key":"SMITH"},{"floor":23,"key":"REST"},{"data":"Bash","floor":27,"key":"SMITH"},{"floor":32,"key":"REST"},{"floor":44,"key":"REST"},{"data":"1","floor":49,"key":"LIFT"}],"circlet_count":0,"master_deck":["Strike_R","Strike_R","Strike_R","Defend_R","Defend_R","Defend_R","Defend_R","Bash+1","Cleave+1","Clash","Pommel Strike","Flex","Anger","Armaments+1","Pommel Strike","Inflame","Blood for Blood","Double Tap","CurseOfTheBell","Shrug It Off","Ghostly Armor","Reaper","Clothesline+1","Headbutt","Headbutt","Pommel Strike+1","Barricade","Heavy Blade+1","Iron Wave+1","Forethought","Discovery","The Bomb","Madness","Madness","Anger+1","Anger","Rage+1","Shockwave","Iron Wave","Anger+1"],"relics":["Burning Blood","Blood Vial","Juzu Bracelet","ClockworkSouvenir","Mercury Hourglass","Pantograph","Calling Bell","Omamori","Sundial","Mango","Nilry\u0027s Codex","Kunai","Pear","White Beast Statue","Sozu","Strawberry","Oddly Smooth Stone","HornCleat","Girya"],"acts_visited":["Exordium","TheCity","TheBeyond"],"potions_floor_usage":[6,11,16,18,19,25,29,30,33,33,40],"damage_taken":[{"damage":2,"enemies":"2 Louse","floor":1,"turns":4},{"damage":1,"enemies":"Cultist","floor":2,"turns":3},{"damage":11,"enemies":"Jaw Worm","floor":3,"turns":2},{"damage":9,"enemies":"3 Louse","floor":4,"turns":2},{"damage":26,"enemies":"Gremlin Nob","floor":6,"turns":4},{"damage":10,"enemies":"Looter","floor":7,"turns":2},{"damage":17,"enemies":"3 Sentries","floor":11,"turns":4},{"damage":7,"enemies":"Blue Slaver","floor":12,"turns":2},{"damage":1,"enemies":"2 Fungi Beasts","floor":14,"turns":3},{"damage":29,"enemies":"The Guardian","floor":16,"turns":9},{"damage":15,"enemies":"3 Byrds","floor":18,"turns":3},{"damage":10,"enemies":"Spheric Guardian","floor":19,"turns":4},{"damage":25,"enemies":"Snake Plant","floor":24,"turns":5},{"damage":4,"enemies":"Snecko","floor":25,"turns":3},{"damage":43,"enemies":"Book of Stabbing","floor":29,"turns":6},{"damage":16,"enemies":"Centurion and Healer","floor":30,"turns":8},{"damage":105,"enemies":"Automaton","floor":33,"turns":11},{"damage":25,"enemies":"3 Darklings","floor":35,"turns":5},{"damage":5,"enemies":"3 Shapes","floor":36,"turns":5},{"damage":12,"enemies":"Spire Growth","floor":37,"turns":6},{"damage":43,"enemies":"Giant Head","floor":40,"turns":8},{"damage":20,"enemies":"Transient","floor":41,"turns":5},{"damage":95,"enemies":"2 Orb Walkers","floor":45,"turns":6},{"damage":20,"enemies":"Jaw Worm Horde","floor":48,"turns":6},{"damage":136,"enemies":"Donu and Deca","floor":50,"turns":8}],"seed_played":"-5327788162649810191","potions_obtained":[{"floor":5,"key":"Strength Potion"},{"floor":5,"key":"BlessingOfTheForge"},{"floor":5,"key":"BloodPotion"},{"floor":6,"key":"BlessingOfTheForge"},{"floor":7,"key":"Energy Potion"},{"floor":14,"key":"Energy Potion"},{"floor":16,"key":"Explosive Potion"},{"floor":18,"key":"DuplicationPotion"},{"floor":25,"key":"Fruit Juice"},{"floor":29,"key":"EssenceOfSteel"},{"floor":30,"key":"Explosive Potion"},{"floor":33,"key":"DistilledChaos"}],"is_trial":false,"path_per_floor":["M","M","M","M","?","E","M","$","T","R","E","M","$","M","R","B",null,"M","M","$","?","?","R","M","M","T","R","?","E","M","$","R","B",null,"M","M","M","?","?","E","M","T","T","R","?","?","?","M","R","B"],"character_chosen":"IRONCLAD","items_purchased":["ClockworkSouvenir","Inflame","Ghostly Armor"],"campfire_rested":3,"item_purchase_floors":[8,13,20],"current_hp_per_floor":[80,80,75,74,74,72,70,70,70,70,61,62,62,69,69,57,94,85,83,83,67,67,94,75,84,94,94,94,63,67,67,99,10,109,90,105,109,99,85,66,54,54,54,88,13,116,116,114,114,0,0],"gold":435,"neow_bonus":"RANDOM_COMMON_RELIC","is_daily":false,"chose_seed":false,"campfire_upgraded":3,"win_rate":0.0,"timestamp":1610982294,"path_taken":["M","M","M","M","?","E","M","?","T","R","E","M","?","M","R","BOSS","M","M","$","?","?","R","M","M","T","R","?","E","M","?","R","BOSS","M","M","M","?","?","E","M","?","T","R","?","?","?","M","R","BOSS"],"items_purchased_type":["Relic","Card","Card"],"build_version":"2020-12-22","purchased_purges":2,"victory":false,"max_hp_per_floor":[80,80,80,80,80,80,80,80,80,80,80,80,80,80,80,80,94,94,94,94,94,94,94,94,99,109,109,109,109,109,109,109,109,109,109,109,109,109,109,116,116,116,116,116,116,116,116,116,116,116,116],"relic_stats":{"Blood Vial":30,"Sozu":7,"counters":[25,123],"Sundial":[4],"Pantograph":23,"Juzu Bracelet":0,"Kunai":[39],"obtain_stats":[{"Girya":45,"Pear":26,"Nilry\u0027s Codex":21,"Oddly Smooth Stone":42,"Mango":17,"Juzu Bracelet":6,"Omamori":17,"Burning Blood":0,"White Beast Statue":29,"ClockworkSouvenir":8,"Mercury Hourglass":9,"Blood Vial":0,"Calling Bell":17,"Sozu":34,"HornCleat":43,"Sundial":17,"Pantograph":11,"Strawberry":40,"Kunai":22},{"Girya":23,"Pear":14,"Nilry\u0027s Codex":12,"Oddly Smooth Stone":22,"Mango":10,"Juzu Bracelet":5,"Omamori":10,"Burning Blood":0,"White Beast Statue":15,"ClockworkSouvenir":6,"Mercury Hourglass":6,"Blood Vial":0,"Calling Bell":10,"Sozu":17,"HornCleat":22,"Sundial":10,"Pantograph":7,"Strawberry":21,"Kunai":12},{"Girya":109,"Pear":49,"Nilry\u0027s Codex":41,"Oddly Smooth Stone":103,"Mango":34,"Juzu Bracelet":15,"Omamori":34,"Burning Blood":0,"White Beast Statue":55,"ClockworkSouvenir":17,"Mercury Hourglass":17,"Blood Vial":0,"Calling Bell":34,"Sozu":74,"HornCleat":103,"Sundial":34,"Pantograph":21,"Strawberry":98,"Kunai":41}],"Burning Blood":133,"Mercury Hourglass":[394]},"card_choices":[{"not_picked":["Flex","Dual Wield"],"picked":"Cleave","floor":1},{"not_picked":["Shockwave","Havoc"],"picked":"Clash","floor":2},{"not_picked":["Blood for Blood","Havoc"],"picked":"Pommel Strike","floor":3},{"not_picked":["Body Slam","Whirlwind"],"picked":"Flex","floor":4},{"not_picked":["Clothesline","Exhume"],"picked":"Anger","floor":6},{"not_picked":["Flex","Havoc"],"picked":"Armaments","floor":7},{"not_picked":["Reckless Charge","Power Through"],"picked":"Pommel Strike","floor":11},{"not_picked":["Flex","Carnage","Feel No Pain"],"picked":"SKIP","floor":12},{"not_picked":["Clash","Thunderclap"],"picked":"Blood for Blood","floor":14},{"not_picked":["Juggernaut","Feed"],"picked":"Double Tap","floor":16},{"not_picked":["Pummel+1","Burning Pact","Wild Strike"],"picked":"SKIP","floor":18},{"not_picked":["Twin Strike","Thunderclap+1"],"picked":"Shrug It Off","floor":19},{"not_picked":["Hemokinesis","Rupture"],"picked":"Reaper","floor":24},{"not_picked":["Havoc","Evolve"],"picked":"Clothesline+1","floor":25},{"not_picked":["Feel No Pain+1","Twin Strike"],"picked":"Headbutt","floor":29},{"not_picked":["Havoc","Flex"],"picked":"Pommel Strike+1","floor":30},{"not_picked":["Feed","Impervious"],"picked":"Barricade","floor":33},{"not_picked":["Dark Embrace","Sever Soul","Entrench"],"picked":"SKIP","floor":35},{"not_picked":["Headbutt+1","Body Slam"],"picked":"Heavy Blade+1","floor":36},{"not_picked":["Flex+1","Reaper"],"picked":"Iron Wave+1","floor":37},{"not_picked":["Good Instincts","Bandage Up"],"picked":"Forethought","floor":38},{"not_picked":["Purity","Chrysalis"],"picked":"Discovery","floor":38},{"not_picked":["Deep Breath","HandOfGreed"],"picked":"The Bomb","floor":38},{"not_picked":["Sentinel","Clothesline+1"],"picked":"Anger+1","floor":40},{"not_picked":["Dropkick+1","Rage"],"picked":"Anger","floor":41},{"not_picked":["Clothesline","Headbutt"],"picked":"Rage+1","floor":45},{"not_picked":["Second Wind+1","Bloodletting+1"],"picked":"Anger+1","floor":48}],"player_experience":124482,"relics_obtained":[{"floor":6,"key":"Juzu Bracelet"},{"floor":9,"key":"Mercury Hourglass"},{"floor":11,"key":"Pantograph"},{"floor":17,"key":"Omamori"},{"floor":17,"key":"Sundial"},{"floor":17,"key":"Mango"},{"floor":21,"key":"Nilry\u0027s Codex"},{"floor":26,"key":"Pear"},{"floor":29,"key":"White Beast Statue"},{"floor":40,"key":"Strawberry"},{"floor":42,"key":"Oddly Smooth Stone"},{"floor":43,"key":"HornCleat"},{"floor":45,"key":"Girya"}],"event_choices":[{"damage_healed":0,"gold_gain":0,"player_choice":"Got Potions","damage_taken":0,"max_hp_gain":0,"max_hp_loss":0,"event_name":"Lab","floor":5,"gold_loss":0},{"damage_healed":0,"gold_gain":0,"player_choice":"Obtained Book","damage_taken":16,"max_hp_gain":0,"max_hp_loss":0,"event_name":"Cursed Tome","floor":21,"gold_loss":0},{"damage_healed":0,"gold_gain":0,"player_choice":"Stole Relic","damage_taken":0,"relics_obtained":["Kunai"],"max_hp_gain":0,"max_hp_loss":0,"event_name":"Addict","floor":22,"gold_loss":0,"cards_obtained":["Shame"]},{"damage_healed":0,"gold_gain":0,"player_choice":"Read","damage_taken":0,"max_hp_gain":0,"max_hp_loss":0,"event_name":"The Library","floor":28,"gold_loss":0,"cards_obtained":["Headbutt"]},{"damage_healed":0,"gold_gain":0,"player_choice":"Memory 3","damage_taken":10,"max_hp_gain":0,"max_hp_loss":0,"event_name":"SensoryStone","floor":38,"gold_loss":0},{"damage_healed":0,"gold_gain":0,"player_choice":"Embrace Madness","damage_taken":14,"max_hp_gain":0,"max_hp_loss":0,"event_name":"Winding Halls","floor":39,"gold_loss":0,"cards_obtained":["Madness","Madness"]},{"damage_healed":0,"gold_gain":0,"player_choice":"Fight","damage_taken":0,"max_hp_gain":0,"max_hp_loss":0,"event_name":"Mysterious Sphere","floor":45,"gold_loss":0},{"damage_healed":103,"gold_gain":0,"player_choice":"Heal","damage_taken":0,"max_hp_gain":0,"max_hp_loss":0,"event_name":"MindBloom","floor":46,"gold_loss":0,"cards_obtained":["Doubt"]},{"damage_healed":0,"gold_gain":0,"player_choice":"2 cards matched","damage_taken":0,"max_hp_gain":0,"max_hp_loss":0,"event_name":"Match and Keep!","floor":47,"gold_loss":0,"cards_obtained":["Shockwave","Iron Wave"]}],"is_beta":false,"boss_relics":[{"not_picked":["Busted Crown","Black Star"],"picked":"Calling Bell"},{"not_picked":["Runic Dome","Tiny House"],"picked":"Sozu"}],"items_purged_floors":[20,31],"is_endless":false,"potions_floor_spawned":[6,7,14,16,18,25,29,30,33,35,36,37,40,41,45,48],"killed_by":"Donu and Deca","ascension_level":0}}