{"host":"mku5fdaoqz3qihec","time":1610942748,"event":{"mods":["2.2 Compatiblity","AchievementEnabler","Arknights The Spire","BaseMod","Colored Map","Colored Powertips","Minty Spire (QoL Compilation)","Rare Cards Sparkle","StSLib","SuperFastMode"],"gold_per_floor":[112,112,112,112,82,82,112,132,157,187,201,201,234,244,244,244,244],"floor_reached":16,"language":"KOR","playtime":375,"items_purged":[],"score":124,"play_id":"9d8e6087-bcc5-4929-8bd8-80759cab5479","local_time":"20210118130548","is_ascension_mode":true,"campfire_choices":[{"data":"ats:Shadow Assault","floor":6.0,"key":"SMITH"},{"floor":12.0,"key":"REST"},{"floor":15.0,"key":"REST"}],"circlet_count":0,"master_deck":["ats:Strike C+1","ats:Strike G","ats:Strike S","ats:Armor Crushing Shot","ats:Defend","ats:Defend","ats:Defend","ats:Defend+1","ats:Emotion Absorption","ats:Shadow Assault+1","ats:Thermite Blade","ats:Chain Hook","ats:Revitalization","ats:Fractured Body"],"relics":["ats:Sanity","Frozen Egg 2","ats:Originium","Shovel","Boot","Art of War","Toy Ornithopter"],"acts_visited":["Exordium"],"potions_floor_usage":[16],"damage_taken":[{"damage":0.0,"enemies":"2 Louse","floor":1.0,"turns":1.0},{"damage":19.0,"enemies":"Lagavulin","floor":7.0,"turns":6.0},{"damage":0.0,"enemies":"Small Slimes","floor":8.0,"turns":2.0},{"damage":13.0,"enemies":"3 Sentries","floor":10.0,"turns":3.0},{"damage":0.0,"enemies":"Cultist","floor":11.0,"turns":2.0},{"damage":11.0,"enemies":"Lagavulin","floor":13.0,"turns":6.0},{"damage":10.0,"enemies":"Looter","floor":14.0,"turns":2.0},{"damage":71,"enemies":"Slime Boss","floor":16,"turns":10}],"seed_played":"-1414964018565839641","potions_obtained":[{"floor":1.0,"key":"Strength Potion"},{"floor":5.0,"key":"Weak Potion"},{"floor":5.0,"key":"SpeedPotion"},{"floor":10.0,"key":"Weak Potion"},{"floor":13.0,"key":"Explosive Potion"},{"floor":14.0,"key":"FairyPotion"}],"is_trial":false,"path_per_floor":["M","?","?","?","?","R","E","M","T","E","M","R","E","M","R","B"],"character_chosen":"DOCTOR_CLASS","items_purchased":[],"campfire_rested":2,"item_purchase_floors":[],"current_hp_per_floor":[72,54,40,33,33,33,14,14,14,1,1,22,11,1,22,0,0],"gold":244,"neow_bonus":"ONE_RANDOM_RARE_CARD","is_daily":false,"chose_seed":false,"campfire_upgraded":1,"win_rate":0.0,"timestamp":1610942748,"path_taken":["M","?","?","?","?","R","E","?","T","E","M","R","E","M","R","BOSS"],"items_purchased_type":[],"build_version":"2020-12-22","purchased_purges":0,"victory":false,"max_hp_per_floor":[72,72,72,72,72,72,72,72,72,72,72,72,72,72,72,72,72],"card_choices":[{"not_picked":["ats:Shadow Raid","ats:Neurotoxin"],"picked":"ats:Thermite Blade","floor":1.0},{"not_picked":["ats:Hammer On","ats:Flame Of Heaven"],"picked":"ats:Chain Hook","floor":7.0},{"not_picked":["ats:Rapid Magazine+1","ats:Spore Proliferation","ats:Sword Rain"],"picked":"SKIP","floor":8.0},{"not_picked":["ats:Curse Doll","ats:Composite Medical Shells+1","ats:Encircling Forest"],"picked":"SKIP","floor":10.0},{"not_picked":["ats:Powerful Strike","ats:Shell Defense"],"picked":"ats:Revitalization","floor":11.0},{"not_picked":["ats:Leaping Hammer","ats:Hammer On"],"picked":"ats:Fractured Body","floor":13.0},{"not_picked":["ats:Hammer On","ats:Poison Spread","ats:Sunburst"],"picked":"SKIP","floor":14.0}],"player_experience":253405,"relics_obtained":[{"floor":7.0,"key":"ats:Originium"},{"floor":7.0,"key":"Shovel"},{"floor":9.0,"key":"Boot"},{"floor":10.0,"key":"ats:Originium"},{"floor":10.0,"key":"Art of War"},{"floor":13.0,"key":"ats:Originium"},{"floor":13.0,"key":"Toy Ornithopter"}],"event_choices":[{"damage_healed":0.0,"max_hp_gain":0.0,"max_hp_loss":0.0,"gold_gain":0.0,"event_name":"Scrap Ooze","player_choice":"Success","floor":2.0,"gold_loss":0.0,"damage_taken":18.0,"relics_obtained":["Frozen Egg 2"]},{"damage_healed":0.0,"max_hp_gain":0.0,"max_hp_loss":0.0,"gold_gain":0.0,"event_name":"Shining Light","player_choice":"Entered Light","floor":3.0,"gold_loss":0.0,"damage_taken":14.0,"cards_upgraded":["ats:Strike C","ats:Defend"]},{"cards_removed":["ats:Strike V"],"damage_healed":0.0,"max_hp_gain":0.0,"max_hp_loss":0.0,"gold_gain":0.0,"event_name":"Golden Wing","player_choice":"Card Removal","floor":4.0,"gold_loss":0.0,"damage_taken":7.0},{"damage_healed":0.0,"max_hp_gain":0.0,"max_hp_loss":0.0,"gold_gain":0.0,"event_name":"The Woman in Blue","player_choice":"Bought 2 Potions","floor":5.0,"gold_loss":0.0,"damage_taken":0.0}],"is_beta":false,"boss_relics":[],"items_purged_floors":[],"is_endless":false,"potions_floor_spawned":[1,10,13,14],"killed_by":"Slime Boss","ascension_level":1}}