{"host":"xt797mi8yhee06c1","time":1610940497,"event":{"mods":["100% Spire Juice","BaseMod","Bestiary","Koishi","Marisa£¨Ùöéë¡¡Øª×âÞÞ£©","Minty Spire (QoL Compilation)","Poor People Problems","Prisma Mod","Relic Filter","Shop Mod","Spicy Shops","StSLib","The Marked","The Servant 0.9.4","WarShipGirlsR/??á´Ò³R mod"],"gold_per_floor":[110,120,53,64,64,103,103,103,103,119,154,1,1,1,1],"floor_reached":14,"language":"KOR","playtime":526,"items_purged":[],"score":98,"play_id":"afe7dc49-5cbb-41aa-9419-155fff3369ee","local_time":"20210118122817","is_ascension_mode":false,"campfire_choices":[{"floor":7,"key":"REST"}],"circlet_count":0,"master_deck":["rmod:strick","rmod:strick","rmod:strick","rmod:defend","rmod:defend","rmod:defend","rmod:defend","rmod:basicallowance","rmod:maingunfire","rmod:maintain","rmod:garrisonisland","rmod:fletcherpendant","rmod:fletcherpendant","rmod:lonelyqueen","rmod:diamondstrike","rmod:acesubmarine"],"relics":["rmod:firstchargereward","Torii","Golden Idol","Du-Vu Doll","Juzu Bracelet","Oddly Smooth Stone","Strange Spoon"],"acts_visited":["Exordium"],"potions_floor_usage":[6],"damage_taken":[{"damage":0.0,"enemies":"Cultist","floor":1.0,"turns":3.0},{"damage":7.0,"enemies":"2 Louse","floor":2.0,"turns":2.0},{"damage":1.0,"enemies":"Small Slimes","floor":4.0,"turns":3.0},{"damage":22,"enemies":"Lagavulin","floor":6,"turns":6},{"damage":1,"enemies":"Blue Slaver","floor":10,"turns":3},{"damage":16,"enemies":"Gremlin Nob","floor":11,"turns":5},{"damage":16,"enemies":"Lagavulin","floor":14,"turns":3}],"seed_played":"-8114313517049250357","potions_obtained":[{"floor":2.0,"key":"ColorlessPotion"},{"floor":10,"key":"SpeedPotion"},{"floor":11,"key":"FearPotion"}],"is_trial":false,"path_per_floor":["M","M","$","M","?","E","R","?","T","M","E","$","?","E"],"character_chosen":"PRAEFECT","items_purchased":["rmod:fletcherpendant","Strange Spoon"],"campfire_rested":1,"item_purchase_floors":[3,12],"current_hp_per_floor":[54,47,47,46,28,6,28,21,21,20,4,4,4,0,0],"gold":1,"neow_bonus":"ONE_RARE_RELIC","is_daily":false,"chose_seed":false,"campfire_upgraded":0,"win_rate":0.0,"timestamp":1610940497,"path_taken":["M","?","$","M","?","E","R","?","T","M","E","$","?","E"],"items_purchased_type":["Card","Relic"],"build_version":"2020-12-22","purchased_purges":0,"victory":false,"max_hp_per_floor":[75,75,75,75,75,75,75,75,75,75,75,75,75,75,75],"card_choices":[{"not_picked":["rmod:diamondstrike","rmod:rockthrower"],"picked":"rmod:maintain","floor":1.0},{"not_picked":["rmod:tearstotiara","rmod:aviationdawn"],"picked":"rmod:garrisonisland","floor":2.0},{"not_picked":["rmod:unsinkable","rmod:overbreakdown"],"picked":"rmod:fletcherpendant","floor":4.0},{"not_picked":["rmod:sl","rmod:steelsupply"],"picked":"rmod:lonelyqueen","floor":6},{"not_picked":["rmod:steelsupply","rmod:gendarmerie"],"picked":"rmod:diamondstrike","floor":10},{"not_picked":["rmod:circuitoustactics","rmod:timeschanged"],"picked":"rmod:acesubmarine","floor":11}],"player_experience":385290,"relics_obtained":[{"floor":6,"key":"Du-Vu Doll"},{"floor":9,"key":"Juzu Bracelet"},{"floor":11,"key":"Oddly Smooth Stone"}],"event_choices":[{"damage_healed":0.0,"max_hp_gain":0.0,"max_hp_loss":0.0,"gold_gain":0.0,"event_name":"Golden Idol","player_choice":"Take Damage","floor":5.0,"gold_loss":0.0,"damage_taken":18.0,"relics_obtained":["Golden Idol"]},{"cards_removed":["rmod:strick"],"damage_healed":0,"gold_gain":0,"player_choice":"Card Removal","damage_taken":7,"max_hp_gain":0,"max_hp_loss":0,"event_name":"Golden Wing","floor":8,"gold_loss":0},{"damage_healed":0,"gold_gain":0,"player_choice":"Ignored","damage_taken":0,"max_hp_gain":0,"max_hp_loss":0,"event_name":"Shining Light","floor":13,"gold_loss":0}],"is_beta":false,"boss_relics":[],"items_purged_floors":[],"is_endless":false,"potions_floor_spawned":[2,10,11],"killed_by":"Lagavulin","ascension_level":0}}