{"host":"la6t950uoatqs0xt","time":1610942882,"event":{"mods":["AchievementEnabler","BaseMod","Colored Powertips","Minty Spire (QoL Compilation)","Quick Restart","Rare Cards Sparkle"],"gold_per_floor":[109,124,138,138,24,34,64,80,80,80,80,80,93,109,109,207,207,217,243,243,243,261,261,288,288,288,5,105,26,26,37,37,37,37],"floor_reached":33,"language":"ENG","playtime":1115,"items_purged":["Strike_B","Defend_B"],"score":330,"play_id":"ed9cf0c8-5182-4078-80ec-ab392388e439","local_time":"20210117230802","is_ascension_mode":true,"campfire_choices":[{"floor":10,"key":"REST"},{"floor":15,"key":"REST"},{"data":"Amplify","floor":23,"key":"SMITH"},{"floor":25,"key":"REST"},{"floor":30,"key":"REST"},{"floor":32,"key":"REST"}],"circlet_count":0,"master_deck":["Strike_B","Strike_B","Strike_B+1","Defend_B","Defend_B","Defend_B+1","Zap","Dualcast","Seek","Ball Lightning","Auto Shields","Darkness","Storm","Double Energy","Force Field","Electrodynamics","Decay","Amplify+1","Redo","Leap","Capacitor","BootSequence"],"relics":["Cracked Core","DataDisk","Cables","Nuclear Battery","Juzu Bracelet","Toy Ornithopter","Pear","Chemical X","Du-Vu Doll","Sundial"],"acts_visited":["Exordium","TheCity"],"potions_floor_usage":[24,28,33,33],"damage_taken":[{"damage":3,"enemies":"2 Louse","floor":1,"turns":2},{"damage":1,"enemies":"Cultist","floor":2,"turns":3},{"damage":4,"enemies":"Small Slimes","floor":3,"turns":3},{"damage":5,"enemies":"Blue Slaver","floor":6,"turns":3},{"damage":12,"enemies":"Gremlin Nob","floor":7,"turns":4},{"damage":10,"enemies":"Exordium Wildlife","floor":8,"turns":4},{"damage":0,"enemies":"2 Fungi Beasts","floor":13,"turns":3},{"damage":13,"enemies":"Lots of Slimes","floor":14,"turns":4},{"damage":42,"enemies":"Hexaghost","floor":16,"turns":9},{"damage":14,"enemies":"2 Thieves","floor":18,"turns":2},{"damage":14,"enemies":"3 Byrds","floor":22,"turns":4},{"damage":23,"enemies":"Gremlin Leader","floor":24,"turns":6},{"damage":14,"enemies":"Colosseum Slavers","floor":28,"turns":4},{"damage":49,"enemies":"Colosseum Nobs","floor":28,"turns":5},{"damage":22,"enemies":"Snecko","floor":31,"turns":5},{"damage":54,"enemies":"Automaton","floor":33,"turns":6}],"seed_played":"7337898928423753357","potions_obtained":[{"floor":3,"key":"Energy Potion"},{"floor":7,"key":"SneckoOil"},{"floor":8,"key":"FearPotion"},{"floor":22,"key":"Explosive Potion"},{"floor":28,"key":"SkillPotion"},{"floor":31,"key":"BlessingOfTheForge"}],"is_trial":false,"path_per_floor":["M","M","M","?","$","M","E","M","T","R","?","?","M","M","R","B",null,"M","T","?","?","M","R","E","R","T","$","?","$","R","M","R","B"],"character_chosen":"DEFECT","items_purchased":["Melter","Chemical X","Leap","Capacitor"],"campfire_rested":5,"item_purchase_floors":[5,27,27,29],"current_hp_per_floor":[72,71,67,52,52,47,35,25,25,47,52,52,52,39,63,21,80,66,66,66,66,52,52,29,53,63,63,5,5,32,10,37,0,0],"gold":37,"neow_bonus":"ONE_RANDOM_RARE_CARD","is_daily":false,"chose_seed":false,"campfire_upgraded":1,"win_rate":0.0,"timestamp":1610942882,"path_taken":["M","M","M","?","$","M","E","M","T","R","?","?","M","M","R","BOSS","M","?","?","?","M","R","E","R","T","$","?","?","R","M","R","BOSS"],"items_purchased_type":["Card","Relic","Card","Card"],"build_version":"2020-12-22","purchased_purges":2,"victory":false,"max_hp_per_floor":[75,75,75,75,75,75,75,75,75,75,80,80,80,80,80,80,80,80,80,80,80,80,80,80,80,90,90,90,90,90,90,90,90,90],"card_choices":[{"not_picked":["Streamline","Consume"],"picked":"Ball Lightning","floor":1},{"not_picked":["Cold Snap","Chill"],"picked":"Auto Shields","floor":2},{"not_picked":["Compile Driver","Gash","Stack"],"picked":"SKIP","floor":3},{"not_picked":["Streamline","Steam","Conserve Battery"],"picked":"SKIP","floor":6},{"not_picked":["Fusion","Chaos"],"picked":"Darkness","floor":7},{"not_picked":["Defragment","Steam"],"picked":"Storm","floor":8},{"not_picked":["Hyperbeam","Hologram"],"picked":"Double Energy","floor":13},{"not_picked":["Gash","Sweeping Beam"],"picked":"Force Field","floor":14},{"not_picked":["Rainbow","Hyperbeam"],"picked":"Electrodynamics","floor":16},{"not_picked":["Skim","Gash","Streamline"],"picked":"SKIP","floor":18},{"not_picked":["Rebound","Force Field"],"picked":"Amplify","floor":22},{"not_picked":["Recycle","Rebound"],"picked":"Redo","floor":24},{"not_picked":["Rebound+1","Sweeping Beam"],"picked":"BootSequence","floor":31}],"player_experience":260837,"relics_obtained":[{"floor":7,"key":"DataDisk"},{"floor":9,"key":"Cables"},{"floor":19,"key":"Juzu Bracelet"},{"floor":24,"key":"Toy Ornithopter"},{"floor":26,"key":"Pear"},{"floor":28,"key":"Du-Vu Doll"},{"floor":28,"key":"Sundial"}],"event_choices":[{"damage_healed":0,"gold_gain":0,"player_choice":"Entered Light","damage_taken":15,"max_hp_gain":0,"max_hp_loss":0,"event_name":"Shining Light","floor":4,"gold_loss":0,"cards_upgraded":["Defend_B","Strike_B"]},{"damage_healed":0,"gold_gain":0,"player_choice":"Donut","damage_taken":0,"max_hp_gain":5,"max_hp_loss":0,"event_name":"Big Fish","floor":11,"gold_loss":0},{"cards_removed":["Melter"],"damage_healed":0,"gold_gain":0,"player_choice":"Purged","damage_taken":0,"max_hp_gain":0,"max_hp_loss":0,"event_name":"Purifier","floor":12,"gold_loss":0},{"damage_healed":0,"gold_gain":0,"player_choice":"Smashed Altar","damage_taken":0,"max_hp_gain":0,"max_hp_loss":0,"event_name":"Forgotten Altar","floor":20,"gold_loss":0,"cards_obtained":["Decay"]},{"damage_healed":0,"gold_gain":0,"player_choice":"Ignored","damage_taken":0,"max_hp_gain":0,"max_hp_loss":0,"event_name":"Ghosts","floor":21,"gold_loss":0},{"damage_healed":0,"gold_gain":0,"player_choice":"Fight","damage_taken":0,"max_hp_gain":0,"max_hp_loss":0,"event_name":"Colosseum","floor":28,"gold_loss":0},{"damage_healed":0,"gold_gain":0,"player_choice":"Fought Nobs","damage_taken":0,"max_hp_gain":0,"max_hp_loss":0,"event_name":"Colosseum","floor":28,"gold_loss":0}],"is_beta":false,"boss_relics":[{"not_picked":["Velvet Choker","Fusion Hammer"],"picked":"Nuclear Battery"}],"items_purged_floors":[5,27],"is_endless":false,"potions_floor_spawned":[3,7,8,14,22,28,31],"killed_by":"Automaton","ascension_level":3}}