{"host":"sav7uxregyirlf69","time":1610976199,"event":{"mods":["AchievementEnabler","BaseMod","Colored Map","DeckTracker","Keyboard Shortcuts","Minty Spire (QoL Compilation)","READ ME - Guardian Mod","StSLib","SuperFastMode"],"gold_per_floor":[112,123,139,0,0,0,29,29,29,56,56,84,84,95,95,172,172,172,38,38,38,38,38,38,38,38,38,38,38,38,38,38,38,38,38,38,38,38,38,38,38,38,38,38,38,38,38,38,38,38,38,38,38,9,9,9],"floor_reached":55,"language":"KOR","playtime":1283,"items_purged":["Strike_R"],"score":2044,"play_id":"6fecfa84-f402-455f-bfe4-fee5023474b3","local_time":"20210118222319","is_ascension_mode":true,"campfire_choices":[{"data":"Evolve","floor":6,"key":"SMITH"},{"data":"Shockwave","floor":8,"key":"SMITH"},{"data":"Body Slam","floor":11,"key":"SMITH"},{"data":"Dual Wield","floor":13,"key":"SMITH"},{"data":"Dark Embrace","floor":15,"key":"SMITH"},{"data":"Power Through","floor":23,"key":"SMITH"},{"floor":30,"key":"REST"},{"floor":32,"key":"REST"},{"data":"Barricade","floor":41,"key":"SMITH"},{"data":"Dual Wield","floor":44,"key":"SMITH"},{"floor":49,"key":"RECALL"},{"data":"Feel No Pain","floor":53,"key":"SMITH"}],"circlet_count":0,"master_deck":["AscendersBane","Bash","Wild Strike","Shockwave+1","Fire Breathing+1","Evolve+1","Wild Strike","Power Through+1","Body Slam+1","Dark Embrace+1","Shrug It Off","Shrug It Off+1","Reckless Charge","Rage","Pommel Strike+1","Barricade+1","Anger","Reaper","Brutality","Power Through","Entrench","Dual Wield+1","Bloodletting","Warcry","Feel No Pain+1","Second Wind","Warcry"],"relics":["Burning Blood","Lantern","Calipers","Du-Vu Doll","Self Forming Clay","Bag of Marbles","Ectoplasm","Juzu Bracelet","Pandora\u0027s Box","Bird Faced Urn","Anchor","Molten Egg 2","Girya","Blood Vial"],"acts_visited":["Exordium","TheCity","TheBeyond","TheEnding"],"potions_floor_usage":[12,16,24,27,28,40,40,42,47],"damage_taken":[{"damage":7,"enemies":"Cultist","floor":1,"turns":4},{"damage":14,"enemies":"2 Louse","floor":2,"turns":3},{"damage":2,"enemies":"Small Slimes","floor":3,"turns":3},{"damage":20,"enemies":"3 Sentries","floor":7,"turns":4},{"damage":15,"enemies":"Lagavulin","floor":10,"turns":7},{"damage":8,"enemies":"Gremlin Nob","floor":12,"turns":3},{"damage":0,"enemies":"2 Fungi Beasts","floor":14,"turns":2},{"damage":13,"enemies":"Slime Boss","floor":16,"turns":6},{"damage":12,"enemies":"Chosen","floor":18,"turns":5},{"damage":11,"enemies":"Spheric Guardian","floor":20,"turns":4},{"damage":12,"enemies":"Chosen and Byrds","floor":21,"turns":4},{"damage":13,"enemies":"Centurion and Healer","floor":22,"turns":5},{"damage":38,"enemies":"Slavers","floor":24,"turns":5},{"damage":9,"enemies":"Snecko","floor":27,"turns":6},{"damage":0,"enemies":"3 Cultists","floor":28,"turns":4},{"damage":0,"enemies":"Cultist and Chosen","floor":29,"turns":4},{"damage":7,"enemies":"Chosen and Byrds","floor":31,"turns":5},{"damage":13,"enemies":"Champ","floor":33,"turns":7},{"damage":0,"enemies":"Orb Walker","floor":35,"turns":3},{"damage":0,"enemies":"3 Shapes","floor":37,"turns":3},{"damage":7,"enemies":"Reptomancer","floor":40,"turns":5},{"damage":47,"enemies":"3 Darklings","floor":42,"turns":6},{"damage":3,"enemies":"Nemesis","floor":45,"turns":5},{"damage":27,"enemies":"2 Orb Walkers","floor":46,"turns":5},{"damage":42,"enemies":"Reptomancer","floor":47,"turns":4},{"damage":15,"enemies":"Jaw Worm Horde","floor":48,"turns":4},{"damage":51,"enemies":"Donu and Deca","floor":50,"turns":8},{"damage":59,"enemies":"Awakened One","floor":51,"turns":6},{"damage":94,"enemies":"Shield and Spear","floor":55,"turns":3}],"seed_played":"4534164683998195916","potions_obtained":[{"floor":1,"key":"SpeedPotion"},{"floor":2,"key":"ElixirPotion"},{"floor":10,"key":"Strength Potion"},{"floor":14,"key":"PowerPotion"},{"floor":22,"key":"EssenceOfSteel"},{"floor":24,"key":"Swift Potion"},{"floor":28,"key":"Block Potion"},{"floor":29,"key":"Block Potion"},{"floor":40,"key":"Regen Potion"},{"floor":42,"key":"Energy Potion"},{"floor":45,"key":"Dexterity Potion"}],"is_trial":false,"path_per_floor":["M","M","M","$","?","R","E","R","T","E","R","E","R","M","R","B",null,"M","$","M","M","M","R","E","$","T","M","M","M","R","M","R","B",null,"M","$","M","$","?","E","R","M","T","R","E","?","E","M","R","B","B",null,"R","$","E"],"character_chosen":"IRONCLAD","items_purchased":["Evolve","Wild Strike","Shrug It Off","Warcry"],"campfire_rested":2,"item_purchase_floors":[4,4,19,54],"current_hp_per_floor":[67,59,63,63,63,63,49,49,49,40,40,38,38,44,44,37,66,60,60,55,49,42,42,10,10,10,7,13,19,41,40,62,55,70,75,75,75,75,75,74,74,59,59,59,70,64,53,56,56,39,21,62,62,62,0,0],"gold":9,"neow_bonus":"RANDOM_COMMON_RELIC","is_daily":false,"chose_seed":false,"campfire_upgraded":9,"win_rate":0.0,"timestamp":1610976199,"path_taken":["M","M","?","$","?","R","E","R","T","E","R","E","R","M","R","BOSS","M","$","M","M","M","R","E","$","T","M","M","M","R","M","R","BOSS","M","?","M","$","?","E","R","M","T","R","E","?","E","M","R","BOSS","BOSS","R","$","E"],"items_purchased_type":["Card","Card","Card","Card"],"build_version":"2020-12-22","purchased_purges":1,"victory":false,"max_hp_per_floor":[75,75,75,75,75,75,75,75,75,75,75,75,75,75,75,75,75,75,75,75,75,75,75,75,75,75,75,75,75,75,75,75,75,75,75,75,75,75,75,75,75,75,75,75,75,75,75,75,75,75,75,75,75,75,75,75],"card_choices":[{"not_picked":["Pommel Strike","Perfected Strike"],"picked":"Wild Strike","floor":1},{"not_picked":["Cleave","Headbutt"],"picked":"Shockwave","floor":2},{"not_picked":["Pommel Strike","Sentinel"],"picked":"Fire Breathing","floor":3},{"not_picked":["Iron Wave","Blood for Blood"],"picked":"Power Through","floor":7},{"not_picked":["Headbutt","Sword Boomerang"],"picked":"Body Slam","floor":10},{"not_picked":["Heavy Blade","Havoc"],"picked":"Dual Wield","floor":12},{"not_picked":["Rage","Wild Strike"],"picked":"Dark Embrace","floor":14},{"not_picked":["Perfected Strike","True Grit","Hemokinesis"],"picked":"SKIP","floor":18},{"not_picked":["Flex","Warcry+1"],"picked":"Shrug It Off+1","floor":20},{"not_picked":["Infernal Blade","Thunderclap+1","Clash"],"picked":"SKIP","floor":21},{"not_picked":["Shockwave","Body Slam"],"picked":"Reckless Charge","floor":22},{"not_picked":["Berserk","Twin Strike"],"picked":"Rage","floor":24},{"not_picked":["Warcry","Dual Wield","Twin Strike"],"picked":"SKIP","floor":27},{"not_picked":["Infernal Blade","Sword Boomerang"],"picked":"Pommel Strike+1","floor":28},{"not_picked":["Flex","Heavy Blade+1","Iron Wave"],"picked":"SKIP","floor":29},{"not_picked":["Headbutt+1","Twin Strike","Pommel Strike"],"picked":"SKIP","floor":31},{"not_picked":["Offering","Exhume"],"picked":"Barricade","floor":33},{"not_picked":["Clothesline+1","Rampage","Uppercut"],"picked":"SKIP","floor":35},{"not_picked":["Headbutt+1","Anger","Searing Blow"],"picked":"SKIP","floor":37},{"not_picked":["Headbutt","Heavy Blade+1","Intimidate"],"picked":"SKIP","floor":40},{"not_picked":["Headbutt","Heavy Blade+1","Intimidate"],"picked":"SKIP","floor":40},{"not_picked":["Thunderclap+1","Pommel Strike","Body Slam"],"picked":"SKIP","floor":42},{"not_picked":["Bludgeon+1","Wild Strike+1","Havoc"],"picked":"SKIP","floor":45},{"not_picked":["Wild Strike+1","Carnage+1"],"picked":"Feel No Pain","floor":46},{"not_picked":["Headbutt+1","Blood for Blood+1","Shrug It Off"],"picked":"SKIP","floor":47},{"not_picked":["Warcry","Shrug It Off"],"picked":"Second Wind","floor":48}],"player_experience":1310838,"relics_obtained":[{"floor":7,"key":"Calipers"},{"floor":9,"key":"Du-Vu Doll"},{"floor":10,"key":"Self Forming Clay"},{"floor":12,"key":"Bag of Marbles"},{"floor":24,"key":"Juzu Bracelet"},{"floor":40,"key":"Bird Faced Urn"},{"floor":43,"key":"Anchor"},{"floor":45,"key":"Molten Egg 2"},{"floor":46,"key":"Girya"},{"floor":47,"key":"Blood Vial"}],"event_choices":[{"damage_healed":0,"gold_gain":0,"player_choice":"Upgraded","damage_taken":0,"max_hp_gain":0,"max_hp_loss":0,"event_name":"Upgrade Shrine","floor":5,"gold_loss":0,"cards_upgraded":["Fire Breathing"]},{"cards_removed":["Dual Wield"],"damage_healed":0,"gold_gain":0,"player_choice":"Removed Skill","damage_taken":0,"max_hp_gain":0,"max_hp_loss":0,"event_name":"Falling","floor":39,"gold_loss":0},{"damage_healed":0,"gold_gain":0,"player_choice":"Fight","damage_taken":0,"max_hp_gain":0,"max_hp_loss":0,"event_name":"Mysterious Sphere","floor":46,"gold_loss":0}],"is_beta":false,"boss_relics":[{"not_picked":["Sozu","Snecko Eye"],"picked":"Ectoplasm"},{"not_picked":["SacredBark","SlaversCollar"],"picked":"Pandora\u0027s Box"}],"items_purged_floors":[19],"is_endless":false,"potions_floor_spawned":[1,2,10,14,22,24,28,29,31,40,42,45],"killed_by":"Shield and Spear","ascension_level":20}}