{"host":"b96hyfeqj1peltkw","time":1610954198,"event":{"mods":["AchievementEnabler","Act Like it!","BaseMod","Block Reminder","Gensokyo","Hermit","Marisa（霧雨　魔理沙）","Minty Spire (QoL Compilation)","Practice Mode","Reimu（博丽灵梦）","StSLib"],"gold_per_floor":[115,129,49,59,76,76,93,111,166,166,183,57,57,57],"floor_reached":13,"language":"ZHS","playtime":535,"items_purged":["PassingAway:ReiMu"],"score":79,"play_id":"9da1e923-11e1-4155-b637-ccdccc70b7d4","local_time":"20210118151638","is_ascension_mode":false,"campfire_choices":[{"data":"Mountainwind:ReiMu","floor":6,"key":"SMITH"},{"data":"OrbThrow:ReiMu","floor":10,"key":"SMITH"}],"circlet_count":0,"master_deck":["Strike_Lin:ReiMu","Strike_Lin:ReiMu","Strike_Lin:ReiMu","Strike_Lin:ReiMu","Defend_Lin:ReiMu","Defend_Lin:ReiMu","Defend_Lin:ReiMu","Defend_Lin:ReiMu","NB:ReiMu","Stagnation:ReiMu","AlertArray:ReiMu","Mountainwind:ReiMu+1","AirStrike:ReiMu","OrbThrow:ReiMu+1","Dreaming2:ReiMu","TakeOff:ReiMu","FantasyBorder:ReiMu","Conquer:ReiMu"],"relics":["FlyPower:ReiMu","NeowsBlessing","Dream Catcher"],"acts_visited":["Gensokyo:Gensokyo"],"potions_floor_usage":[7,8],"damage_taken":[{"damage":0,"enemies":"Gensokyo:Gryphon","floor":1,"turns":1},{"damage":0,"enemies":"Gensokyo:Python","floor":2,"turns":1},{"damage":0,"enemies":"Gensokyo:2_Kodama","floor":4,"turns":1},{"damage":6,"enemies":"Gensokyo:LivingMonolith","floor":5,"turns":4},{"damage":7,"enemies":"Gensokyo:VengefulSpirit","floor":7,"turns":6},{"damage":18,"enemies":"Gensokyo:2_Rabbits","floor":8,"turns":7},{"damage":0,"enemies":"Gensokyo:LivingMonolith","floor":11,"turns":3},{"damage":40,"enemies":"Gensokyo:Cirno","floor":13,"turns":6}],"seed_played":"5572481713400333198","potions_obtained":[{"floor":1,"key":"HakureiPotion:ReiMu"},{"floor":5,"key":"PowerPotion"}],"is_trial":false,"path_per_floor":["M","M","$","M","M","R","M","M","T","R","M","$","E"],"character_chosen":"REIMU","items_purchased":["AirStrike:ReiMu","PassingAway:ReiMu","Conquer:ReiMu"],"campfire_rested":0,"item_purchase_floors":[3,3,12],"current_hp_per_floor":[65,65,65,65,59,59,52,34,34,34,34,34,0,0],"gold":57,"neow_bonus":"THREE_ENEMY_KILL","is_daily":false,"chose_seed":false,"campfire_upgraded":2,"win_rate":0.0,"timestamp":1610954198,"path_taken":["M","M","$","M","M","R","M","M","T","R","M","?","E"],"items_purchased_type":["Card","Card","Card"],"build_version":"2020-12-22","purchased_purges":1,"victory":false,"max_hp_per_floor":[65,65,65,65,65,65,65,65,65,65,65,65,65,65],"card_choices":[{"not_picked":["KamiSacrifice:ReiMu","CareerPray:ReiMu"],"picked":"AlertArray:ReiMu","floor":1},{"not_picked":["OctopathBindingBorder2:ReiMu","Conquer:ReiMu"],"picked":"Mountainwind:ReiMu","floor":2},{"not_picked":["KamiSacrifice:ReiMu","Meditation:ReiMu"],"picked":"OrbThrow:ReiMu","floor":4},{"not_picked":["MountainWay:ReiMu","OctopathBindingBorder2:ReiMu"],"picked":"Dreaming2:ReiMu","floor":5},{"not_picked":["MountainWay:ReiMu","CareerPray:ReiMu"],"picked":"TakeOff:ReiMu","floor":7},{"not_picked":["FineLineFantasy:ReiMu","Dreaming2:ReiMu"],"picked":"FantasyBorder:ReiMu","floor":8},{"not_picked":["SubcavityInstant:ReiMu","KamiSacrifice:ReiMu","Intuition:ReiMu"],"picked":"SKIP","floor":11}],"player_experience":1406498,"relics_obtained":[{"floor":9,"key":"Dream Catcher"}],"event_choices":[],"is_beta":false,"boss_relics":[],"items_purged_floors":[12],"is_endless":false,"potions_floor_spawned":[1,5],"killed_by":"Gensokyo:Cirno","ascension_level":0}}