{"host":"5oxscleocp360blz","time":1610932322,"event":{"mods":["AchievementEnabler","BaseMod","Marisa????????","Minty Spire (QoL Compilation)","Replay The Spire","StSLib","The Necromancer"],"gold_per_floor":[362,362,375,391,407,407,432,432,486,486,498,498,516,472,472,574,574,594,594,177,192,206,206,237,237,237,265,278,289,289,324,324,324,324],"floor_reached":33,"language":"ENG","playtime":1941,"items_purged":["Spreading Infection"],"score":393,"play_id":"6c54d2bc-e378-42a1-9f9a-36e001e46522","local_time":"20210117221202","is_ascension_mode":true,"campfire_choices":[{"data":"Eruption","floor":6.0,"key":"SMITH"},{"floor":8.0,"key":"REST"},{"data":"TalkToTheHand","floor":12.0,"key":"SMITH"},{"data":"MentalFortress","floor":15.0,"key":"SMITH"},{"data":"Devotion","floor":23.0,"key":"SMITH"},{"data":"MentalFortress","floor":25.0,"key":"SMITH"},{"data":"Adaptation","floor":30.0,"key":"SMITH"},{"data":"CutThroughFate","floor":32.0,"key":"SMITH"}],"circlet_count":0,"master_deck":["Strike_P","Strike_P","Strike_P","Strike_P","Defend_P","Defend_P","Defend_P","Defend_P","Eruption+1","Vigilance","TalkToTheHand+1","Consecrate","Replay:Vibes+1","Adaptation+1","MentalFortress+1","MentalFortress+1","CutThroughFate+1","Devotion+1","EmptyFist+1","Ghostly","Ghostly","Ghostly","Ghostly","Ghostly","WaveOfTheHand+1","Weave","ThirdEye","Violence","Replay:Cycle+1","Overencumbered","WreathOfFlame+1","Consecrate+1","Replay:DivineShield","EmptyBody+1"],"relics":["PureWater","Meat on the Bone","Smiling Mask","Cursed Key","Pet Ghost","Strawberry","Potion Belt","Dream Catcher"],"acts_visited":["Exordium","TheCity"],"potions_floor_usage":[],"damage_taken":[{"damage":6.0,"enemies":"2 Louse","floor":1.0,"turns":2.0},{"damage":0.0,"enemies":"Small Slimes","floor":3.0,"turns":2.0},{"damage":12.0,"enemies":"Jaw Worm","floor":4.0,"turns":4.0},{"damage":14.0,"enemies":"Looter","floor":5.0,"turns":4.0},{"damage":33.0,"enemies":"Gremlin Nob","floor":7.0,"turns":4.0},{"damage":24.0,"enemies":"3 Louse","floor":11.0,"turns":4.0},{"damage":3.0,"enemies":"2 Fungi Beasts","floor":13.0,"turns":4.0},{"damage":8.0,"enemies":"Slime Boss","floor":16.0,"turns":9.0},{"damage":20.0,"enemies":"Chosen","floor":18.0,"turns":8.0},{"damage":2.0,"enemies":"Shell Parasite","floor":21.0,"turns":5.0},{"damage":21.0,"enemies":"Sentry and Sphere","floor":22.0,"turns":7.0},{"damage":18.0,"enemies":"Slavers","floor":24.0,"turns":9.0},{"damage":1.0,"enemies":"Book of Stabbing","floor":27.0,"turns":7.0},{"damage":5.0,"enemies":"Centurion and Healer","floor":28.0,"turns":10.0},{"damage":0.0,"enemies":"Snecko","floor":29.0,"turns":6.0},{"damage":19.0,"enemies":"Gremlin Leader","floor":31.0,"turns":6.0},{"damage":38,"enemies":"Automaton","floor":33,"turns":2}],"seed_played":"6061496978292223782","potions_obtained":[{"floor":4.0,"key":"Milkshake"},{"floor":5.0,"key":"Elixir"},{"floor":13.0,"key":"Ambrosia"},{"floor":18.0,"key":"Explosive Potion"},{"floor":27.0,"key":"Swift Potion"},{"floor":31.0,"key":"Fire Potion"}],"is_trial":false,"path_per_floor":["M","$","M","M","M","R","E","R","T","?","M","R","M","?","R","B",null,"M","?","$","M","M","R","E","R","T","E","M","M","R","E","R","B"],"character_chosen":"WATCHER","items_purchased":["WaveOfTheHand+1","Weave","ThirdEye","Violence"],"campfire_rested":1,"item_purchase_floors":[20,20,20,20],"current_hp_per_floor":[66,66,66,54,40,40,7,28,28,28,16,16,25,25,25,29,72,52,36,36,34,25,25,19,19,26,25,32,32,32,25,25,0,0],"gold":324,"neow_bonus":"TWO_FIFTY_GOLD","is_daily":false,"chose_seed":false,"campfire_upgraded":7,"win_rate":0.0,"timestamp":1610932322,"path_taken":["M","$","M","M","M","R","E","R","T","?","M","R","M","?","R","BOSS","M","?","$","M","M","R","E","R","T","E","M","M","R","E","R","BOSS"],"items_purchased_type":["Card","Card","Card","Card"],"build_version":"2020-12-22","purchased_purges":1,"victory":false,"max_hp_per_floor":[72,72,72,72,72,72,72,72,72,72,72,72,72,72,72,72,72,72,36,36,36,36,36,36,36,43,43,43,43,43,43,43,43,43],"card_choices":[{"not_picked":["EmptyMind","EmptyBody"],"picked":"TalkToTheHand","floor":1.0},{"not_picked":["FlyingSleeves","EmptyBody"],"picked":"Consecrate","floor":3.0},{"not_picked":["SashWhip","Replay:BluntJabs"],"picked":"Replay:Vibes","floor":4.0},{"not_picked":["FollowUp","Consecrate"],"picked":"Adaptation","floor":5.0},{"not_picked":["Conclude","Brilliance"],"picked":"MentalFortress","floor":7.0},{"not_picked":["Replay:BluntJabs","JustLucky"],"picked":"MentalFortress","floor":11.0},{"not_picked":["CarveReality","Prostrate"],"picked":"CutThroughFate","floor":13.0},{"not_picked":["Blasphemy","Omniscience"],"picked":"Devotion","floor":16.0},{"not_picked":["WreathOfFlame","PathToVictory"],"picked":"EmptyFist+1","floor":18.0},{"not_picked":["WreathOfFlame","Halt","JustLucky"],"picked":"SKIP","floor":21.0},{"not_picked":["LikeWater","Replay:ManipulateFuture","Replay:BluntJabs+1"],"picked":"SKIP","floor":22.0},{"not_picked":["PathToVictory","Pray"],"picked":"Replay:Cycle+1","floor":24.0},{"not_picked":["Replay:Battleflow+1","Wish"],"picked":"WreathOfFlame+1","floor":27.0},{"not_picked":["Evaluate","BowlingBash"],"picked":"Consecrate+1","floor":28.0},{"not_picked":["CrushJoints","CarveReality"],"picked":"Replay:DivineShield","floor":29.0},{"not_picked":["WreathOfFlame","Replay:Cycle"],"picked":"EmptyBody+1","floor":31.0}],"player_experience":188441,"relics_obtained":[{"floor":7.0,"key":"Meat on the Bone"},{"floor":9.0,"key":"Smiling Mask"},{"floor":24.0,"key":"Pet Ghost"},{"floor":26.0,"key":"Strawberry"},{"floor":27.0,"key":"Potion Belt"},{"floor":31.0,"key":"Dream Catcher"}],"event_choices":[{"damage_healed":0.0,"max_hp_gain":0.0,"max_hp_loss":0.0,"gold_gain":0.0,"event_name":"World of Goop","player_choice":"Left Gold","floor":14.0,"gold_loss":44.0,"damage_taken":0.0},{"damage_healed":0.0,"max_hp_gain":0.0,"max_hp_loss":36.0,"gold_gain":0.0,"event_name":"Ghosts","player_choice":"Became a Ghost","floor":19.0,"gold_loss":0.0,"damage_taken":0.0,"cards_obtained":["Ghostly","Ghostly","Ghostly","Ghostly","Ghostly"]}],"is_beta":false,"boss_relics":[{"not_picked":["Replay:Grab Bag","Replay:Bronze Core"],"picked":"Cursed Key"}],"items_purged_floors":[20],"is_endless":false,"potions_floor_spawned":[4,5,13,18,27,31],"killed_by":"Automaton","ascension_level":4}}