{"host":"6pgtslebjnyv5xmi","time":1610988662,"event":{"mods":["AchievementEnabler","BaseMod","Colored Map","Minty Spire (QoL Compilation)","Rare Cards Sparkle","StSLib","SuperFastMode","The Cursed","everything is the same but u backflip on backflip"],"gold_per_floor":[118,118,133,133,133,133,133,147,215,215,246,100,144,167,167,286,286,309,324,340,0,0,0,0,20,45,70,70,83,83,83,83,208,208,227,227,127,141,161,161,200,200,223,223,244,259,272,308,308,308],"floor_reached":51,"language":"KOR","playtime":2398,"items_purged":["Strike_P","Strike_P"],"score":916,"play_id":"fbe69b16-394a-4344-bf2e-c878eb8afd14","local_time":"20210119015102","is_ascension_mode":true,"campfire_choices":[{"data":"Judgement","floor":6.0,"key":"SMITH"},{"data":"Eruption","floor":10.0,"key":"SMITH"},{"data":"SandsOfTime","floor":15.0,"key":"SMITH"},{"data":"Apotheosis","floor":23.0,"key":"SMITH"},{"data":"Ragnarok","floor":30.0,"key":"SMITH"},{"data":"Swivel","floor":32.0,"key":"SMITH"},{"floor":40.0,"key":"REST"},{"floor":42,"key":"REST"},{"data":"DeusExMachina","floor":44,"key":"SMITH"},{"floor":49,"key":"REST"}],"circlet_count":0,"master_deck":["Strike_P+1","Strike_P+1","Defend_P","Defend_P","Defend_P+1","Defend_P","Eruption+1","Vigilance","Judgement+1","Indignation","Swivel+1","BattleHymn","Halt","SandsOfTime+1","Ragnarok+1","FlyingSleeves+1","Ragnarok+1","Wallop+1","Apotheosis+1","Bandage Up+1","Brilliance","Ghostly","Ghostly","Ghostly","Ghostly+1","Ghostly+1","DeusExMachina+1","FearNoEvil+1"],"relics":["HolyWater","Golden Idol","Bottled Lightning","Regal Pillow","Lee\u0027s Waffle","Gambling Chip","Whetstone","SacredBark","Frozen Egg 2","War Paint","Molten Egg 2"],"acts_visited":["Exordium","TheCity","TheBeyond"],"potions_floor_usage":[41,41,48,50],"damage_taken":[{"damage":27.0,"enemies":"Jaw Worm","floor":1.0,"turns":4.0},{"damage":0.0,"enemies":"Small Slimes","floor":3.0,"turns":2.0},{"damage":0.0,"enemies":"Cultist","floor":8.0,"turns":2.0},{"damage":0.0,"enemies":"Gremlin Nob","floor":11.0,"turns":1.0},{"damage":7.0,"enemies":"Lagavulin","floor":13.0,"turns":4.0},{"damage":0.0,"enemies":"Red Slaver","floor":14.0,"turns":1.0},{"damage":0.0,"enemies":"Slime Boss","floor":16.0,"turns":4.0},{"damage":20.0,"enemies":"Shell Parasite","floor":18.0,"turns":3.0},{"damage":0.0,"enemies":"2 Thieves","floor":19.0,"turns":2.0},{"damage":7.0,"enemies":"Chosen and Byrds","floor":20.0,"turns":4.0},{"damage":0.0,"enemies":"Snake Plant","floor":25.0,"turns":1.0},{"damage":13.0,"enemies":"Cultist and Chosen","floor":27.0,"turns":6.0},{"damage":0.0,"enemies":"Snecko","floor":29.0,"turns":2.0},{"damage":35.0,"enemies":"Champ","floor":33.0,"turns":9.0},{"damage":21.0,"enemies":"3 Darklings","floor":35.0,"turns":7.0},{"damage":0.0,"enemies":"3 Shapes","floor":38.0,"turns":2.0},{"damage":0.0,"enemies":"Jaw Worm Horde","floor":39.0,"turns":4.0},{"damage":34,"enemies":"Nemesis","floor":41,"turns":7},{"damage":1,"enemies":"Transient","floor":45,"turns":5},{"damage":4,"enemies":"4 Shapes","floor":46,"turns":3},{"damage":11,"enemies":"3 Darklings","floor":47,"turns":6},{"damage":10,"enemies":"Giant Head","floor":48,"turns":5},{"damage":4,"enemies":"Time Eater","floor":50,"turns":7}],"seed_played":"5585124846438214493","potions_obtained":[{"floor":3.0,"key":"Energy Potion"},{"floor":8.0,"key":"BottledMiracle"},{"floor":14.0,"key":"Dexterity Potion"},{"floor":18.0,"key":"Fire Potion"},{"floor":19.0,"key":"SkillPotion"},{"floor":27.0,"key":"Regen Potion"},{"floor":36.0,"key":"AttackPotion"},{"floor":36.0,"key":"Fire Potion"},{"floor":36.0,"key":"LiquidBronze"},{"floor":39.0,"key":"CultistPotion"},{"floor":41,"key":"AttackPotion"}],"is_trial":false,"path_per_floor":["M","?","M","?","?","R","?","M","T","R","E","$","E","M","R","B",null,"M","M","M","$","?","R","?","M","T","M","$","M","R","?","R","B",null,"M","?","$","M","M","R","E","R","T","R","M","M","M","E","R","B",null],"character_chosen":"WATCHER","items_purchased":["Lee\u0027s Waffle","Apotheosis","Bandage Up"],"campfire_rested":3,"item_purchase_floors":[12,21,21],"current_hp_per_floor":[45,31,31,55,55,55,48,48,48,48,48,74,67,67,67,67,74,54,54,47,47,71,71,71,71,71,58,58,69,69,37,37,2,37,16,16,16,16,22,37,9,35,35,35,36,32,27,17,37,36],"gold":308,"neow_bonus":"THREE_RARE_CARDS","is_daily":false,"chose_seed":false,"campfire_upgraded":7,"win_rate":0.0,"timestamp":1610988662,"path_taken":["M","?","M","?","?","R","?","?","T","R","E","$","E","M","R","BOSS","M","M","?","?","?","R","?","?","T","M","?","M","R","?","R","BOSS","M","?","$","?","M","R","E","R","T","R","M","?","M","E","R","BOSS"],"items_purchased_type":["Relic","Card","Card"],"build_version":"2020-12-22","purchased_purges":2,"victory":true,"max_hp_per_floor":[72,72,72,72,67,67,67,67,67,67,67,74,74,74,74,74,74,74,74,74,74,74,74,74,74,74,74,74,74,74,37,37,37,37,37,37,37,37,37,37,37,37,37,37,37,37,37,37,37,37],"card_choices":[{"not_picked":["Devotion","Vault"],"picked":"Judgement","floor":0.0},{"not_picked":["ClearTheMind","DeceiveReality"],"picked":"Indignation","floor":1.0},{"not_picked":["Sanctity","Prostrate"],"picked":"Swivel","floor":3.0},{"not_picked":["EmptyBody","BowlingBash","Weave"],"picked":"SKIP","floor":8.0},{"not_picked":["Weave","Vengeance"],"picked":"BattleHymn","floor":11.0},{"not_picked":["Crescendo","Judgement"],"picked":"Halt","floor":13.0},{"not_picked":["Prostrate","Fasting2"],"picked":"SandsOfTime","floor":14.0},{"not_picked":["Brilliance","Judgement"],"picked":"Ragnarok","floor":16.0},{"not_picked":["FlurryOfBlows","LikeWater"],"picked":"FlyingSleeves+1","floor":18.0},{"not_picked":["EmptyBody+1","Crescendo"],"picked":"Ragnarok","floor":19.0},{"not_picked":["JustLucky","Halt"],"picked":"Wallop+1","floor":20.0},{"not_picked":["ThirdEye","EmptyBody","Adaptation"],"picked":"SKIP","floor":25.0},{"not_picked":["SignatureMove+1","Evaluate","DeceiveReality"],"picked":"SKIP","floor":27.0},{"not_picked":["Crescendo+1","FollowUp"],"picked":"Brilliance","floor":29.0},{"not_picked":["Brilliance","MasterReality"],"picked":"DeusExMachina","floor":33.0},{"not_picked":["MentalFortress","CutThroughFate+1","ClearTheMind+1"],"picked":"SKIP","floor":35.0},{"not_picked":["Adaptation","LikeWater+1"],"picked":"FearNoEvil+1","floor":38.0},{"not_picked":["Collect","ClearTheMind","BowlingBash+1"],"picked":"SKIP","floor":39.0},{"not_picked":["Nirvana+1","Sanctity+1","CutThroughFate"],"picked":"SKIP","floor":41},{"not_picked":["SignatureMove+1","Protect+1","Judgement"],"picked":"SKIP","floor":45},{"not_picked":["SignatureMove+1","Protect+1","Judgement"],"picked":"SKIP","floor":45},{"not_picked":["FearNoEvil+1","FlyingSleeves","Consecrate"],"picked":"SKIP","floor":46},{"not_picked":["CutThroughFate","PathToVictory+1","Evaluate+1"],"picked":"SKIP","floor":47},{"not_picked":["CutThroughFate+1","FlurryOfBlows+1","WheelKick+1"],"picked":"SKIP","floor":48}],"player_experience":975410,"relics_obtained":[{"floor":9.0,"key":"Bottled Lightning"},{"floor":11.0,"key":"Regal Pillow"},{"floor":13.0,"key":"Gambling Chip"},{"floor":26.0,"key":"Whetstone"},{"floor":41,"key":"Frozen Egg 2"},{"floor":43,"key":"War Paint"},{"floor":48,"key":"Molten Egg 2"}],"event_choices":[{"damage_healed":0.0,"max_hp_gain":0.0,"max_hp_loss":0.0,"gold_gain":0.0,"event_name":"Shining Light","player_choice":"Entered Light","floor":2.0,"gold_loss":0.0,"damage_taken":14.0,"cards_upgraded":["Strike_P","Defend_P"]},{"damage_healed":24.0,"max_hp_gain":0.0,"max_hp_loss":0.0,"gold_gain":0.0,"event_name":"Big Fish","player_choice":"Banana","floor":4.0,"gold_loss":0.0,"damage_taken":0.0},{"damage_healed":0.0,"max_hp_gain":0.0,"max_hp_loss":5.0,"gold_gain":0.0,"event_name":"Golden Idol","player_choice":"Lose Max HP","floor":5.0,"gold_loss":0.0,"damage_taken":0.0,"relics_obtained":["Golden Idol"]},{"cards_removed":["Decay"],"damage_healed":0.0,"max_hp_gain":0.0,"max_hp_loss":0.0,"gold_gain":0.0,"event_name":"Golden Wing","player_choice":"Card Removal","floor":7.0,"gold_loss":0.0,"damage_taken":7.0},{"damage_healed":24.0,"max_hp_gain":0.0,"max_hp_loss":0.0,"gold_gain":0.0,"event_name":"The Library","player_choice":"Heal","floor":22.0,"gold_loss":0.0,"damage_taken":0.0},{"damage_healed":0.0,"max_hp_gain":0.0,"max_hp_loss":0.0,"gold_gain":0.0,"event_name":"Accursed Blacksmith","player_choice":"Forge","floor":24.0,"gold_loss":0.0,"damage_taken":0.0,"cards_upgraded":["Bandage Up"]},{"damage_healed":0.0,"max_hp_gain":0.0,"max_hp_loss":37.0,"gold_gain":0.0,"event_name":"Ghosts","player_choice":"Became a Ghost","floor":31.0,"gold_loss":0.0,"damage_taken":0.0,"cards_obtained":["Ghostly","Ghostly","Ghostly","Ghostly","Ghostly"]},{"damage_healed":0.0,"max_hp_gain":0.0,"max_hp_loss":0.0,"gold_gain":0.0,"event_name":"Lab","player_choice":"Got Potions","floor":36.0,"gold_loss":0.0,"damage_taken":0.0}],"is_beta":false,"boss_relics":[{"not_picked":["Ectoplasm","Fusion Hammer"],"picked":"HolyWater"},{"not_picked":["Sozu","Velvet Choker"],"picked":"SacredBark"}],"items_purged_floors":[21,37],"is_endless":false,"potions_floor_spawned":[3,8,14,18,19,27,39,41],"ascension_level":2}}