{"host":"h4qgcirtxz6qax9j","time":1610977048,"event":{"mods":["AchievementEnabler","BaseMod","Colored Powertips","Hermit","Minty Spire (QoL Compilation)","StSLib","SuperFastMode","The Servant 0.9.4"],"gold_per_floor":[119,134,150,166,178,178,203,203,226,253,253,265,265,265,265,361,361,375,375,389,488,505,505,505],"floor_reached":23,"language":"KOR","playtime":1294,"items_purged":[],"score":213,"play_id":"c9e3bb01-7230-4c7e-93d6-145830166d93","local_time":"20210118223728","is_ascension_mode":true,"campfire_choices":[{"floor":6,"key":"REST"},{"floor":8,"key":"REST"},{"floor":11,"key":"REST"},{"floor":13,"key":"REST"},{"floor":15,"key":"REST"}],"circlet_count":0,"master_deck":["Strike_S","Strike_S","Strike_S","Strike_S","Defend_S","Defend_S","Defend_S","Defend_S","KidneyShot","Exchange","ShatteredReality","SilverBlades","GearUp","Ricochet","KillingDoll","Contraction","Rearm","InstantArmor+1","Starlight+1","Revamp"],"relics":["Uniform","Blood Vial","StrikeDummy","Boot","Smiling Mask","Cursed Key"],"acts_visited":["Exordium","TheCity"],"potions_floor_usage":[23,23,23],"damage_taken":[{"damage":0,"enemies":"Small Slimes","floor":1,"turns":3},{"damage":1,"enemies":"Jaw Worm","floor":2,"turns":3},{"damage":4,"enemies":"Cultist","floor":3,"turns":4},{"damage":23,"enemies":"Large Slime","floor":4,"turns":8},{"damage":11,"enemies":"2 Fungi Beasts","floor":5,"turns":4},{"damage":35,"enemies":"Lagavulin","floor":7,"turns":8},{"damage":29,"enemies":"3 Sentries","floor":10,"turns":7},{"damage":2,"enemies":"Red Slaver","floor":12,"turns":2},{"damage":15,"enemies":"Slime Boss","floor":16,"turns":4},{"damage":34,"enemies":"Chosen","floor":18,"turns":8},{"damage":0,"enemies":"3 Byrds","floor":20,"turns":4},{"damage":9,"enemies":"Centurion and Healer","floor":22,"turns":3},{"damage":34,"enemies":"Gremlin Leader","floor":23,"turns":4}],"seed_played":"-8115853281630684981","potions_obtained":[{"floor":2,"key":"Explosive Potion"},{"floor":5,"key":"Energy Potion"},{"floor":12,"key":"Ancient Potion"}],"is_trial":false,"path_per_floor":["M","M","M","M","M","R","E","R","T","E","R","M","R","?","R","B",null,"M","?","M","?","M","E"],"character_chosen":"THE_SERVANT","items_purchased":[],"campfire_rested":5,"item_purchase_floors":[],"current_hp_per_floor":[65,64,61,40,31,50,17,36,36,9,28,28,47,47,65,50,65,31,31,33,33,26,0,0],"gold":505,"neow_bonus":"RANDOM_COMMON_RELIC","is_daily":false,"chose_seed":false,"campfire_upgraded":0,"win_rate":0.0,"timestamp":1610977048,"path_taken":["M","M","M","M","M","R","E","R","T","E","R","M","R","?","R","BOSS","M","?","?","?","M","E"],"items_purchased_type":[],"build_version":"2020-12-22","purchased_purges":0,"victory":false,"max_hp_per_floor":[65,65,65,65,65,65,65,65,65,65,65,65,65,65,65,65,65,65,65,65,65,65,65,65],"card_choices":[{"not_picked":["Unruled","DualDimension"],"picked":"ShatteredReality","floor":1},{"not_picked":["Rewind","Defy","Spin"],"picked":"SKIP","floor":2},{"not_picked":["Gouge","Desolation"],"picked":"SilverBlades","floor":3},{"not_picked":["Foresight","Contraction"],"picked":"GearUp","floor":4},{"not_picked":["Unruled","Revamp"],"picked":"Ricochet","floor":5},{"not_picked":["Sabotage","Spin"],"picked":"KillingDoll","floor":7},{"not_picked":["ShiftingGears","Shuttle"],"picked":"Contraction","floor":10},{"not_picked":["SpecialFormula","Reset"],"picked":"Rearm","floor":12},{"not_picked":["Alleviate","DoubleEdge"],"picked":"InstantArmor","floor":18},{"not_picked":["Ricochet","Spin"],"picked":"Starlight+1","floor":20},{"not_picked":["Unruled","Barrier"],"picked":"Revamp","floor":22}],"player_experience":59228,"relics_obtained":[{"floor":7,"key":"StrikeDummy"},{"floor":9,"key":"Boot"},{"floor":10,"key":"Smiling Mask"}],"event_choices":[{"damage_healed":0,"gold_gain":0,"player_choice":"Ignored","damage_taken":0,"max_hp_gain":0,"max_hp_loss":0,"event_name":"Liars Game","floor":14,"gold_loss":0},{"damage_healed":0,"gold_gain":0,"player_choice":"Upgraded","damage_taken":0,"max_hp_gain":0,"max_hp_loss":0,"event_name":"Upgrade Shrine","floor":19,"gold_loss":0,"cards_upgraded":["InstantArmor"]},{"damage_healed":0,"gold_gain":99,"player_choice":"Stole From Cult","damage_taken":0,"max_hp_gain":0,"max_hp_loss":0,"event_name":"Nest","floor":21,"gold_loss":0}],"is_beta":false,"boss_relics":[{"not_picked":["Runic Dome","Astrolabe"],"picked":"Cursed Key"}],"items_purged_floors":[],"is_endless":false,"potions_floor_spawned":[2,5,12,16,18,20],"killed_by":"Gremlin Leader","ascension_level":1}}