{"host":"2i0myh7fqij2ti1z","time":1610982007,"event":{"mods":["Aspiration","BaseMod","Better Third Choice","Colored Powertips","Conspire","Evolution","FoggyMod","GifTheSpireLib","Highlight Path","Hubris","Minty Spire (QoL Compilation)","Permanent Neow","Quick Restart","Random Character Button","Random Character Mod","Replay The Spire","Shop Mod","Spicy Shops","StSLib","Stuff the Spire","Transform Curses","Wandering Minibosses","vexMod","óô»ðÖ¸ÄÏ"],"gold_per_floor":[99,99,110,448,448,475,475,504,583,658,658,672,699,699,699,797,797,812,764,784,784,670,696,707,736,815,815,850,850,850,425,425,526,526,544,544,544,396,396,501,501,501,501,501,501,501,526,538,538,538,538,538,475,508,508],"floor_reached":56,"language":"ENG","playtime":2899,"items_purged":["Defend_R"],"score":2290,"play_id":"1c408a29-7ccf-4e0b-89d0-c40af9bf57b2","local_time":"20210118230007","is_ascension_mode":true,"campfire_choices":[{"data":"Armaments","floor":11,"key":"SMITH"},{"data":"Armaments","floor":15,"key":"SMITH"},{"data":"Massacre","floor":27,"key":"SMITH"},{"data":"Massacre+1","floor":30,"key":"SMITH"},{"data":"StuffTheSpire:BrainWave","floor":32,"key":"SMITH"},{"floor":42,"key":"RECALL"},{"data":"StuffTheSpire:BrainWave+1","floor":44,"key":"SMITH"},{"data":"StuffTheSpire:BrainWave+2","floor":49,"key":"SMITH"},{"data":"Massacre+2","floor":52,"key":"SMITH"}],"circlet_count":0,"master_deck":["Armaments+1","Armaments+1","Flex","Pommel Strike+1","StuffTheSpire:Slingshot+1","Armaments+1","Flex","Armaments+1","Massacre+3","StuffTheSpire:BrainWave+3","Hemogenesis","ReplayUltimateDefense","conspire:Banana","conspire:Banana"],"relics":["StuffTheSpire:OccultApparatus","vexMod:MysteryBossChallenge","Philosopher\u0027s Stone","hubris:Backtick","conspire:InfiniteJournal","hubris:Backtick","StuffTheSpire:DarkSteelAnvil","Old Coin","vexMod:ScavengeHelm","ReplayFunnel","Singing Bowl","aspiration:SeaSaltIceCream","StuffTheSpire:DarkSteelAnvil","FaceOfCleric","hubris:TerracottaHorce","StuffTheSpire:GrapeVine","Omamori","hubris:SphereOfDissonance","hubris:Reverence","hubris:Towel","Replay:Drink Me","hubris:Icosahedron","Replay:Baseball","ReplayTheSpireMod:Ring of Challenge","hubris:TenFootPole","Whetstone","conspire:TopHat","Blue Doll","hubris:SlimyHat","Red Skull","Mirror","Oddly Smooth Stone"],"acts_visited":["Exordium","TheCity","TheBeyond","TheEnding"],"potions_floor_usage":[8,18,24,25],"damage_taken":[{"damage":0,"enemies":"Cultist","floor":3,"turns":2},{"damage":16,"enemies":"Lagavulin","floor":6,"turns":4},{"damage":1,"enemies":"3 Sentries","floor":8,"turns":6},{"damage":8,"enemies":"Jaw Worm","floor":12,"turns":2},{"damage":11,"enemies":"Lagavulin","floor":13,"turns":5},{"damage":5,"enemies":"Hexaghost","floor":16,"turns":6},{"damage":14,"enemies":"3 Byrds","floor":18,"turns":3},{"damage":16,"enemies":"Shell Parasite","floor":20,"turns":3},{"damage":7,"enemies":"Book of Stabbing","floor":23,"turns":4},{"damage":13,"enemies":"Shelled Parasite and Fungi","floor":24,"turns":3},{"damage":5,"enemies":"Gremlin Leader","floor":25,"turns":2},{"damage":12,"enemies":"conspire:Head Lice","floor":28,"turns":2},{"damage":5,"enemies":"Collector","floor":33,"turns":1},{"damage":0,"enemies":"Orb Walker","floor":35,"turns":1},{"damage":0,"enemies":"R_Hoarder","floor":40,"turns":1},{"damage":0,"enemies":"Nemesis","floor":47,"turns":1},{"damage":0,"enemies":"3 Shapes","floor":48,"turns":1},{"damage":0,"enemies":"Donu and Deca","floor":50,"turns":2},{"damage":0,"enemies":"Shield and Spear","floor":54,"turns":4},{"damage":0,"enemies":"The Heart","floor":55,"turns":6}],"seed_played":"-3804048742964277918","potions_obtained":[{"floor":6,"key":"Reflective Coating"},{"floor":8,"key":"Fire Potion"},{"floor":13,"key":"Doom Potion"},{"floor":23,"key":"LiquidMemories"},{"floor":24,"key":"Swift Potion"},{"floor":28,"key":"SteroidPotion"},{"floor":35,"key":"Explosive Potion"}],"is_trial":false,"path_per_floor":["M","?","M","?","?","E","?","E","T","?","R","M","E","?","R","B",null,"M","$","M","?","$","E","M","E","T","R","E","?","R","?","R","B",null,"M","?","?","$","?","E","?","R","T","R","$","?","E","M","R","B",null,"R","$","E","B",null],"character_chosen":"IRONCLAD","items_purchased":["Flex","Armaments+1","Replay:Baseball","conspire:Banana"],"campfire_rested":0,"item_purchase_floors":[19,22,38,53],"current_hp_per_floor":[80,80,80,60,60,44,44,43,43,32,32,24,15,15,15,11,65,52,52,39,39,39,35,23,21,21,21,12,12,12,12,12,8,58,75,73,73,73,73,76,76,76,76,76,76,75,78,81,81,87,87,87,87,191,200],"gold":508,"neow_bonus":"BOSS_RELIC","is_daily":false,"chose_seed":false,"campfire_upgraded":8,"win_rate":0.0,"timestamp":1610982007,"path_taken":["M","?","?","?","?","E","?","E","T","?","R","?","E","?","R","BOSS","M","$","?","?","$","E","?","E","T","R","E","?","R","?","R","BOSS","M","?","?","$","?","E","?","R","T","R","?","?","E","?","R","BOSS","R","$","E","BOSS"],"items_purchased_type":["Card","Card","Relic","Card"],"build_version":"2020-12-22","purchased_purges":1,"victory":true,"max_hp_per_floor":[80,80,80,80,80,80,80,80,80,80,80,80,82,82,82,83,83,84,84,87,87,87,90,91,94,94,94,97,97,97,97,97,98,74,77,73,73,73,73,76,76,76,76,76,76,80,83,86,86,87,87,87,87,191,200],"card_choices":[{"not_picked":["Body Slam","Hemokinesis"],"picked":"Armaments","floor":3},{"not_picked":["Warcry","Wild Strike"],"picked":"StuffTheSpire:Slingshot","floor":4},{"not_picked":["StuffTheSpire:Incineration","Blood for Blood"],"picked":"Armaments","floor":6},{"not_picked":["StuffTheSpire:Incineration","Clothesline","Perfected Strike"],"picked":"SKIP","floor":8},{"not_picked":["Seeing Red","StuffTheSpire:Pyroclast"],"picked":"Cleave","floor":12},{"not_picked":["StuffTheSpire:Incineration","StuffTheSpire:Slingshot","Thunderclap"],"picked":"Singing Bowl","floor":13},{"not_picked":["Feed","Double Tap"],"picked":"conspire:Purge","floor":16},{"not_picked":["Warcry","Body Slam"],"picked":"hubris:ReadiedAction+1","floor":18},{"not_picked":["conspire:Charge","StuffTheSpire:Slingshot+1","Anger"],"picked":"Singing Bowl","floor":20},{"not_picked":["Defy Death+1","Twin Strike+1","Feed"],"picked":"Singing Bowl","floor":23},{"not_picked":["StuffTheSpire:Incineration","Pummel+1"],"picked":"Massacre","floor":24},{"not_picked":["Shockwave","Run Through","Rage+1"],"picked":"Singing Bowl","floor":25},{"not_picked":["Ghostly Armor+1","Sever Soul+1","hubris:ReadiedAction+1"],"picked":"Singing Bowl","floor":28},{"not_picked":["conspire:Purge","Barricade"],"picked":"Hemogenesis","floor":33},{"not_picked":["Headbutt+1","Anger+1","Clash+1"],"picked":"Singing Bowl","floor":35},{"not_picked":["Warcry+1","Spot Weakness","Sentinel"],"picked":"Singing Bowl","floor":40},{"not_picked":["ReplayTheSpireMod:Uncanny Aura","HandOfGreed","Dark Shackles"],"picked":"Singing Bowl","floor":46},{"not_picked":["Magnetism","StuffTheSpire:Recharge","Madness"],"picked":"Singing Bowl","floor":46},{"not_picked":["Mind Blast","Specialist"],"picked":"ReplayUltimateDefense","floor":46},{"not_picked":["True Grit","ReplayTheSpireMod:Strike From Hell","Rampage+1"],"picked":"Singing Bowl","floor":47},{"not_picked":["Twin Strike","Dropkick+1","Replay:Undeath\u0027s Touch+1"],"picked":"Singing Bowl","floor":48},{"not_picked":["Sever Soul","Reckless Charge+1","Thunderclap"],"picked":"Singing Bowl","floor":54}],"player_experience":246000,"relics_obtained":[{"floor":4,"key":"Old Coin"},{"floor":6,"key":"vexMod:ScavengeHelm"},{"floor":8,"key":"ReplayFunnel"},{"floor":9,"key":"Singing Bowl"},{"floor":13,"key":"aspiration:SeaSaltIceCream"},{"floor":23,"key":"StuffTheSpire:GrapeVine"},{"floor":25,"key":"Omamori"},{"floor":26,"key":"hubris:SphereOfDissonance"},{"floor":28,"key":"hubris:Reverence"},{"floor":39,"key":"ReplayTheSpireMod:Ring of Challenge"},{"floor":40,"key":"hubris:TenFootPole"},{"floor":40,"key":"Whetstone"},{"floor":40,"key":"conspire:TopHat"},{"floor":40,"key":"Blue Doll"},{"floor":40,"key":"hubris:SlimyHat"},{"floor":40,"key":"Red Skull"},{"floor":47,"key":"Mirror"},{"floor":54,"key":"Oddly Smooth Stone"}],"event_choices":[{"cards_removed":["Strike_R"],"damage_healed":0,"gold_gain":0,"player_choice":"Purged","damage_taken":0,"max_hp_gain":0,"max_hp_loss":0,"event_name":"Purifier","floor":2,"gold_loss":0},{"damage_healed":0,"gold_gain":75,"player_choice":"Gold","damage_taken":11,"max_hp_gain":0,"max_hp_loss":0,"event_name":"betterThird:BetterGoop","floor":10,"gold_loss":0},{"damage_healed":0,"gold_gain":0,"player_choice":"Trade","damage_taken":0,"relics_obtained":["FaceOfCleric"],"max_hp_gain":0,"max_hp_loss":0,"event_name":"FaceTrader","floor":14,"gold_loss":0},{"damage_healed":0,"gold_gain":0,"player_choice":"Max HP","damage_taken":0,"max_hp_gain":0,"max_hp_loss":4,"event_name":"Winding Halls","floor":36,"gold_loss":0},{"cards_removed":["Armaments"],"damage_healed":0,"gold_gain":0,"player_choice":"Removed Skill","damage_taken":0,"max_hp_gain":0,"max_hp_loss":0,"event_name":"Falling","floor":41,"gold_loss":0},{"damage_healed":0,"gold_gain":0,"player_choice":"Memory 3","damage_taken":10,"max_hp_gain":0,"max_hp_loss":0,"event_name":"SensoryStone","floor":46,"gold_loss":0}],"is_beta":false,"boss_relics":[{"not_picked":["aspiration:PoetsPen_weak","Kintsugi"],"picked":"hubris:TerracottaHorce"},{"not_picked":["hubris:Backtick","conspire:RunicOctahedron"],"picked":"Replay:Drink Me"}],"items_purged_floors":[22],"is_endless":false,"potions_floor_spawned":[6,8,13,23,24,28,35,48],"ascension_level":9}}