{"host":"w4b7hmige5bnqipq","time":1610985841,"event":{"mods":["2.2 Compatiblity","BaseMod","Colored Map","DeckTracker","Keyboard Shortcuts","Minty Spire (QoL Compilation)","Permanent Neow","Rare Cards Sparkle","SuperFastMode","everything is the same but u backflip on backflip","slay the spire mod where everything is the same but ironclad has a cowboy hat"],"gold_per_floor":[13,13,63,77,95,95,113,130,130,144,164,164,194,194,194,194,194],"floor_reached":16,"language":"KOR","playtime":470,"items_purged":[],"score":208,"play_id":"413d3160-ba33-4859-a2c4-ab0c9e9778a0","local_time":"20210119000401","is_ascension_mode":true,"campfire_choices":[{"data":"Neutralize","floor":6,"key":"SMITH"},{"floor":12,"key":"REST"},{"data":"Tactician","floor":15,"key":"SMITH"}],"circlet_count":0,"master_deck":["AscendersBane","Strike_G","Strike_G","Strike_G","Defend_G","Defend_G","Defend_G","Defend_G","Survivor","Neutralize+1","Caltrops","PiercingWail","Backflip","Eviscerate","Tactician+1"],"relics":["Ring of the Snake","Darkstone Periapt","Potion Belt"],"acts_visited":["Exordium"],"potions_floor_usage":[13,16,16,16],"damage_taken":[{"damage":4.0,"enemies":"Small Slimes","floor":1.0,"turns":6.0},{"damage":2,"enemies":"Cultist","floor":4,"turns":5},{"damage":0,"enemies":"2 Louse","floor":5,"turns":4},{"damage":2,"enemies":"Exordium Thugs","floor":7,"turns":7},{"damage":0,"enemies":"Looter","floor":8,"turns":4},{"damage":17,"enemies":"Gremlin Gang","floor":10,"turns":6},{"damage":12,"enemies":"Exordium Wildlife","floor":11,"turns":6},{"damage":27,"enemies":"Lagavulin","floor":13,"turns":9},{"damage":61,"enemies":"Slime Boss","floor":16,"turns":7}],"seed_played":"-3154666102287946140","potions_obtained":[{"floor":5,"key":"SneckoOil"},{"floor":7,"key":"FairyPotion"},{"floor":10,"key":"PowerPotion"},{"floor":13,"key":"LiquidBronze"},{"floor":14,"key":"SneckoOil"},{"floor":14,"key":"CunningPotion"}],"is_trial":false,"path_per_floor":["M","?","?","M","M","R","M","M","T","M","M","R","E","?","R","B"],"character_chosen":"THE_SILENT","items_purchased":[],"campfire_rested":1,"item_purchase_floors":[],"current_hp_per_floor":[55,55,49,47,47,47,45,45,45,28,16,35,8,8,8,0,0],"gold":194,"neow_bonus":"TRANSFORM_TWO_CARDS","is_daily":false,"chose_seed":false,"campfire_upgraded":2,"win_rate":0.0,"timestamp":1610985841,"path_taken":["M","?","?","M","?","R","M","M","T","M","M","R","E","?","R","BOSS"],"items_purchased_type":[],"build_version":"2020-12-22","purchased_purges":0,"victory":false,"max_hp_per_floor":[66,66,66,66,66,66,66,66,66,66,66,66,66,66,66,66,66],"card_choices":[{"not_picked":["Blade Dance","Infinite Blades","Distraction"],"picked":"SKIP","floor":1.0},{"not_picked":["Distraction","Sucker Punch","Finisher"],"picked":"SKIP","floor":4},{"not_picked":["Finisher","PiercingWail","Sucker Punch"],"picked":"SKIP","floor":5},{"not_picked":["Outmaneuver","Masterful Stab"],"picked":"Backflip","floor":7},{"not_picked":["Dodge and Roll","Flechettes"],"picked":"Eviscerate","floor":8},{"not_picked":["Terror","Setup"],"picked":"Tactician","floor":10},{"not_picked":["Dagger Spray","Dodge and Roll","Dash"],"picked":"SKIP","floor":11},{"not_picked":["Outmaneuver","Sucker Punch","Terror"],"picked":"SKIP","floor":13}],"player_experience":516509,"relics_obtained":[{"floor":9,"key":"Darkstone Periapt"},{"floor":13,"key":"Potion Belt"}],"event_choices":[{"cards_removed":["Strike_G"],"damage_healed":0.0,"max_hp_gain":0.0,"max_hp_loss":0.0,"gold_gain":0.0,"event_name":"Living Wall","player_choice":"Forget","floor":2.0,"gold_loss":0.0,"damage_taken":0.0},{"damage_healed":0,"gold_gain":50,"player_choice":"Touch","damage_taken":6,"max_hp_gain":0,"max_hp_loss":0,"event_name":"FaceTrader","floor":3,"gold_loss":0},{"damage_healed":0,"gold_gain":0,"player_choice":"Got Potions","damage_taken":0,"max_hp_gain":0,"max_hp_loss":0,"event_name":"Lab","floor":14,"gold_loss":0}],"is_beta":false,"boss_relics":[],"items_purged_floors":[],"is_endless":false,"potions_floor_spawned":[5,7,10,13],"killed_by":"Slime Boss","ascension_level":20}}