{"host":"bf9sa99gaumonoeu","time":1610981206,"event":{"mods":["AchievementEnabler","Act Like it!","Aspiration","BaseMod","Bestiary","Better Note","Block Reminder","Colored Map","Colored Powertips","Fox Events","Friendly Minions","Gensokyo","GifTheSpireLib","Googly Eyes","Hallownest","Hermit","Highlight Path","Hubris","Jorbs\u0027s Wanderer Trilogy","KinomotoSakuraMod(????)","Koishi","Marisa????????","Minty Spire (QoL Compilation)","Rare Cards Sparkle","Reimu??????","Relic Stats","Remilia??????","Replay The Spire","StS++","StSLib","The Administrix","The Animator","The Blue Laboratory","The Bug Knight","The Construct","The Cursed","The Hierophant","The Mystic","The Necromancer","The Poker Player","The Runesmith","The Senshi","The Servant 0.9.4"],"gold_per_floor":[113,133,133,145,28,28,40,52,52,52,78,78,113,113,113,113,113],"floor_reached":16,"language":"ENG","playtime":764,"items_purged":[],"score":220,"play_id":"3338370c-c45e-4d43-84cf-fb9130c5c9ab","local_time":"20210118124646","is_ascension_mode":true,"campfire_choices":[{"data":"Noxious Fumes","floor":6,"key":"SMITH"},{"floor":12,"key":"REST"},{"data":"Night Terror","floor":15,"key":"SMITH"}],"circlet_count":0,"master_deck":["AscendersBane","Strike_G","Strike_G","Strike_G","Strike_G+1","Strike_G","Defend_G","Defend_G","Defend_G","Defend_G","Defend_G+1","Survivor","Neutralize","Slice","Blur","Backstab","Blur","Noxious Fumes+1","Dagger Spray","Night Terror+1","Die Die Die","Cloak And Dagger"],"relics":["Ring of the Snake","aspiration:DSix","InkBottle","aspiration:SeaSaltIceCream","aspiration:Nostalgia","ScarletHat","ReplayTheSpireMod:Ring of Collecting"],"acts_visited":["Exordium"],"potions_floor_usage":[8,11,16],"damage_taken":[{"damage":2,"enemies":"2 Louse","floor":1,"turns":4},{"damage":1,"enemies":"Small Slimes","floor":2,"turns":3},{"damage":0,"enemies":"Cultist","floor":4,"turns":4},{"damage":0,"enemies":"Blue Slaver","floor":7,"turns":4},{"damage":5,"enemies":"Exordium Wildlife","floor":8,"turns":4},{"damage":19,"enemies":"Gremlin Nob","floor":11,"turns":4},{"damage":2,"enemies":"Replay:BlueRogue","floor":13,"turns":7},{"damage":30,"enemies":"Hexaghost","floor":16,"turns":10}],"seed_played":"-6677368984585569505","potions_obtained":[{"floor":4,"key":"blueLaboratory:NinjaPotion"},{"floor":7,"key":"DistilledChaos"},{"floor":13,"key":"FearPotion"}],"is_trial":false,"path_per_floor":["M","M","?","M","$","R","M","M","T","?","E","R","E","?","R","B"],"character_chosen":"THE_SILENT","items_purchased":["Blur","Noxious Fumes"],"campfire_rested":1,"item_purchase_floors":[5,5],"current_hp_per_floor":[57,56,36,36,36,36,36,31,31,31,12,31,29,29,29,0,0],"gold":113,"neow_bonus":"DSIX","is_daily":false,"chose_seed":false,"campfire_upgraded":2,"win_rate":0.0,"timestamp":1610981206,"path_taken":["M","M","?","M","$","R","M","M","T","?","E","R","E","?","R","BOSS"],"items_purchased_type":["Card","Card"],"build_version":"2020-12-22","purchased_purges":0,"victory":false,"max_hp_per_floor":[66,66,66,66,66,66,66,66,66,66,66,66,66,66,66,66,66],"relic_stats":{"counters":[8,40],"obtain_stats":[{"aspiration:Nostalgia":13,"ReplayTheSpireMod:Ring of Collecting":14,"aspiration:SeaSaltIceCream":13,"aspiration:DSix":0,"InkBottle":11,"ScarletHat":13,"Ring of the Snake":0},{"aspiration:Nostalgia":7,"ReplayTheSpireMod:Ring of Collecting":7,"aspiration:SeaSaltIceCream":7,"aspiration:DSix":0,"InkBottle":6,"ScarletHat":7,"Ring of the Snake":0},{"aspiration:Nostalgia":30,"ReplayTheSpireMod:Ring of Collecting":30,"aspiration:SeaSaltIceCream":30,"aspiration:DSix":0,"InkBottle":23,"ScarletHat":30,"Ring of the Snake":0}],"InkBottle":[6],"Ring of the Snake":[16]},"card_choices":[{"not_picked":["Bane","Dodge and Roll"],"picked":"Slice","floor":1},{"not_picked":["Finisher","StSpp:PoisonousPunch"],"picked":"Blur","floor":2},{"not_picked":["Sucker Punch","Quick Slash"],"picked":"Backstab","floor":4},{"not_picked":["StSpp:Throw","Acrobatics"],"picked":"Dagger Spray","floor":7},{"not_picked":["Dagger Spray","Acrobatics"],"picked":"Night Terror","floor":8},{"not_picked":["StSpp:SpareBlade","StSpp:Throw"],"picked":"Die Die Die","floor":11},{"not_picked":["Sucker Punch","ReplayTheSpireMod:Exploit Weakness"],"picked":"Cloak And Dagger","floor":13}],"player_experience":976728,"relics_obtained":[{"floor":11,"key":"InkBottle"},{"floor":13,"key":"aspiration:SeaSaltIceCream"},{"floor":14,"key":"ReplayTheSpireMod:Ring of Collecting"}],"event_choices":[{"damage_healed":0,"gold_gain":0,"player_choice":"Entered Light","damage_taken":20,"max_hp_gain":0,"max_hp_loss":0,"event_name":"Shining Light","floor":3,"gold_loss":0,"cards_upgraded":["Defend_G","Strike_G"]},{"damage_healed":0,"gold_gain":0,"player_choice":"Searched \u00270\u0027 times","damage_taken":0,"max_hp_gain":0,"max_hp_loss":0,"event_name":"Dead Adventurer","floor":10,"gold_loss":0},{"damage_healed":0,"gold_gain":0,"player_choice":"Searched \u00270\u0027 times","damage_taken":0,"max_hp_gain":0,"max_hp_loss":0,"event_name":"Dead Adventurer","floor":10,"gold_loss":0}],"is_beta":false,"boss_relics":[],"items_purged_floors":[],"is_endless":false,"potions_floor_spawned":[4,7,13],"killed_by":"Hexaghost","ascension_level":20}}