{"host":"640uue19m79c7wbt","time":1610996374,"event":{"mods":["BaseMod","Colored Map","Googly Eyes","Highlight Path","Minty Spire (QoL Compilation)","Quick Restart","StSLib"],"gold_per_floor":[119,119,119,194,43,68,82,100,125,153,163,182,182,182],"floor_reached":13,"language":"ENG","playtime":334,"items_purged":[],"score":198,"play_id":"46253376-5109-44fe-84ba-08420946794d","local_time":"20210118135934","is_ascension_mode":true,"campfire_choices":[],"circlet_count":0,"master_deck":["AscendersBane","Strike_G","Strike_G","Strike_G","Strike_G","Defend_G","Defend_G","Defend_G","Defend_G","Defend_G","Survivor","Neutralize","Well Laid Plans","A Thousand Cuts","Storm of Steel","Predator","Grand Finale","Night Terror"],"relics":["Ring of the Snake","NeowsBlessing","HornCleat","Pantograph","Snake Skull","Orichalcum","Oddly Smooth Stone","Potion Belt"],"acts_visited":["Exordium"],"potions_floor_usage":[1,10,10],"damage_taken":[{"damage":0,"enemies":"Jaw Worm","floor":1,"turns":1},{"damage":0,"enemies":"3 Sentries","floor":6,"turns":1},{"damage":0,"enemies":"2 Louse","floor":7,"turns":1},{"damage":0,"enemies":"Cultist","floor":8,"turns":3},{"damage":17,"enemies":"Lagavulin","floor":10,"turns":5},{"damage":2,"enemies":"Blue Slaver","floor":11,"turns":3},{"damage":10,"enemies":"Lots of Slimes","floor":12,"turns":3},{"damage":38,"enemies":"Gremlin Nob","floor":13,"turns":4}],"seed_played":"8000720215270329098","potions_obtained":[{"floor":1,"key":"EntropicBrew"},{"floor":7,"key":"Strength Potion"}],"is_trial":false,"path_per_floor":["M","?","?","T","$","E","M","M","T","E","M","M","E"],"character_chosen":"THE_SILENT","items_purchased":["Snake Skull"],"campfire_rested":0,"item_purchase_floors":[5],"current_hp_per_floor":[63,63,60,60,60,60,60,60,60,43,41,31,0,0],"gold":182,"neow_bonus":"THREE_ENEMY_KILL","is_daily":false,"chose_seed":false,"campfire_upgraded":0,"win_rate":0.0,"timestamp":1610996374,"path_taken":["M","?","?","?","?","E","?","M","T","E","M","M","E"],"items_purchased_type":["Relic"],"build_version":"2020-12-22","purchased_purges":0,"victory":false,"max_hp_per_floor":[70,70,70,70,70,70,70,70,70,70,70,70,70,70],"card_choices":[{"not_picked":["Predator","Deadly Poison"],"picked":"Well Laid Plans","floor":1},{"not_picked":["Dagger Throw","Bane"],"picked":"Storm of Steel","floor":6},{"not_picked":["Setup","Terror"],"picked":"Predator","floor":7},{"not_picked":["Catalyst","Outmaneuver","Sucker Punch"],"picked":"SKIP","floor":8},{"not_picked":["Acrobatics","Poisoned Stab"],"picked":"Grand Finale","floor":10},{"not_picked":["Dodge and Roll","Poisoned Stab","Deflect"],"picked":"SKIP","floor":11},{"not_picked":["Crippling Poison","Dash"],"picked":"Night Terror","floor":12}],"player_experience":605165,"relics_obtained":[{"floor":4,"key":"Pantograph"},{"floor":6,"key":"Orichalcum"},{"floor":9,"key":"Oddly Smooth Stone"},{"floor":10,"key":"Potion Belt"}],"event_choices":[{"damage_healed":0,"gold_gain":0,"cards_transformed":["Strike_G"],"player_choice":"Change","damage_taken":0,"max_hp_gain":0,"max_hp_loss":0,"event_name":"Living Wall","floor":2,"gold_loss":0,"cards_obtained":["A Thousand Cuts"]},{"damage_healed":0,"gold_gain":0,"player_choice":"Success","damage_taken":3,"relics_obtained":["HornCleat"],"max_hp_gain":0,"max_hp_loss":0,"event_name":"Scrap Ooze","floor":3,"gold_loss":0}],"is_beta":false,"boss_relics":[],"items_purged_floors":[],"is_endless":false,"potions_floor_spawned":[1,7,8],"killed_by":"Gremlin Nob","ascension_level":13}}