{"host":"nz3b9aqbmxhcwgr9","time":1610944947,"event":{"mods":["BaseMod","Minty Spire (QoL Compilation)","Quick Restart","Relic Stats","StSLib","Waifu the Spire"],"gold_per_floor":[209,227,245,395,409,409,439,439,485,47,64,77,77,92,92,170,170,186,186,186,196,212,212,212],"floor_reached":23,"language":"ENG","playtime":633,"items_purged":[],"score":490,"play_id":"516e0d16-81ff-464c-b279-5cfa2b01a217","local_time":"20210117224227","is_ascension_mode":true,"campfire_choices":[{"data":"Streamline","floor":6,"key":"SMITH"},{"data":"Compile Driver","floor":8,"key":"SMITH"},{"data":"Genetic Algorithm","floor":15,"key":"SMITH"}],"circlet_count":0,"master_deck":["AscendersBane","Defend_B","Defend_B","Defend_B","Defend_B","Zap","Dualcast","Streamline+1","BootSequence","Compile Driver+1","Doubt","Sweeping Beam","Ball Lightning","Genetic Algorithm+1","Rainbow","Capacitor+1","Fission+1","White Noise+1","Rebound","Reprogram","White Noise+1","Consume","Coolheaded"],"relics":["Cracked Core","Letter Opener","DataDisk","White Beast Statue","Bag of Preparation","Oddly Smooth Stone","Astrolabe"],"acts_visited":["Exordium","TheCity"],"potions_floor_usage":[5,12,16,16,23,23],"damage_taken":[{"damage":0,"enemies":"Cultist","floor":1,"turns":4},{"damage":4,"enemies":"2 Louse","floor":2,"turns":3},{"damage":0,"enemies":"Jaw Worm","floor":3,"turns":3},{"damage":0,"enemies":"2 Fungi Beasts","floor":5,"turns":2},{"damage":25,"enemies":"3 Sentries","floor":7,"turns":8},{"damage":10,"enemies":"Gremlin Gang","floor":11,"turns":3},{"damage":0,"enemies":"Exordium Wildlife","floor":12,"turns":2},{"damage":0,"enemies":"Looter","floor":14,"turns":2},{"damage":0,"enemies":"Slime Boss","floor":16,"turns":6},{"damage":3,"enemies":"Chosen","floor":18,"turns":6},{"damage":37,"enemies":"2 Thieves","floor":21,"turns":4},{"damage":18,"enemies":"Sentry and Sphere","floor":22,"turns":5},{"damage":12,"enemies":"Book of Stabbing","floor":23,"turns":2}],"seed_played":"-4382351079704902865","potions_obtained":[{"floor":2,"key":"SteroidPotion"},{"floor":5,"key":"Fruit Juice"},{"floor":11,"key":"FocusPotion"},{"floor":12,"key":"Fire Potion"},{"floor":16,"key":"PowerPotion"},{"floor":18,"key":"LiquidBronze"},{"floor":22,"key":"PowerPotion"}],"is_trial":false,"path_per_floor":["M","M","M","?","M","R","E","R","T","$","M","M","?","M","R","B",null,"M","?","?","M","M","E"],"character_chosen":"DEFECT","items_purchased":["White Beast Statue","Bag of Preparation"],"campfire_rested":0,"item_purchase_floors":[10,10],"current_hp_per_floor":[64,60,60,60,60,60,35,35,35,35,25,30,30,30,30,30,65,62,62,62,25,7,0,0],"gold":212,"neow_bonus":"HUNDRED_GOLD","is_daily":false,"chose_seed":false,"campfire_upgraded":3,"win_rate":0.0,"timestamp":1610944947,"path_taken":["M","?","M","?","M","R","E","R","T","?","M","M","?","?","R","BOSS","M","?","?","M","?","E"],"items_purchased_type":["Relic","Relic"],"build_version":"2020-12-22","purchased_purges":0,"victory":false,"max_hp_per_floor":[71,71,71,71,71,71,71,71,71,71,71,76,76,76,76,76,76,76,76,76,76,76,76,76],"relic_stats":{"counters":[13,50],"Astrolabe":["Capacitor","Fission","Auto Shields"],"Bag of Preparation":[16],"Letter Opener":[56],"obtain_stats":[{"DataDisk":9,"Astrolabe":17,"Oddly Smooth Stone":13,"Bag of Preparation":10,"Letter Opener":7,"Cracked Core":0,"White Beast Statue":10},{"DataDisk":5,"Astrolabe":9,"Oddly Smooth Stone":7,"Bag of Preparation":5,"Letter Opener":5,"Cracked Core":0,"White Beast Statue":5},{"DataDisk":20,"Astrolabe":33,"Oddly Smooth Stone":25,"Bag of Preparation":20,"Letter Opener":20,"Cracked Core":0,"White Beast Statue":20}]},"card_choices":[{"not_picked":["Beam Cell","Rebound"],"picked":"Streamline","floor":1},{"not_picked":["Reinforced Body","Leap"],"picked":"BootSequence","floor":2},{"not_picked":["Darkness","Steam Power"],"picked":"Compile Driver","floor":3},{"not_picked":["Streamline","Turbo","Compile Driver"],"picked":"SKIP","floor":5},{"not_picked":["Streamline","Consume"],"picked":"Leap","floor":7},{"not_picked":["Conserve Battery","Stack"],"picked":"Sweeping Beam","floor":11},{"not_picked":["Sweeping Beam","Hologram"],"picked":"Ball Lightning","floor":12},{"not_picked":["Hello World","BootSequence"],"picked":"Genetic Algorithm","floor":14},{"not_picked":["Machine Learning","All For One"],"picked":"Rainbow","floor":16},{"not_picked":["Rebound","Conserve Battery"],"picked":"White Noise+1","floor":18},{"not_picked":["Redo","Turbo"],"picked":"Consume","floor":21},{"not_picked":["Go for the Eyes","Turbo"],"picked":"Coolheaded","floor":22}],"player_experience":826844,"relics_obtained":[{"floor":7,"key":"Letter Opener"},{"floor":9,"key":"DataDisk"}],"event_choices":[{"damage_healed":0,"gold_gain":150,"player_choice":"AGREE","damage_taken":0,"max_hp_gain":0,"max_hp_loss":0,"event_name":"Liars Game","floor":4,"gold_loss":0,"cards_obtained":["Doubt"]},{"cards_removed":["Leap"],"damage_healed":0,"gold_gain":0,"player_choice":"Gave Card","damage_taken":0,"relics_obtained":["Oddly Smooth Stone"],"max_hp_gain":0,"max_hp_loss":0,"event_name":"WeMeetAgain","floor":13,"gold_loss":0},{"damage_healed":0,"gold_gain":0,"cards_transformed":["Strike_B","Auto Shields"],"player_choice":"Became Test Subject","damage_taken":0,"max_hp_gain":0,"max_hp_loss":0,"event_name":"Drug Dealer","floor":19,"gold_loss":0,"cards_obtained":["Rebound","Reprogram"]},{"damage_healed":0,"gold_gain":0,"player_choice":"Copied","damage_taken":0,"max_hp_gain":0,"max_hp_loss":0,"event_name":"Duplicator","floor":20,"gold_loss":0,"cards_obtained":["White Noise"]}],"is_beta":false,"boss_relics":[{"not_picked":["Cursed Key","Pandora\u0027s Box"],"picked":"Astrolabe"}],"items_purged_floors":[],"is_endless":false,"potions_floor_spawned":[2,5,11,12,14,16,18,21,22],"killed_by":"Book of Stabbing","ascension_level":20}}