{"host":"840yoaz69lavfcgt","time":1610948351,"event":{"mods":["BaseMod","Colored Powertips","DeckTracker","Highlight Path","Minty Spire (QoL Compilation)","Synergy Search"],"gold_per_floor":[117,292,292,303,316,316,334,367,367,367,402,461,461,6,6,109,109,119,119,133,133,14,40,130,148,148,165,194,14,33,67,67,168,168,180,193,243,292,306,341,341,357,357,357,4,20,57,93,93,93,93],"floor_reached":50,"language":"ENG","playtime":4296,"items_purged":["Doubt"],"score":870,"play_id":"74e466ab-c58e-4a69-9dbf-387289d161bc","local_time":"20210118003911","is_ascension_mode":false,"campfire_choices":[{"data":"Bandage Up","floor":6.0,"key":"SMITH"},{"floor":10.0,"key":"REST"},{"floor":13.0,"key":"REST"},{"data":"Adrenaline","floor":15.0,"key":"SMITH"},{"data":"Endless Agony","floor":32,"key":"SMITH"},{"floor":41,"key":"REST"},{"floor":49,"key":"DIG"}],"circlet_count":0,"master_deck":["Defend_G","Defend_G","Defend_G+1","Defend_G","Defend_G","Survivor","Neutralize","Bandage Up+1","Poisoned Stab","Slice","Distraction+1","Terror","Adrenaline+1","Noxious Fumes","Bane","Noxious Fumes","Crippling Poison","Flash of Steel","Dagger Spray","Underhanded Strike","Envenom","Blur","Catalyst+1","Bite","Bite","Bite","Bite","Bite","Blade Dance","Good Instincts","PanicButton","Cloak And Dagger","Cloak And Dagger","Backstab","Caltrops","Endless Agony+1","Blade Dance","Quick Slash+1","Bullet Time+1","Infinite Blades","Dagger Spray+1","Slice","Accuracy","Blade Dance+1","Prepared+1","Dodge and Roll+1","Endless Agony","Quick Slash+1","Adrenaline+1","Blind+1","Eviscerate","Blade Dance+1","Deadly Poison+1","Footwork+1","Infinite Blades+1","Bane","Outmaneuver+1","Slice+1","Endless Agony"],"relics":["Ring of the Snake","Matryoshka","PreservedInsect","Meat on the Bone","Orichalcum","Lantern","Membership Card","StrikeDummy","WristBlade","Ninja Scroll","Blue Candle","War Paint","The Specimen","Tingsha","Mummified Hand","Toxic Egg 2","HoveringKite","Prayer Wheel","Shovel","Ginger","Frozen Egg 2","Strawberry","Anchor","DollysMirror","CeramicFish","Blood Vial"],"acts_visited":["Exordium","TheCity","TheBeyond"],"potions_floor_usage":[31,33,33,33,38,47,50,50],"damage_taken":[{"damage":0.0,"enemies":"Jaw Worm","floor":1.0,"turns":6.0},{"damage":0.0,"enemies":"Small Slimes","floor":4.0,"turns":3.0},{"damage":2.0,"enemies":"Cultist","floor":5.0,"turns":4.0},{"damage":4.0,"enemies":"Looter","floor":7.0,"turns":4.0},{"damage":68.0,"enemies":"3 Sentries","floor":8.0,"turns":17.0},{"damage":23.0,"enemies":"Lagavulin","floor":11.0,"turns":5.0},{"damage":17.0,"enemies":"Lagavulin Event","floor":12.0,"turns":5.0},{"damage":25.0,"enemies":"Slime Boss","floor":16.0,"turns":6.0},{"damage":9.0,"enemies":"Shell Parasite","floor":18.0,"turns":5.0},{"damage":1.0,"enemies":"Chosen","floor":20.0,"turns":4.0},{"damage":23.0,"enemies":"Gremlin Leader","floor":23.0,"turns":5.0},{"damage":2.0,"enemies":"3 Cultists","floor":25.0,"turns":4.0},{"damage":3.0,"enemies":"Centurion and Healer","floor":27.0,"turns":3.0},{"damage":0.0,"enemies":"Book of Stabbing","floor":28.0,"turns":4.0},{"damage":0.0,"enemies":"Cultist and Chosen","floor":30.0,"turns":3.0},{"damage":0,"enemies":"Gremlin Leader","floor":31,"turns":2},{"damage":37,"enemies":"Automaton","floor":33,"turns":8},{"damage":0,"enemies":"Orb Walker","floor":35,"turns":3},{"damage":1,"enemies":"3 Darklings","floor":36,"turns":3},{"damage":0,"enemies":"Mind Bloom Boss Battle","floor":37,"turns":5},{"damage":56,"enemies":"2 Orb Walkers","floor":38,"turns":5},{"damage":17,"enemies":"Maw","floor":39,"turns":6},{"damage":35,"enemies":"Reptomancer","floor":40,"turns":4},{"damage":1,"enemies":"Jaw Worm Horde","floor":42,"turns":3},{"damage":0,"enemies":"Spire Growth","floor":46,"turns":2},{"damage":0,"enemies":"Nemesis","floor":47,"turns":1},{"damage":0,"enemies":"4 Shapes","floor":48,"turns":3},{"damage":73,"enemies":"Awakened One","floor":50,"turns":6}],"seed_played":"-8342127290435421732","potions_obtained":[{"floor":8.0,"key":"LiquidBronze"},{"floor":11.0,"key":"Fire Potion"},{"floor":12.0,"key":"LiquidBronze"},{"floor":16.0,"key":"FearPotion"},{"floor":20.0,"key":"Fire Potion"},{"floor":27.0,"key":"AttackPotion"},{"floor":28.0,"key":"Weak Potion"},{"floor":30.0,"key":"Ancient Potion"},{"floor":31,"key":"Ancient Potion"},{"floor":36,"key":"FairyPotion"},{"floor":37,"key":"Block Potion"},{"floor":42,"key":"BlessingOfTheForge"},{"floor":47,"key":"PowerPotion"},{"floor":48,"key":"Block Potion"}],"is_trial":false,"path_per_floor":["M","?","?","M","M","R","M","E","T","R","E","?","R","$","R","B",null,"M","?","M","?","$","E","?","M","T","M","E","$","M","E","R","B",null,"M","M","?","?","M","E","R","M","T","T","$","M","E","M","R","B"],"character_chosen":"THE_SILENT","items_purchased":["Membership Card","Noxious Fumes","Crippling Poison","Flash of Steel","StrikeDummy","Dagger Spray","Underhanded Strike","Ninja Scroll","Mummified Hand","Caltrops","Endless Agony","Anchor","DollysMirror","Blind+1","Eviscerate","Blade Dance+1","Deadly Poison+1","Footwork+1","BlessingOfTheForge","AttackPotion"],"campfire_rested":3,"item_purchase_floors":[14,14,14,14,14,14,14,22,29,29,29,45,45,45,45,45,45,45,45,45],"current_hp_per_floor":[70,70,70,70,68,68,70,8,8,29,24,25,46,46,46,39,70,61,48,53,52,52,36,11,31,31,32,48,48,52,52,52,31,52,52,52,52,27,36,15,30,35,35,42,42,42,46,56,56,0,0],"gold":93,"neow_bonus":"RANDOM_COLORLESS","is_daily":false,"chose_seed":false,"campfire_upgraded":3,"win_rate":0.0,"timestamp":1610948351,"path_taken":["M","?","?","?","M","R","M","E","T","R","E","?","R","$","R","BOSS","M","?","M","?","?","E","?","M","T","M","E","$","M","E","R","BOSS","M","M","?","?","?","E","R","M","T","?","$","M","E","M","R","BOSS"],"items_purchased_type":["Relic","Card","Card","Card","Relic","Card","Card","Relic","Relic","Card","Card","Relic","Relic","Card","Card","Card","Card","Card","Potion","Potion"],"build_version":"2020-12-22","purchased_purges":1,"victory":false,"max_hp_per_floor":[70,70,70,70,70,70,70,70,70,70,70,70,70,70,70,70,70,70,75,75,52,52,52,52,52,52,52,52,52,52,52,52,52,52,52,52,52,52,52,52,52,52,52,59,59,59,59,59,59,59,59],"card_choices":[{"not_picked":["Impatience","PanicButton"],"picked":"Bandage Up","floor":0.0},{"not_picked":["Acrobatics","Slice"],"picked":"Poisoned Stab","floor":1.0},{"not_picked":["Tactician","Deflect"],"picked":"Slice","floor":4.0},{"not_picked":["Dagger Spray","Infinite Blades"],"picked":"Distraction","floor":5.0},{"not_picked":["Calculated Gamble","Bane"],"picked":"Terror","floor":7.0},{"not_picked":["Infinite Blades","Prepared"],"picked":"Adrenaline","floor":8.0},{"not_picked":["Acrobatics","Outmaneuver"],"picked":"Noxious Fumes","floor":11.0},{"not_picked":["Skewer","Underhanded Strike"],"picked":"Bane","floor":12.0},{"not_picked":["Wraith Form v2","Unload"],"picked":"Envenom","floor":16.0},{"not_picked":["Reflex+1","Distraction"],"picked":"Blur","floor":18.0},{"not_picked":["Dagger Spray","Poisoned Stab"],"picked":"Catalyst+1","floor":20.0},{"not_picked":["Storm of Steel","Deadly Poison"],"picked":"Blade Dance","floor":23.0},{"not_picked":["Deflect+1","Predator+1"],"picked":"Cloak And Dagger","floor":25.0},{"not_picked":["Prepared","Acrobatics"],"picked":"Cloak And Dagger","floor":27.0},{"not_picked":["Acrobatics+1","Dagger Spray"],"picked":"Backstab","floor":28.0},{"not_picked":["Sucker Punch","Dagger Throw"],"picked":"Blade Dance","floor":30.0},{"not_picked":["Die Die Die","Tactician+1"],"picked":"Quick Slash+1","floor":31},{"not_picked":["Unload","After Image"],"picked":"Bullet Time+1","floor":33},{"not_picked":["Flying Knee","Well Laid Plans"],"picked":"Infinite Blades","floor":35},{"not_picked":["Slice","Skewer"],"picked":"Dagger Spray+1","floor":36},{"not_picked":["Poisoned Stab","Deadly Poison+1"],"picked":"Slice","floor":37},{"not_picked":["Dagger Spray+1","Calculated Gamble+1"],"picked":"Accuracy","floor":38},{"not_picked":["Dash","Footwork+1"],"picked":"Blade Dance+1","floor":39},{"not_picked":["PiercingWail+1","Dodge and Roll+1"],"picked":"Prepared+1","floor":39},{"not_picked":["Acrobatics+1","Outmaneuver+1"],"picked":"Dodge and Roll+1","floor":40},{"not_picked":["Poisoned Stab","Wraith Form v2"],"picked":"Endless Agony","floor":42},{"not_picked":["Predator","Reflex+1"],"picked":"Quick Slash+1","floor":42},{"not_picked":["Flechettes+1","Deadly Poison+1"],"picked":"Infinite Blades+1","floor":46},{"not_picked":["Sucker Punch","Poisoned Stab"],"picked":"Bane","floor":46},{"not_picked":["Malaise+1","Poisoned Stab+1"],"picked":"Outmaneuver+1","floor":47},{"not_picked":["Predator+1","Deflect+1"],"picked":"Slice+1","floor":48},{"not_picked":["Prepared+1","Catalyst+1"],"picked":"Endless Agony","floor":48}],"player_experience":218389,"relics_obtained":[{"floor":8.0,"key":"Matryoshka"},{"floor":9.0,"key":"PreservedInsect"},{"floor":9.0,"key":"Meat on the Bone"},{"floor":11.0,"key":"Orichalcum"},{"floor":12.0,"key":"Lantern"},{"floor":23.0,"key":"Blue Candle"},{"floor":26.0,"key":"War Paint"},{"floor":26.0,"key":"The Specimen"},{"floor":28.0,"key":"Tingsha"},{"floor":31,"key":"Toxic Egg 2"},{"floor":37,"key":"Prayer Wheel"},{"floor":38,"key":"Shovel"},{"floor":40,"key":"Ginger"},{"floor":43,"key":"Frozen Egg 2"},{"floor":44,"key":"Strawberry"},{"floor":47,"key":"CeramicFish"},{"floor":49,"key":"Blood Vial"}],"event_choices":[{"damage_healed":0.0,"max_hp_gain":0.0,"max_hp_loss":0.0,"gold_gain":175.0,"event_name":"Liars Game","player_choice":"AGREE","floor":2.0,"gold_loss":0.0,"damage_taken":0.0,"cards_obtained":["Doubt"]},{"damage_healed":0.0,"max_hp_gain":0.0,"max_hp_loss":0.0,"gold_gain":0.0,"event_name":"NoteForYourself","player_choice":"Ignored","floor":3.0,"gold_loss":0.0,"damage_taken":0.0},{"damage_healed":0.0,"max_hp_gain":0.0,"max_hp_loss":0.0,"gold_gain":0.0,"event_name":"Dead Adventurer","player_choice":"Searched \u00271\u0027 times","floor":12.0,"gold_loss":0.0,"damage_taken":0.0},{"damage_healed":0.0,"max_hp_gain":5.0,"max_hp_loss":0.0,"gold_gain":0.0,"event_name":"Forgotten Altar","player_choice":"Shed Blood","floor":19.0,"gold_loss":0.0,"damage_taken":18.0},{"damage_healed":0.0,"max_hp_gain":0.0,"max_hp_loss":23.0,"gold_gain":0.0,"event_name":"Vampires","player_choice":"Became a vampire","floor":21.0,"gold_loss":0.0,"damage_taken":0.0,"cards_obtained":["Bite","Bite","Bite","Bite","Bite"]},{"damage_healed":0.0,"max_hp_gain":0.0,"max_hp_loss":0.0,"gold_gain":90.0,"event_name":"Knowing Skull","player_choice":"CARD CARD GOLD ","floor":24.0,"potions_obtained":[],"gold_loss":0.0,"damage_taken":25.0,"cards_obtained":["Good Instincts","PanicButton"]},{"damage_healed":0,"gold_gain":0,"player_choice":"Fight","damage_taken":0,"max_hp_gain":0,"max_hp_loss":0,"event_name":"MindBloom","floor":37,"gold_loss":0},{"damage_healed":0,"gold_gain":0,"player_choice":"Fight","damage_taken":0,"max_hp_gain":0,"max_hp_loss":0,"event_name":"Mysterious Sphere","floor":38,"gold_loss":0}],"is_beta":false,"boss_relics":[{"not_picked":["Ring of the Serpent","Busted Crown"],"picked":"WristBlade"},{"not_picked":["Snecko Eye","Astrolabe"],"picked":"HoveringKite"}],"items_purged_floors":[14],"is_endless":false,"potions_floor_spawned":[8,11,12,16,20,27,28,30,31,36,37,42,47,48],"killed_by":"Awakened One","ascension_level":0}}