{"host":"roe9nkkmmup0vnjm","time":1610934998,"event":{"mods":["BaseMod","Colored Map","Downfall","Minty Spire (QoL Compilation)","StSLib"],"gold_per_floor":[99,119,219,236,411,861,861,877,554,575,575,600,600,112,130,233,233,233,245,255,255,255,255,304,304,332,345,345,378,378,378,393,393,393,393],"floor_reached":33,"language":"ENG","playtime":2509,"items_purged":["downfall:Icky","downfall:Icky"],"score":332,"play_id":"875ab6d2-149f-4e3a-ba7b-bea7cec1dfa8","local_time":"20210117205638","is_ascension_mode":false,"campfire_choices":[{"data":"Blind","floor":1,"key":"SMITH"},{"data":"expansioncontent:StudyTheSpire","floor":11,"key":"SMITH"},{"data":"hexamod:EmpoweredFlame","floor":13,"key":"SMITH"},{"data":"hexamod:FastForward","floor":18,"key":"SMITH"},{"data":"hexamod:GhostOfSpireFuture","floor":23,"key":"SMITH"},{"data":"hexamod:HeatMetal","floor":25,"key":"SMITH"},{"floor":28,"key":"REST"},{"floor":30,"key":"REST"}],"circlet_count":0,"master_deck":["hexamod:Defend","hexamod:Defend+1","hexamod:Defend+1","hexamod:Defend","hexamod:Sear","hexamod:Float+1","Blind+1","hexamod:HeatMetal+1","hexamod:FirstSeal","hexamod:FastForward+1","hexamod:SecondSeal","expansioncontent:StudyTheSpire+1","hexamod:PhantomFireball+1","hexamod:GhostLash+1","hexamod:EmpoweredFlame+1","hexamod:HeatMetal+1","hexamod:TimeWarp+1","hexamod:BacktrackSmack+1","hexamod:GhostOfSpireFuture+1","hexamod:NightmareStrike+1","hexamod:SixthSeal","hexamod:ThirdSeal","hexamod:GhostShield+1","Writhe","hexamod:GhostLash+1","hexamod:Rewind+1","hexamod:DynamicBlow+1","hexamod:TimeOfNeed","hexamod:NecessarySacrifice+1","Bite+1","Bite+1","Bite+1","Bite+1","Bite+1","hexamod:Rewind"],"relics":["hexamod:SpiritBrand","Molten Egg 2","Membership Card","Question Card","TungstenRod","Empty Cage","downfall:RedIOU","Bag of Marbles","Eternal Feather"],"acts_visited":["Exordium","TheCity"],"potions_floor_usage":[14,14,19,20,33],"damage_taken":[{"damage":0,"enemies":"Small Slimes","floor":2,"turns":3},{"damage":0,"enemies":"Cultist","floor":4,"turns":3},{"damage":4,"enemies":"2 Louse","floor":8,"turns":3},{"damage":0,"enemies":"downfall:FleeingMerchant","floor":9,"turns":4},{"damage":11,"enemies":"2 Fungi Beasts","floor":10,"turns":4},{"damage":5,"enemies":"Exordium Thugs","floor":12,"turns":6},{"damage":15,"enemies":"downfall:FleeingMerchant","floor":14,"turns":4},{"damage":0,"enemies":"3 Louse","floor":15,"turns":2},{"damage":57,"enemies":"SI_SHIV_ARCHETYPE","floor":16,"turns":8},{"damage":12,"enemies":"Spheric Guardian","floor":19,"turns":5},{"damage":4,"enemies":"Chosen","floor":20,"turns":3},{"damage":22,"enemies":"Shelled Parasite and Fungi","floor":26,"turns":6},{"damage":17,"enemies":"Chosen and Byrds","floor":27,"turns":8},{"damage":57,"enemies":"Slavers","floor":29,"turns":7},{"damage":27,"enemies":"Snecko","floor":32,"turns":5},{"damage":68,"enemies":"DF_ARCHETYPE_CLAW","floor":33,"turns":7}],"seed_played":"2712100208545021742","potions_obtained":[{"floor":4,"key":"GamblersBrew"},{"floor":8,"key":"hexamod:SoulburnPotion"},{"floor":10,"key":"LiquidBronze"},{"floor":20,"key":"Fruit Juice"},{"floor":29,"key":"Strength Potion"}],"is_trial":false,"path_per_floor":["R","M","?","M","?","?","T","M","$","M","R","M","R","$","M","B",null,"R","M","M","?","?","R","T","R","M","M","R","E","R","?","M","B"],"character_chosen":"THE_SPIRIT","items_purchased":["Membership Card","expansioncontent:StudyTheSpire","hexamod:PhantomFireball+1","hexamod:TimeWarp+1","Question Card","TungstenRod","FairyPotion","hexamod:BacktrackSmack+1","hexamod:GhostOfSpireFuture"],"campfire_rested":2,"item_purchase_floors":[9,9,9,14,14,14,14,14,14],"current_hp_per_floor":[70,70,70,70,70,70,70,70,70,66,66,61,61,53,53,21,70,70,65,73,73,73,73,73,73,58,48,70,20,60,52,41,0,0,0],"gold":393,"neow_bonus":"RANDOM_COLORLESS","is_daily":false,"chose_seed":false,"campfire_upgraded":6,"win_rate":0.0,"timestamp":1610934998,"path_taken":["R","M","?","?","?","?","T","M","$","M","R","M","R","$","M","BOSS","R","M","M","?","?","R","T","R","M","?","R","E","R","?","M","BOSS"],"items_purchased_type":["Relic","Card","Card","Card","Relic","Relic","Potion","Card","Card"],"build_version":"2020-12-22","purchased_purges":2,"victory":false,"max_hp_per_floor":[70,70,70,70,70,70,70,70,70,70,70,70,70,70,70,70,70,70,70,75,75,75,75,75,75,75,75,75,75,75,52,52,52,52,52],"card_choices":[{"not_picked":["Deep Breath","Dramatic Entrance"],"picked":"Blind","floor":0},{"not_picked":["hexamod:BacktrackSmack","hexamod:ShieldOfDarkness"],"picked":"hexamod:HeatMetal","floor":2},{"not_picked":["hexamod:RainOfEmbers","hexamod:NecessarySacrifice"],"picked":"hexamod:FirstSeal","floor":4},{"not_picked":["hexamod:HeatMetal+1","hexamod:NightmareGuise"],"picked":"hexamod:FastForward","floor":8},{"not_picked":["hexamod:PhantomCloak","hexamod:StepThrough+1"],"picked":"hexamod:SecondSeal","floor":9},{"not_picked":["hexamod:ShieldOfDarkness","hexamod:SkipABeat"],"picked":"hexamod:GhostLash+1","floor":10},{"not_picked":["hexamod:SearingWound","hexamod:GhostLash+1"],"picked":"hexamod:EmpoweredFlame","floor":12},{"not_picked":["hexamod:ShieldOfDarkness","hexamod:SwordOfDarkness+1"],"picked":"hexamod:HeatMetal+1","floor":14},{"not_picked":["hexamod:Haunt","hexamod:ShieldOfDarkness","hexamod:HeatMetal+1"],"picked":"hexamod:NightmareStrike+1","floor":15},{"not_picked":["hexamod:ForkedFlame+1","hexamod:HexaLevel","hexamod:SearingWound"],"picked":"hexamod:SixthSeal","floor":16},{"not_picked":["hexamod:AdvancingGuard","hexamod:Haunt","hexamod:SpectersWail+1"],"picked":"hexamod:ThirdSeal","floor":19},{"not_picked":["hexamod:FastForward","hexamod:Firestarter+1","hexamod:BurningTouch"],"picked":"hexamod:GhostShield+1","floor":20},{"not_picked":["hexamod:ShieldOfDarkness","hexamod:Firestarter+1","hexamod:SwordOfDarkness+1"],"picked":"hexamod:GhostLash+1","floor":26},{"not_picked":["hexamod:ShieldOfDarkness","hexamod:RetreatToShadows","hexamod:RadiantFlame"],"picked":"hexamod:Rewind+1","floor":27},{"not_picked":["hexamod:RadiantFlame","hexamod:GhostLash+1","hexamod:HeatShield"],"picked":"hexamod:DynamicBlow+1","floor":27},{"not_picked":["hexamod:FastForward","hexamod:DynamicBlow+1","hexamod:EmpoweredFlame"],"picked":"hexamod:TimeOfNeed","floor":29},{"not_picked":["hexamod:HeatMetal+1","hexamod:ChargedBarrage","hexamod:PhantomCloak+1"],"picked":"hexamod:NecessarySacrifice+1","floor":29},{"not_picked":["hexamod:BacktrackSmack+1","hexamod:ThermalTransfer+1","hexamod:HeatCrush+1"],"picked":"hexamod:Rewind","floor":32}],"player_experience":272253,"relics_obtained":[{"floor":7,"key":"Molten Egg 2"},{"floor":24,"key":"Bag of Marbles"},{"floor":29,"key":"Eternal Feather"}],"event_choices":[{"damage_healed":0,"gold_gain":0,"player_choice":"Became a vampire","damage_taken":0,"max_hp_gain":0,"max_hp_loss":23,"event_name":"Vampires","floor":31,"gold_loss":0,"cards_obtained":["Bite","Bite","Bite","Bite","Bite"]}],"is_beta":false,"boss_relics":[{"not_picked":["Pandora\u0027s Box","Astrolabe"],"picked":"Empty Cage"}],"items_purged_floors":[9,14],"is_endless":false,"potions_floor_spawned":[4,8,10,20,29],"killed_by":"DF_ARCHETYPE_CLAW","ascension_level":0}}