{"host":"p9o9yh7a0b9qf53k","time":1610980070,"event":{"mods":["BaseMod","Downfall","Minty Spire (QoL Compilation)","StSLib"],"gold_per_floor":[99,110,129,144,164,264,264,264,283,300,319,319,348,623,633,633,633],"floor_reached":16,"language":"ZHS","playtime":866,"items_purged":[],"score":131,"play_id":"65671db7-b12f-4001-bc70-14cb0a56c5ba","local_time":"20210118222750","is_ascension_mode":false,"campfire_choices":[{"data":"bronze:Replicate","floor":1.0,"key":"SMITH"}],"circlet_count":0,"master_deck":["bronze:Strike","bronze:Strike","bronze:Strike","bronze:Strike","bronze:Defend","bronze:Defend","bronze:Defend","bronze:Defend","bronze:Replicate+1","bronze:Goto","bronze:FineTuning","bronze:Flail","bronze:GetLatest","bronze:Shell","bronze:MaxOutput","bronze:ChosenStrike","bronze:ChildClass","Regret","bronze:ForceShield","Regret","bronze:Optimize"],"relics":["bronze:BronzeCore","Slimebound:PreparedRelic","downfall:BrokenWingStatue","Pantograph","Strawberry"],"acts_visited":["Exordium"],"potions_floor_usage":[16,16],"damage_taken":[{"damage":3.0,"enemies":"Jaw Worm","floor":2.0,"turns":3.0},{"damage":2.0,"enemies":"Small Slimes","floor":3.0,"turns":4.0},{"damage":0.0,"enemies":"2 Louse","floor":4.0,"turns":2.0},{"damage":5.0,"enemies":"Red Slaver","floor":5.0,"turns":6.0},{"damage":2.0,"enemies":"Blue Slaver","floor":9.0,"turns":4.0},{"damage":0.0,"enemies":"3 Louse","floor":10.0,"turns":1.0},{"damage":12.0,"enemies":"Exordium Thugs","floor":11.0,"turns":5.0},{"damage":29.0,"enemies":"3 Sentries","floor":13.0,"turns":7.0},{"damage":10.0,"enemies":"Blue Slaver","floor":15.0,"turns":3.0},{"damage":68,"enemies":"IC_STATUS_ARCHETYPE","floor":16,"turns":8}],"seed_played":"4507075978823104688","potions_obtained":[{"floor":3.0,"key":"AttackPotion"},{"floor":9.0,"key":"LiquidMemories"},{"floor":10.0,"key":"bronze:CleanCodePotion"},{"floor":13.0,"key":"bronze:CleanCodePotion"},{"floor":15.0,"key":"Fruit Juice"}],"is_trial":false,"path_per_floor":["R","M","M","M","M","?","T","?","M","M","M","?","E","?","M","B"],"character_chosen":"THE_AUTOMATON","items_purchased":[],"campfire_rested":0,"item_purchase_floors":[],"current_hp_per_floor":[77,74,72,72,67,67,67,67,65,65,53,53,31,31,26,0,0],"gold":633,"neow_bonus":"TEN_PERCENT_HP_BONUS","is_daily":false,"chose_seed":false,"campfire_upgraded":1,"win_rate":0.0,"timestamp":1610980070,"path_taken":["R","M","M","M","M","?","T","?","M","M","?","?","E","?","M","BOSS"],"items_purchased_type":[],"build_version":"2020-12-22","purchased_purges":0,"victory":false,"max_hp_per_floor":[77,77,77,77,77,77,77,77,77,77,77,77,84,84,89,89,89],"card_choices":[{"not_picked":["bronze:OilSpill","bronze:Philosophize"],"picked":"bronze:FineTuning","floor":2.0},{"not_picked":["bronze:ChildClass","bronze:Allocate"],"picked":"bronze:Flail","floor":3.0},{"not_picked":["bronze:Iterate","bronze:WildBeam"],"picked":"bronze:GetLatest","floor":4.0},{"not_picked":["bronze:Return","bronze:DelayedSlice"],"picked":"bronze:Shell","floor":5.0},{"not_picked":["bronze:BitShift","bronze:DelayedGuard"],"picked":"bronze:MaxOutput","floor":9.0},{"not_picked":["bronze:Iterate","bronze:DarkDash"],"picked":"bronze:ChosenStrike","floor":10.0},{"not_picked":["bronze:ItsAFeature","bronze:Flail"],"picked":"bronze:ChildClass","floor":11.0},{"not_picked":["bronze:Frontload","bronze:BuggyMess"],"picked":"bronze:ForceShield","floor":13.0},{"not_picked":["bronze:BuggyMess","bronze:WildBeam"],"picked":"bronze:Optimize","floor":15.0}],"player_experience":584246,"relics_obtained":[{"floor":7.0,"key":"Slimebound:PreparedRelic"},{"floor":13.0,"key":"Strawberry"}],"event_choices":[{"damage_healed":0.0,"max_hp_gain":0.0,"max_hp_loss":0.0,"gold_gain":0.0,"event_name":"Big Fish","player_choice":"Box","floor":12.0,"gold_loss":0.0,"damage_taken":0.0,"relics_obtained":["Pantograph"],"cards_obtained":["Regret"]}],"is_beta":false,"boss_relics":[],"items_purged_floors":[],"is_endless":false,"potions_floor_spawned":[3,9,10,11,13,15],"killed_by":"IC_STATUS_ARCHETYPE","ascension_level":0}}