{"host":"r0vmyty6lrh6xfm3","time":1610936257,"event":{"mods":["BaseMod","Bestiary","Colored Map","Colored Powertips","DeckTracker","Highlight Path","Minty Spire (QoL Compilation)","Quick Restart","Relic Stats","StSLib"],"gold_per_floor":[115,125,125,145,155,155,155,155,180,180,208,225,225,40,40,118,118,129,129,161,173,183,213,213,227,227,227,257,271,8,20,20,92,92,109,119,137,359,379,410,70,85,85,120,120,135,151,161,161,161,161],"floor_reached":50,"language":"ENG","playtime":2981,"items_purged":["Strike_G","Strike_G"],"score":1221,"play_id":"f7fcdcf4-4934-4348-a5f9-bc51d32104d9","local_time":"20210117201737","is_ascension_mode":true,"campfire_choices":[{"data":"Dagger Spray","floor":6.0,"key":"SMITH"},{"data":"Cloak And Dagger","floor":8.0,"key":"SMITH"},{"data":"Neutralize","floor":10.0,"key":"SMITH"},{"data":"Accuracy","floor":15.0,"key":"SMITH"},{"floor":24.0,"key":"REST"},{"floor":27.0,"key":"RECALL"},{"floor":32.0,"key":"REST"},{"floor":45.0,"key":"REST"},{"floor":49.0,"key":"REST"}],"circlet_count":0,"master_deck":["AscendersBane","Strike_G","Strike_G","Defend_G","Defend_G","Defend_G","Defend_G","Defend_G","Survivor","Neutralize+1","Dagger Throw","Dagger Spray+1","Cloak And Dagger+1","Choke","Crippling Poison","Accuracy+1","Flying Knee","Corpse Explosion","Blade Dance","Adrenaline","Dagger Throw","Tactician","Dagger Throw+1","Accuracy","Blur","Burst","Consecrate+1","Panache","Deadly Poison+1","Thunderclap+1","Crippling Poison+1","TalkToTheHand+1","Auto Shields","Infinite Blades","Parasite","Heatsinks","Forethought","Hologram","Seeing Red","Deep Breath"],"relics":["Ring of the Snake","CaptainsWheel","CultistMask","Akabeko","Vajra","Fusion Hammer","Red Mask","Kunai","Gremlin Horn","Bag of Preparation","PrismaticShard","Black Star","Mummified Hand","Pen Nib","ClockworkSouvenir","Tingsha","Bronze Scales"],"acts_visited":["Exordium","TheCity","TheBeyond"],"potions_floor_usage":[50],"damage_taken":[{"damage":10.0,"enemies":"Small Slimes","floor":1.0,"turns":6.0},{"damage":0.0,"enemies":"Cultist","floor":2.0,"turns":4.0},{"damage":0.0,"enemies":"2 Louse","floor":4.0,"turns":2.0},{"damage":1.0,"enemies":"Red Slaver","floor":5.0,"turns":6.0},{"damage":29.0,"enemies":"Lagavulin","floor":11.0,"turns":6.0},{"damage":2.0,"enemies":"Looter","floor":12.0,"turns":2.0},{"damage":23.0,"enemies":"Slime Boss","floor":16.0,"turns":8.0},{"damage":20.0,"enemies":"Shell Parasite","floor":18.0,"turns":5.0},{"damage":0.0,"enemies":"Masked Bandits","floor":20.0,"turns":2.0},{"damage":2.0,"enemies":"2 Thieves","floor":21.0,"turns":2.0},{"damage":4.0,"enemies":"Shelled Parasite and Fungi","floor":22.0,"turns":3.0},{"damage":2.0,"enemies":"Gremlin Leader","floor":23.0,"turns":4.0},{"damage":1.0,"enemies":"Centurion and Healer","floor":25.0,"turns":4.0},{"damage":20.0,"enemies":"Book of Stabbing","floor":28.0,"turns":5.0},{"damage":0.0,"enemies":"Sentry and Sphere","floor":29.0,"turns":2.0},{"damage":0.0,"enemies":"Snecko","floor":31.0,"turns":4.0},{"damage":8.0,"enemies":"Collector","floor":33.0,"turns":7.0},{"damage":0.0,"enemies":"3 Darklings","floor":35.0,"turns":2.0},{"damage":0.0,"enemies":"3 Shapes","floor":36.0,"turns":1.0},{"damage":31.0,"enemies":"Maw","floor":37.0,"turns":8.0},{"damage":0.0,"enemies":"Sphere and 2 Shapes","floor":39.0,"turns":1.0},{"damage":33.0,"enemies":"Nemesis","floor":40.0,"turns":9.0},{"damage":0.0,"enemies":"Writhing Mass","floor":42.0,"turns":6.0},{"damage":0.0,"enemies":"Reptomancer","floor":44.0,"turns":4.0},{"damage":11.0,"enemies":"Transient","floor":46.0,"turns":6.0},{"damage":0.0,"enemies":"Sphere and 2 Shapes","floor":47.0,"turns":1.0},{"damage":5.0,"enemies":"Spire Growth","floor":48.0,"turns":4.0},{"damage":37,"enemies":"Time Eater","floor":50,"turns":9}],"seed_played":"-4711074220496801200","potions_obtained":[{"floor":5.0,"key":"Weak Potion"},{"floor":11.0,"key":"SkillPotion"},{"floor":18.0,"key":"Energy Potion"},{"floor":22.0,"key":"Ancient Potion"},{"floor":23.0,"key":"GamblersBrew"},{"floor":39.0,"key":"SpeedPotion"},{"floor":40.0,"key":"DuplicationPotion"},{"floor":42.0,"key":"Swift Potion"},{"floor":47.0,"key":"SteroidPotion"}],"is_trial":false,"path_per_floor":["M","M","?","M","M","R","?","R","T","R","E","M","?","$","R","B",null,"M","?","?","M","M","E","R","M","T","R","E","M","$","M","R","B",null,"M","M","M","?","M","E","$","M","T","E","R","M","M","M","R","B"],"character_chosen":"THE_SILENT","items_purchased":["Accuracy","Flying Knee","PrismaticShard","ClockworkSouvenir","Infinite Blades","EssenceOfSteel"],"campfire_rested":4,"item_purchase_floors":[14,14,30,41,41,41],"current_hp_per_floor":[49,49,49,49,48,48,48,48,48,48,19,17,70,70,70,47,64,44,44,44,42,38,36,57,56,56,56,36,36,36,36,57,49,65,65,65,34,34,34,1,1,1,1,1,22,11,11,6,27,0,0],"gold":161,"neow_bonus":"ONE_RARE_RELIC","is_daily":false,"chose_seed":false,"campfire_upgraded":4,"win_rate":0.0,"timestamp":1610936257,"path_taken":["M","M","?","M","?","R","?","R","T","R","E","?","?","$","R","BOSS","M","?","?","M","M","E","R","M","T","R","E","M","$","M","R","BOSS","M","M","M","?","M","E","$","M","T","E","R","M","M","M","R","BOSS"],"items_purchased_type":["Card","Card","Relic","Relic","Card","Potion"],"build_version":"2020-12-22","purchased_purges":2,"victory":false,"max_hp_per_floor":[60,60,60,60,60,60,60,60,60,60,60,60,70,70,70,70,70,70,70,70,70,70,70,70,70,70,70,70,70,70,70,70,70,70,70,70,70,70,70,70,70,70,70,70,70,70,70,70,70,70,70],"relic_stats":{"Gremlin Horn":[16,16],"counters":[28,123],"Mummified Hand":[23],"Bronze Scales":[63],"Tingsha":[33],"Pen Nib":[9],"Bag of Preparation":[28],"Black Star":2,"Kunai":[52],"obtain_stats":[{"Gremlin Horn":26,"Vajra":11,"Tingsha":44,"Pen Nib":40,"Bag of Preparation":28,"PrismaticShard":30,"Akabeko":9,"ClockworkSouvenir":41,"CaptainsWheel":0,"Mummified Hand":40,"Bronze Scales":44,"CultistMask":3,"Fusion Hammer":17,"Red Mask":20,"Black Star":34,"Kunai":23,"Ring of the Snake":0},{"Gremlin Horn":13,"Vajra":5,"Tingsha":24,"Pen Nib":22,"Bag of Preparation":14,"PrismaticShard":15,"Akabeko":4,"ClockworkSouvenir":22,"CaptainsWheel":0,"Mummified Hand":22,"Bronze Scales":24,"CultistMask":2,"Fusion Hammer":7,"Red Mask":9,"Black Star":17,"Kunai":12,"Ring of the Snake":0},{"Gremlin Horn":54,"Vajra":24,"Tingsha":103,"Pen Nib":93,"Bag of Preparation":59,"PrismaticShard":61,"Akabeko":18,"ClockworkSouvenir":93,"CaptainsWheel":0,"Mummified Hand":93,"Bronze Scales":103,"CultistMask":10,"Fusion Hammer":34,"Red Mask":41,"Black Star":72,"Kunai":50,"Ring of the Snake":0}],"Ring of the Snake":[56]},"card_choices":[{"not_picked":["Prepared","Underhanded Strike"],"picked":"Dagger Throw","floor":1.0},{"not_picked":["Prepared","Flying Knee"],"picked":"Dagger Spray","floor":2.0},{"not_picked":["PiercingWail","Caltrops"],"picked":"Cloak And Dagger","floor":4.0},{"not_picked":["Dodge and Roll","Well Laid Plans"],"picked":"Choke","floor":5.0},{"not_picked":["PiercingWail","Backflip"],"picked":"Crippling Poison","floor":11.0},{"not_picked":["Dodge and Roll","Dagger Spray"],"picked":"A Thousand Cuts","floor":12.0},{"not_picked":["Bullet Time","Adrenaline"],"picked":"Corpse Explosion","floor":16.0},{"not_picked":["Quick Slash","Cloak And Dagger"],"picked":"Blade Dance","floor":18.0},{"not_picked":["Underhanded Strike","Bane"],"picked":"Dagger Throw","floor":20.0},{"not_picked":["Dagger Throw","Outmaneuver"],"picked":"Tactician","floor":21.0},{"not_picked":["Outmaneuver","Calculated Gamble"],"picked":"Dagger Throw+1","floor":22.0},{"not_picked":["Dagger Throw","Slice","Predator"],"picked":"SKIP","floor":23.0},{"not_picked":["Dagger Throw","Sucker Punch"],"picked":"Accuracy","floor":25.0},{"not_picked":["Prepared","Dodge and Roll+1"],"picked":"Blur","floor":28.0},{"not_picked":["Underhanded Strike","Slice+1"],"picked":"Burst","floor":29.0},{"not_picked":["Redo","CutThroughFate"],"picked":"Consecrate+1","floor":31.0},{"not_picked":["Brilliance","Corruption"],"picked":"Panache","floor":33.0},{"not_picked":["InnerPeace","Cleave"],"picked":"Deadly Poison+1","floor":35.0},{"not_picked":["CutThroughFate","Finisher+1"],"picked":"Thunderclap+1","floor":36.0},{"not_picked":["InnerPeace","Underhanded Strike"],"picked":"Crippling Poison+1","floor":37.0},{"not_picked":["Combust+1","Swivel"],"picked":"TalkToTheHand+1","floor":39.0},{"not_picked":["Combust","FTL"],"picked":"Auto Shields","floor":40.0},{"not_picked":["Sweeping Beam","Rebound"],"picked":"Heatsinks","floor":42.0},{"not_picked":["Defragment","Sweeping Beam+1"],"picked":"Forethought","floor":44.0},{"not_picked":["FollowUp","Twin Strike"],"picked":"Hologram","floor":46.0},{"not_picked":["Juggernaut","Havoc"],"picked":"Seeing Red","floor":47.0},{"not_picked":["Dagger Spray","Tactician"],"picked":"Deep Breath","floor":48.0}],"player_experience":989744,"relics_obtained":[{"floor":9.0,"key":"Akabeko"},{"floor":11.0,"key":"Vajra"},{"floor":20.0,"key":"Red Mask"},{"floor":23.0,"key":"Kunai"},{"floor":26.0,"key":"Gremlin Horn"},{"floor":28.0,"key":"Bag of Preparation"},{"floor":40.0,"key":"Mummified Hand"},{"floor":40.0,"key":"Pen Nib"},{"floor":44.0,"key":"Tingsha"},{"floor":44.0,"key":"Bronze Scales"}],"event_choices":[{"damage_healed":0.0,"max_hp_gain":0.0,"max_hp_loss":0.0,"gold_gain":0.0,"event_name":"FaceTrader","player_choice":"Trade","floor":3.0,"gold_loss":0.0,"damage_taken":0.0,"relics_obtained":["CultistMask"]},{"cards_removed":["Strike_G"],"damage_healed":0.0,"max_hp_gain":0.0,"max_hp_loss":0.0,"gold_gain":0.0,"event_name":"Purifier","player_choice":"Purged","floor":7.0,"gold_loss":0.0,"damage_taken":0.0},{"cards_removed":["A Thousand Cuts"],"damage_healed":43.0,"max_hp_gain":10.0,"max_hp_loss":0.0,"gold_gain":0.0,"event_name":"Bonfire Elementals","player_choice":"Offered Rare","floor":13.0,"gold_loss":0.0,"damage_taken":0.0},{"damage_healed":0.0,"max_hp_gain":0.0,"max_hp_loss":0.0,"gold_gain":0.0,"event_name":"The Library","player_choice":"Read","floor":19.0,"gold_loss":0.0,"damage_taken":0.0,"cards_obtained":["Adrenaline"]},{"damage_healed":0.0,"max_hp_gain":0.0,"max_hp_loss":0.0,"gold_gain":0.0,"event_name":"Masked Bandits","player_choice":"Fought Bandits","floor":20.0,"gold_loss":0.0,"damage_taken":0.0},{"damage_healed":0.0,"max_hp_gain":0.0,"max_hp_loss":0.0,"gold_gain":222.0,"event_name":"Tomb of Lord Red Mask","player_choice":"Wore Mask","floor":38.0,"gold_loss":0.0,"damage_taken":0.0}],"is_beta":false,"boss_relics":[{"not_picked":["Runic Dome","HoveringKite"],"picked":"Fusion Hammer"},{"not_picked":["Calling Bell","Coffee Dripper"],"picked":"Black Star"}],"items_purged_floors":[14,30],"is_endless":false,"potions_floor_spawned":[5,11,12,18,22,23,39,40,42,47],"killed_by":"Time Eater","ascension_level":20}}