{"host":"3zmssa4s99zhxek5","time":1610971846,"event":{"mods":["AchievementEnabler","BaseMod","Minty Spire (QoL Compilation)","Permanent Neow","Relic Stats"],"gold_per_floor":[112,112,129,142,158,184,184,219,301,301,226,241,268,295,295,374,374,384,384,384,384,399,399,399],"floor_reached":23,"language":"KOR","playtime":1966,"items_purged":[],"score":468,"play_id":"81f1490c-abbb-45eb-a151-e41f3d62d4f9","local_time":"20210118211046","is_ascension_mode":true,"campfire_choices":[{"data":"Predator","floor":7,"key":"SMITH"},{"data":"Neutralize","floor":10,"key":"SMITH"},{"data":"Calculated Gamble","floor":15,"key":"SMITH"}],"circlet_count":0,"master_deck":["AscendersBane","Strike_G","Strike_G","Defend_G","Defend_G","Defend_G","Defend_G","Survivor","Neutralize+1","Predator+1","Escape Plan","Masterful Stab","Deadly Poison","Dash","PiercingWail","Well Laid Plans","Calculated Gamble+1","Venomology","Reflex"],"relics":["Ring of the Snake","Bronze Scales","Tingsha","Kunai","Smiling Mask","Omamori","Runic Pyramid"],"acts_visited":["Exordium","TheCity"],"potions_floor_usage":[6,6,8,18,22,23],"damage_taken":[{"damage":7,"enemies":"Cultist","floor":1,"turns":5},{"damage":4,"enemies":"Jaw Worm","floor":3,"turns":3},{"damage":0,"enemies":"2 Louse","floor":4,"turns":1},{"damage":0,"enemies":"Large Slime","floor":5,"turns":5},{"damage":0,"enemies":"Gremlin Nob","floor":6,"turns":3},{"damage":7,"enemies":"3 Sentries","floor":8,"turns":8},{"damage":2,"enemies":"Blue Slaver","floor":12,"turns":4},{"damage":3,"enemies":"Lagavulin","floor":13,"turns":5},{"damage":2,"enemies":"The Guardian","floor":16,"turns":9},{"damage":16,"enemies":"Shell Parasite","floor":18,"turns":4},{"damage":1,"enemies":"Spheric Guardian","floor":22,"turns":3},{"damage":40,"enemies":"Slavers","floor":23,"turns":3}],"seed_played":"-6376162481344025643","potions_obtained":[{"floor":4,"key":"AttackPotion"},{"floor":5,"key":"CunningPotion"},{"floor":6,"key":"Strength Potion"},{"floor":8,"key":"Ancient Potion"}],"is_trial":false,"path_per_floor":["M","?","M","M","M","E","R","E","T","R","?","M","E","T","R","B",null,"M","?","?","?","M","E"],"character_chosen":"THE_SILENT","items_purchased":[],"campfire_rested":0,"item_purchase_floors":[],"current_hp_per_floor":[52,52,48,48,48,48,48,41,41,41,41,39,36,36,36,34,54,38,38,38,38,37,0,0],"gold":399,"neow_bonus":"REMOVE_TWO","is_daily":false,"chose_seed":false,"campfire_upgraded":3,"win_rate":0.0,"timestamp":1610971846,"path_taken":["M","?","?","M","M","E","R","E","T","R","?","M","E","?","R","BOSS","M","?","?","?","M","E"],"items_purchased_type":[],"build_version":"2020-12-22","purchased_purges":0,"victory":false,"max_hp_per_floor":[60,60,60,60,60,60,60,60,60,60,60,60,60,60,60,60,60,60,60,60,60,60,60,60],"relic_stats":{"counters":[12,53],"Bronze Scales":[93],"Tingsha":[114],"Kunai":[5],"Smiling Mask":0,"obtain_stats":[{"Bronze Scales":6,"Tingsha":8,"Omamori":14,"Kunai":9,"Smiling Mask":13,"Ring of the Snake":0,"Runic Pyramid":17},{"Bronze Scales":5,"Tingsha":6,"Omamori":8,"Kunai":6,"Smiling Mask":8,"Ring of the Snake":0,"Runic Pyramid":9},{"Bronze Scales":17,"Tingsha":25,"Omamori":34,"Kunai":25,"Smiling Mask":34,"Ring of the Snake":0,"Runic Pyramid":43}],"Ring of the Snake":[24]},"card_choices":[{"not_picked":["Poisoned Stab","Accuracy"],"picked":"Predator","floor":1},{"not_picked":["Dagger Spray","Cloak And Dagger"],"picked":"Masterful Stab","floor":3},{"not_picked":["Sucker Punch","Flying Knee"],"picked":"Deadly Poison","floor":4},{"not_picked":["Terror","Reflex"],"picked":"Dash","floor":5},{"not_picked":["Setup","Burst"],"picked":"PiercingWail","floor":6},{"not_picked":["Finisher","Dodge and Roll","Reflex"],"picked":"SKIP","floor":8},{"not_picked":["Cloak And Dagger","Prepared"],"picked":"Well Laid Plans","floor":12},{"not_picked":["Glass Knife","Night Terror"],"picked":"Calculated Gamble","floor":13},{"not_picked":["Night Terror","After Image"],"picked":"Venomology","floor":16},{"not_picked":["Predator+1","Blur"],"picked":"Reflex","floor":18},{"not_picked":["Poisoned Stab","Sucker Punch","Slice"],"picked":"SKIP","floor":22}],"player_experience":1506519,"relics_obtained":[{"floor":6,"key":"Bronze Scales"},{"floor":8,"key":"Tingsha"},{"floor":9,"key":"Kunai"},{"floor":13,"key":"Smiling Mask"},{"floor":14,"key":"Omamori"}],"event_choices":[{"damage_healed":0,"gold_gain":0,"player_choice":"1 cards matched","damage_taken":0,"max_hp_gain":0,"max_hp_loss":0,"event_name":"Match and Keep!","floor":2,"gold_loss":0,"cards_obtained":["Escape Plan"]},{"cards_removed":["Strike_G"],"damage_healed":0,"gold_gain":0,"player_choice":"Card Removal","damage_taken":0,"max_hp_gain":0,"max_hp_loss":0,"event_name":"The Cleric","floor":11,"gold_loss":75},{"damage_healed":0,"gold_gain":0,"player_choice":"Ignored","damage_taken":0,"max_hp_gain":0,"max_hp_loss":0,"event_name":"Ghosts","floor":19,"gold_loss":0},{"damage_healed":0,"gold_gain":0,"player_choice":"Smashed Altar","damage_taken":0,"max_hp_gain":0,"max_hp_loss":0,"event_name":"Forgotten Altar","floor":20,"gold_loss":0,"cards_obtained":["Decay"]},{"cards_removed":["Strike_G"],"damage_healed":0,"gold_gain":0,"player_choice":"Elegance","damage_taken":0,"max_hp_gain":0,"max_hp_loss":0,"event_name":"Back to Basics","floor":21,"gold_loss":0}],"is_beta":false,"boss_relics":[{"not_picked":["WristBlade","Snecko Eye"],"picked":"Runic Pyramid"}],"items_purged_floors":[],"is_endless":false,"potions_floor_spawned":[4,5,6,8],"killed_by":"Slavers","ascension_level":20}}