{"host":"qkbnayyek6fga752","time":1610948352,"event":{"mods":["2.2 Compatiblity","Aspiration","Astrologer","Bard","BaseMod","Beaked The Cultist","Better Altar","Better Match","Better Note","Better Sensory Stone","Better Skull","Better Third Choice","CCEM","CapriCore","ChefMod","Clockwork Mod","Conspire","Ekko","Energized Spire","Evolution","Glutton Mod","Hermit","Hubris","Humility","Jedi Mod","Koishi","Mad Scientist","Marisa????????","Minty Spire (QoL Compilation)","Quarter Circle Forward PUNCH!","Random Character Mod","Replay The Spire","Robot Space Explorer","SIMod","Spicy Shops","StSLib","The Administrix","The Alterego","The Blackbeard","The Blue Laboratory","The Bug Knight","The Construct","The Cursed","The Death Knight","The Disciple","The Druid","The Edgeheg","The Exalted","The Forsaken","The Gatherer","The Hayseed","The Hierophant","The Immortal","The Marked","The Mystic","The Necromancer","The Problem Sleuth","The Runesmith","The Sage","The Senshi","The Vixen","TheBandit","TheFirefly","TheLocksmith","TheSwordswoman","TheVacant","Trackpad","Wandering Minibosses","Yuri Mod","thorton","vexMod","??????REMEMod"],"gold_per_floor":[116,116,43,61,75,75,101,101,128,128,155,169,194,208,208,306,306,294,406,428,450,462,474,515,527,539,580,39,65,65,65],"floor_reached":30,"language":"ENG","playtime":2834,"items_purged":[],"score":431,"play_id":"b8bf3f0d-fe4d-458d-9e18-084f61a7441f","local_time":"20210118003912","daily_mods":["SealedDeck","Heirloom","DeadlyEvents","Elite Swarm","Uncertain Future"],"is_ascension_mode":false,"campfire_choices":[{"data":"theVacant:SpiritOrb","floor":6.0,"key":"SMITH"},{"data":"theVacant:VoidForm","floor":8.0,"key":"SMITH"},{"data":"theVacant:Husk","floor":15.0,"key":"SMITH"},{"floor":23.0,"key":"REST"},{"floor":25.0,"key":"REST"}],"circlet_count":0,"master_deck":["yuri:Virus+1","theVacant:Whip","theVacant:Barrage","theVacant:GraveDigger","theVacant:Barrage","theVacant:Barrage","theVacant:Husk+1","theVacant:BurdenBreak","theVacant:Gloom","theVacant:Immaterialize","construct:Disrupt+1","theVacant:Immaterialize","theVacant:IntoTheAbyss","theVacant:SpiritOrb+1","theVacant:Recover","theVacant:VoidForm+1","Dark Shackles+1","theVacant:ForgeSoul","Specialist+1","theVacant:BrassMagnet","jedi:forcepull+1","theVacant:ForgeSoul","theVacant:BurdenBreak","theVacant:ForgeSoul","theVacant:Barrage+1","theVacant:Anguish","theVacant:BattleScars","theVacant:GraveWave","theVacant:CleanseSoul","theVacant:Prevent","theVacant:ForgeSoul","theVacant:Rejection"],"relics":["theVacant:BrassGoblet","EVO:Axolotl","REME_ComplimentaryCards","hubris:64BitClover","CCEMRelics:FestiveHat","War Paint","qcfpunch:Wrestler\u0027s_Cloak","hubris:Metronome","Bromod:ArcaneMomentum","vexMod:MysteryBossChallenge","TheCursedMod:OminousMark","MawBank","Runesmith:Locket","Replay:Baseball","CCEMRelics:Barrel","Replay:Rubber Ducky","trackpad:Compendium","Chemical X","Thread and Needle"],"acts_visited":["Exordium","TheCity"],"potions_floor_usage":[29],"damage_taken":[{"damage":0.0,"enemies":"Jaw Worm","floor":1.0,"turns":4.0},{"damage":0.0,"enemies":"Small Slimes","floor":4.0,"turns":2.0},{"damage":7.0,"enemies":"2 Louse","floor":5.0,"turns":2.0},{"damage":22.0,"enemies":"Lagavulin","floor":7.0,"turns":4.0},{"damage":4.0,"enemies":"Replay:BlueRogue","floor":11.0,"turns":4.0},{"damage":1.0,"enemies":"Large Slime","floor":12.0,"turns":3.0},{"damage":13.0,"enemies":"Lagavulin","floor":13.0,"turns":4.0},{"damage":7.0,"enemies":"conspire:2 RoseBushes","floor":14.0,"turns":5.0},{"damage":0.0,"enemies":"Fading Forest","floor":16.0,"turns":7.0},{"damage":68.0,"enemies":"2 Thieves","floor":18.0,"turns":4.0},{"damage":2.0,"enemies":"Chosen","floor":20.0,"turns":5.0},{"damage":26.0,"enemies":"Snecko","floor":21.0,"turns":6.0},{"damage":18.0,"enemies":"Replay:Snechameleon","floor":24.0,"turns":6.0},{"damage":16,"enemies":"REME_1_Revenger","floor":27,"turns":4},{"damage":26,"enemies":"Slavers","floor":29,"turns":5},{"damage":40,"enemies":"Book of Stabbing","floor":30,"turns":4}],"seed_played":"-7321664440723359146","potions_obtained":[{"floor":4.0,"key":"AttackPotion"},{"floor":7.0,"key":"Adrenaline Potion"},{"floor":11.0,"key":"blueLaboratory:NullPotion"},{"floor":14.0,"key":"blueLaboratory:BottledHope"},{"floor":18.0,"key":"blueLaboratory:StoneskinPotion"},{"floor":24.0,"key":"blueLaboratory:RememoryPotion"}],"is_trial":true,"path_per_floor":["M","?","$","M","M","R","E","R","T","?","E","M","E","M","R","B",null,"M","?","M","M","?","R","E","R","T","E","$","E","E"],"character_chosen":"THE_VACANT","items_purchased":["theVacant:IntoTheAbyss","Replay:Rubber Ducky","trackpad:Compendium","Chemical X","Regen Potion"],"campfire_rested":2,"item_purchase_floors":[3,28,28,28,28],"current_hp_per_floor":[81,73,73,73,66,66,50,50,50,47,49,48,41,40,40,56,81,18,18,22,2,2,26,11,35,35,24,24,40,0,0],"gold":65,"neow_bonus":"","is_daily":false,"chose_seed":false,"campfire_upgraded":3,"win_rate":0.0,"timestamp":1610948352,"path_taken":["M","?","$","M","M","R","E","R","T","?","E","M","E","?","R","BOSS","M","?","M","M","?","R","E","R","T","E","$","?","E"],"items_purchased_type":["Card","Relic","Relic","Relic","Potion"],"build_version":"2020-12-22","purchased_purges":0,"victory":false,"max_hp_per_floor":[81,81,81,81,81,81,81,81,81,81,81,81,81,81,81,81,81,81,81,81,81,81,81,81,81,81,81,81,81,81,81],"card_choices":[{"not_picked":["theVacant:Unearth","theVacant:TwistFate"],"picked":"theVacant:Immaterialize","floor":1.0},{"not_picked":["theVacant:Whip","theVacant:Dig"],"picked":"theVacant:SpiritOrb","floor":4.0},{"not_picked":["theVacant:Barrage","theVacant:TwistFate"],"picked":"theVacant:Recover","floor":5.0},{"not_picked":["theVacant:Exorcise","theVacant:FiendFrost"],"picked":"theVacant:VoidForm","floor":7.0},{"not_picked":["Mind Blast+1","vexMod:StairwayStrike+1"],"picked":"Dark Shackles+1","floor":11.0},{"not_picked":["theVacant:TimeSkip","theVacant:VoidForm"],"picked":"theVacant:ForgeSoul","floor":11.0},{"not_picked":["REME_BuildACard+1","Deep Breath+1"],"picked":"Specialist+1","floor":12.0},{"not_picked":["theVacant:GraveDigger","theVacant:BurdenBreak"],"picked":"theVacant:BrassMagnet","floor":12.0},{"not_picked":["Thinking Ahead+1","Enlightenment+1"],"picked":"jedi:forcepull+1","floor":13.0},{"not_picked":["theVacant:MindBreak","theVacant:DimensionTear"],"picked":"theVacant:ForgeSoul","floor":13.0},{"not_picked":["theVacant:Soothe","theVacant:OnSecondThought"],"picked":"theVacant:BurdenBreak","floor":14.0},{"not_picked":["theVacant:VoidForm","theVacant:FiendFrost"],"picked":"theVacant:ForgeSoul","floor":16.0},{"not_picked":["theVacant:BattleScars","theVacant:Fortify"],"picked":"theVacant:Barrage+1","floor":18.0},{"not_picked":["theVacant:Husk","theVacant:Barrage"],"picked":"theVacant:Anguish","floor":20.0},{"not_picked":["theVacant:Jab","theVacant:Whip"],"picked":"theVacant:CleanseSoul","floor":21.0},{"not_picked":["theVacant:FiendFrost","theVacant:WhenDarknessComes"],"picked":"theVacant:Prevent","floor":24.0},{"not_picked":["theVacant:MindBreak","theVacant:DeathSpiral"],"picked":"theVacant:ForgeSoul","floor":27},{"not_picked":["theVacant:ForgeSoul","theVacant:Showdown"],"picked":"theVacant:Rejection","floor":29}],"player_experience":409708,"relics_obtained":[{"floor":7.0,"key":"CCEMRelics:FestiveHat"},{"floor":9.0,"key":"War Paint"},{"floor":11.0,"key":"hubris:Metronome"},{"floor":13.0,"key":"Bromod:ArcaneMomentum"},{"floor":18.0,"key":"MawBank"},{"floor":24.0,"key":"Runesmith:Locket"},{"floor":26.0,"key":"Replay:Baseball"},{"floor":27,"key":"CCEMRelics:Barrel"},{"floor":29,"key":"Thread and Needle"}],"event_choices":[{"damage_healed":0.0,"max_hp_gain":0.0,"max_hp_loss":0.0,"gold_gain":100.0,"event_name":"Golden Shrine","player_choice":"Pray","floor":19.0,"gold_loss":0.0,"damage_taken":0.0},{"damage_healed":0.0,"max_hp_gain":0.0,"max_hp_loss":0.0,"gold_gain":0.0,"event_name":"Transmorgrifier","player_choice":"Ignored","floor":22.0,"gold_loss":0.0,"damage_taken":0.0}],"is_beta":false,"boss_relics":[{"not_picked":["conspire:SpecialSausage","Replay:Drink Me"],"picked":"vexMod:MysteryBossChallenge"}],"items_purged_floors":[],"is_endless":false,"potions_floor_spawned":[4,7,11,14,18,24],"killed_by":"Book of Stabbing","ascension_level":0}}