{"host":"h5acbxt0wmjo1kpm","time":1610959817,"event":{"mods":["2.2 Compatiblity","Act Like it!","AlwaysNeverKeys","Aspiration","Bard","Bartender","BaseMod","Better Third Choice","Colored Map","Elementarium","Gensokyo","GifTheSpireLib","Hallownest","Marisa????????","Menagerie","Minty Spire (QoL Compilation)","Permanent Neow","Potionbrewer","Relic Filter","Replay The Spire","Robot Space Explorer","RumiaBox-????????","Shade Mod","Spicy Shops","StS++","StSLib","Strawberry Spire","The Blackbeard","The Dragon Tamer","The Gatherer","The Hayseed","The Problem Sleuth","The Servant 0.9.4","Wandering Minibosses","vexMod"],"gold_per_floor":[119,46,46,60,100,100,100,100],"floor_reached":6,"language":"ENG","playtime":357,"items_purged":[],"score":85,"play_id":"d953741a-012d-450d-b27c-a17e88f392dd","local_time":"20210118005017","is_ascension_mode":true,"metric_token":2257,"campfire_choices":[],"circlet_count":0,"master_deck":["AscendersBane","Gatherer:Strike_Gatherer","Gatherer:Strike_Gatherer","Gatherer:Strike_Gatherer","Gatherer:Strike_Gatherer","Gatherer:Strike_Gatherer","Gatherer:Centralize","Gatherer:FlowerWhip","Gatherer:GatherMaterial","Gatherer:WitheringStrike","Hallownest:skillSlugHide","Hallownest:skillSlugHide","Hallownest:skillSlugHide","Hallownest:skillSlugHide","Hallownest:skillSlugHide","Gatherer:AcidicSpray","Pain","Gatherer:ScentOfRosmari","Gatherer:TreeGrowth"],"relics":["aspiration:PoetsPen","GodSword7"],"acts_visited":["Hallownest:Greenpath"],"potions_floor_usage":[],"damage_taken":[{"damage":10,"enemies":"2_ Uuma","floor":1,"turns":7},{"damage":19,"enemies":"Hallownest:2_Tiktiks_and_1_Crawlid","floor":4,"turns":5},{"damage":16,"enemies":"Hallownest:eliteCrystalGuardian","floor":6,"turns":4}],"seed_played":"7931383017231265010","potions_obtained":[{"floor":4,"key":"Elixir"}],"is_trial":false,"path_per_floor":["M","$","?","M","?","E"],"character_chosen":"THE_GATHERER","items_purchased":["Gatherer:WitheringStrike"],"campfire_rested":0,"item_purchase_floors":[2],"current_hp_per_floor":[50,50,50,31,31,15,15,15],"gold":100,"neow_bonus":"BOSS_RELIC","is_daily":false,"chose_seed":false,"campfire_upgraded":0,"win_rate":0.0,"timestamp":1610959817,"path_taken":["M","$","?","M","?","E"],"items_purchased_type":["Card"],"build_version":"2020-12-22","purchased_purges":0,"victory":false,"max_hp_per_floor":[67,67,67,67,67,67,67,67],"card_choices":[{"not_picked":["Gatherer:CollectorsShot","Gatherer:TreeGrowth"],"picked":"Gatherer:GatherMaterial","floor":1},{"not_picked":["Gatherer:Liquidism","Gatherer:AromaProtection"],"picked":"Gatherer:AcidicSpray","floor":4},{"not_picked":["Gatherer:FlowerShield","Gatherer:SmartManeuver"],"picked":"Gatherer:ScentOfRosmari","floor":5},{"not_picked":["Gatherer:UpgradeBag","Gatherer:FlowerBeam"],"picked":"Gatherer:TreeGrowth","floor":5}],"player_experience":2214725,"relics_obtained":[{"floor":5,"key":"GodSword7"}],"event_choices":[],"is_beta":false,"boss_relics":[],"items_purged_floors":[],"is_endless":false,"potions_floor_spawned":[4],"killed_by":"Hallownest:eliteCrystalGuardian","ascension_level":15}}