{"host":"vo81qpzluzbeezei","time":1610966951,"event":{"mods":["2.2 Compatiblity","AchievementEnabler","BaseMod","Better Note","Colored Map","Minty Spire (QoL Compilation)","Quick Restart","StSLib","SuperFastMode"],"gold_per_floor":[114,214,140,140,140,168,187,187,213,239,254,268,284,66,66,164,164,178,103,103,103,29,29,59,59,59,59,71,71,90,90,90,90,90],"floor_reached":33,"language":"KOR","playtime":1354,"items_purged":["Strike_B"],"score":311,"play_id":"8f49497f-c25f-42eb-85b4-fd0791f36e9b","local_time":"20210118194911","is_ascension_mode":true,"campfire_choices":[{"data":"Dualcast","floor":8,"key":"SMITH"},{"data":"Darkness","floor":15,"key":"SMITH"},{"data":"Steam Power","floor":23,"key":"SMITH"},{"data":"Creative AI","floor":25,"key":"SMITH"},{"data":"Multi-Cast","floor":27,"key":"SMITH"},{"data":"Hologram","floor":29,"key":"SMITH"},{"floor":32,"key":"REST"}],"circlet_count":0,"master_deck":["Zap","Dualcast+1","Steam Power+1","Auto Shields","Doom and Gloom","Cold Snap","Go for the Eyes","Ball Lightning","Darkness+1","Compile Driver","Undo","Creative AI+1","Consume","Tempest","Double Energy","Doom and Gloom","Rebound","Turbo","Multi-Cast+1","Recycle+1","Hologram+1","Redo","Hologram+1"],"relics":["Cracked Core","Lantern","PreservedInsect","Shuriken","Ancient Tea Set","Pandora\u0027s Box","Nloth\u0027s Gift","Bottled Flame","Matryoshka"],"acts_visited":["Exordium","TheCity"],"potions_floor_usage":[30],"damage_taken":[{"damage":0,"enemies":"Jaw Worm","floor":1,"turns":1},{"damage":0,"enemies":"Gremlin Nob","floor":6,"turns":1},{"damage":0,"enemies":"Cultist","floor":7,"turns":1},{"damage":17,"enemies":"Lagavulin","floor":10,"turns":5},{"damage":0,"enemies":"2 Louse","floor":11,"turns":1},{"damage":9,"enemies":"Exordium Thugs","floor":12,"turns":2},{"damage":1,"enemies":"Large Slime","floor":13,"turns":3},{"damage":11,"enemies":"Slime Boss","floor":16,"turns":6},{"damage":13,"enemies":"3 Byrds","floor":18,"turns":3},{"damage":9,"enemies":"Slavers","floor":24,"turns":3},{"damage":0,"enemies":"Shell Parasite","floor":28,"turns":3},{"damage":20,"enemies":"Shelled Parasite and Fungi","floor":30,"turns":4},{"damage":60,"enemies":"Champ","floor":33,"turns":5}],"seed_played":"5769342277300214129","potions_obtained":[{"floor":1,"key":"PotionOfCapacity"},{"floor":10,"key":"Ancient Potion"},{"floor":11,"key":"Fire Potion"},{"floor":13,"key":"BlessingOfTheForge"},{"floor":16,"key":"Energy Potion"}],"is_trial":false,"path_per_floor":["M","?","$","?","?","E","M","R","T","E","M","M","M","$","R","B",null,"M","?","?","?","$","R","E","R","T","R","M","R","M","?","R","B"],"character_chosen":"DEFECT","items_purchased":["Auto Shields","Ancient Tea Set","Multi-Cast"],"campfire_rested":1,"item_purchase_floors":[3,14,22],"current_hp_per_floor":[75,75,75,68,68,68,68,68,68,51,51,42,41,41,41,30,75,62,62,48,48,48,48,39,39,39,39,39,39,19,19,43,0,0],"gold":90,"neow_bonus":"THREE_ENEMY_KILL","is_daily":false,"chose_seed":false,"campfire_upgraded":6,"win_rate":0.0,"timestamp":1610966951,"path_taken":["M","?","?","?","?","E","?","R","T","E","M","M","M","$","R","BOSS","M","?","?","?","$","R","E","R","T","R","?","R","M","?","R","BOSS"],"items_purchased_type":["Card","Relic","Card"],"build_version":"2020-12-22","purchased_purges":1,"victory":false,"max_hp_per_floor":[75,75,75,75,75,75,75,75,75,75,75,75,75,75,75,75,75,75,75,80,80,80,80,80,80,80,80,80,80,80,80,80,80,80],"card_choices":[{"not_picked":["Reinforced Body","Self Repair"],"picked":"Steam Power","floor":1},{"not_picked":["Doom and Gloom","Coolheaded"],"picked":"Cold Snap","floor":6},{"not_picked":["BootSequence","Heatsinks"],"picked":"Go for the Eyes","floor":7},{"not_picked":["Static Discharge","BootSequence"],"picked":"Ball Lightning","floor":10},{"not_picked":["Recycle","Chaos"],"picked":"Darkness","floor":11},{"not_picked":["Echo Form","Cold Snap"],"picked":"Compile Driver","floor":12},{"not_picked":["Compile Driver","Cold Snap"],"picked":"Undo","floor":13},{"not_picked":["Thunder Strike","Core Surge"],"picked":"Creative AI","floor":16},{"not_picked":["Rip and Tear","Sweeping Beam"],"picked":"Turbo","floor":18},{"not_picked":["Lockon+1","FTL"],"picked":"Recycle+1","floor":24},{"not_picked":["Fusion+1","FTL"],"picked":"Hologram","floor":28},{"not_picked":["Steam","Reinforced Body"],"picked":"Redo","floor":30}],"player_experience":187431,"relics_obtained":[{"floor":6,"key":"Lantern"},{"floor":9,"key":"PreservedInsect"},{"floor":10,"key":"Shuriken"},{"floor":24,"key":"Bottled Flame"},{"floor":26,"key":"Matryoshka"}],"event_choices":[{"damage_healed":0,"gold_gain":100,"player_choice":"Pray","damage_taken":0,"max_hp_gain":0,"max_hp_loss":0,"event_name":"Golden Shrine","floor":2,"gold_loss":0},{"cards_removed":["Strike_B"],"damage_healed":0,"gold_gain":0,"player_choice":"Card Removal","damage_taken":7,"max_hp_gain":0,"max_hp_loss":0,"event_name":"Golden Wing","floor":4,"gold_loss":0},{"damage_healed":0,"gold_gain":0,"player_choice":"1 cards matched","damage_taken":0,"max_hp_gain":0,"max_hp_loss":0,"event_name":"Match and Keep!","floor":5,"gold_loss":0,"cards_obtained":["Doom and Gloom"]},{"cards_removed":["Tempest"],"damage_healed":0,"gold_gain":0,"player_choice":"Gave Gold","damage_taken":0,"max_hp_gain":0,"max_hp_loss":0,"event_name":"Beggar","floor":19,"gold_loss":75},{"damage_healed":0,"gold_gain":0,"player_choice":"Shed Blood","damage_taken":19,"max_hp_gain":5,"max_hp_loss":0,"event_name":"Forgotten Altar","floor":20,"gold_loss":0},{"damage_healed":0,"gold_gain":0,"player_choice":"Traded Relic","damage_taken":0,"relics_obtained":["Nloth\u0027s Gift"],"max_hp_gain":0,"max_hp_loss":0,"event_name":"N\u0027loth","floor":21,"relics_lost":["NeowsBlessing"],"gold_loss":0},{"damage_healed":0,"gold_gain":0,"player_choice":"Copied","damage_taken":0,"max_hp_gain":0,"max_hp_loss":0,"event_name":"Duplicator","floor":31,"gold_loss":0,"cards_obtained":["Hologram"]}],"is_beta":false,"boss_relics":[{"not_picked":["Busted Crown","Snecko Eye"],"picked":"Pandora\u0027s Box"}],"items_purged_floors":[14],"is_endless":false,"potions_floor_spawned":[1,10,11,13,16,28],"killed_by":"Champ","ascension_level":1}}