{"host":"dr2a9yz4ivtcgi18","time":1610973890,"event":{"mods":["100% Spire Juice","Act Like it!","Arknights The Spire","BaseMod","Better Vampires","BetterRewards","CapriCore","Conspire","Gensokyo","Minty Spire (QoL Compilation)","Replay The Spire","Robot Space Explorer","RumiaBox-露米娅的神秘盒子","Spicy Shops","StSLib","The Alterego","The Blackbeard","The Disciple","The Dragon Tamer","The Factory","The Hierophant","The Immortal","The Marked","WarShipGirlsR/战舰少女R mod","Yakumo Yukari mod","[GremlinLeader]The Maniac","vexMod","【功能Mod】混沌之环修复补丁"],"gold_per_floor":[131,131,144,192,202,232,232,266,266,278,289,289,289,307,307,408,408,424,424,524,534,457,457,490,490,513,541,421,421,418,418,418,486,486,501,517,645,659,659,659,659,689,689,700,700,650,415,415,415,415,415,415,50,76,69],"floor_reached":56,"language":"ZHS","playtime":5255,"items_purged":["Regret","Defend_purpleEX","Clumsy","Defend_purpleEX"],"score":1271,"play_id":"311e38a0-6b05-48e1-be9d-4c3cea158d8e","local_time":"20210118204450","is_ascension_mode":false,"campfire_choices":[{"floor":13,"key":"REST"},{"floor":15,"key":"DIG"},{"data":"RuleDissolution_purple","floor":23,"key":"SMITH"},{"data":"Shallow_ocean_purpleEX","floor":25,"key":"SMITH"},{"data":"AT_purpleEX","floor":29,"key":"PURGE"},{"data":"RuptureOfTimeAndSpace_purple","floor":32,"key":"SMITH"},{"data":"Observe_purple_2","floor":40,"key":"SMITH"},{"data":"AT_purpleEX","floor":45,"key":"PURGE"},{"floor":49,"key":"RECALL"},{"data":"Gensokyo:PrivateSquare","floor":52,"key":"SMITH"}],"circlet_count":0,"master_deck":["AT_purpleEX","AT_purpleEX","Defend_purpleEX","Defend_purpleEX","Observe_purple_1","Observe_purple_2+1","Mirror_WaveAndshot_purple+1","RuleDissolution_purple+1","MeetDecomposer_purple","RuptureOfTimeAndSpace_purple+1","Shallow_ocean_purpleEX+1","Mirror_FormAndEmptin_purple","DarkRealmRedLine_purple+1","MetroBOOM_purple","Price_of_realm_purpleEX+1","Bait_Toxicbait_purple","ExistenceContinue_purple+1","Worldmountain_purple+1","AdvanceAttack_purple+1","Line_surface_state_purple","DimensionStaggered_purple","CommonSense_AntiCommonSense_purple","StateErode_purple","SfantasyHide_purple+1","ExternalForce_HighSpeedFlying_purple+1","MonsterNeedle_purple+1","Worldmountain_purple","Gensokyo:PrivateSquare+1","Pride","Fantasy_PerpetualMotionMachine_purple"],"relics":["Boundary_crack","Memoryfragments_purpleEX","ReplayTheSpireMod:TigerMarble","Chemical X","Gremlin Food","Gensokyo:NagashiBinaDoll","Strawberry","Centennial Puzzle","Happy Flower","Unceasing Top","Matryoshka","Gensokyo:OccultBall","conspire:BottledYoYo","vexMod:DeviousBotling","Bag of Marbles","vexMod:CardConverter","BranchBurnRelic","PreservedInsect","Smiling Mask","Replay:Multitool","Gensokyo:LionMask","WingedGreaves","Ring of Chaos","MagicDraw1","SecretRecord","Calipers","Guide Book","vexMod:FocusSash","conspire:TopHat"],"acts_visited":["Gensokyo:Gensokyo","Gensokyo:Gensokyoer","Gensokyo:Gensokyoest","TheEnding"],"potions_floor_usage":[8,8,16,24,30,33,54,55,55],"damage_taken":[{"damage":0.0,"enemies":"Gensokyo:3_Fairies","floor":1.0,"turns":4.0},{"damage":4.0,"enemies":"Gensokyo:2_Kodama","floor":3.0,"turns":9.0},{"damage":2.0,"enemies":"Gensokyo:Gryphon","floor":5.0,"turns":5.0},{"damage":23,"enemies":"Gensokyo:Aya","floor":6,"turns":4},{"damage":24,"enemies":"Gensokyo:Mamizou","floor":8,"turns":10},{"damage":8,"enemies":"Gensokyo:CorruptedTreant","floor":10,"turns":4},{"damage":1,"enemies":"Gensokyo:Python_and_Kodama","floor":11,"turns":5},{"damage":4,"enemies":"Gensokyo:5_Fairies","floor":14,"turns":4},{"damage":3,"enemies":"Gensokyo:Reimu","floor":16,"turns":10},{"damage":0,"enemies":"Gensokyo:Chomper","floor":18,"turns":5},{"damage":6,"enemies":"Gensokyo:Chomper","floor":20,"turns":14},{"damage":0,"enemies":"Gensokyo:2_Gloops","floor":21,"turns":3},{"damage":43,"enemies":"Gensokyo:Reisen","floor":24,"turns":8},{"damage":23,"enemies":"Gensokyo:Koishi","floor":27,"turns":4},{"damage":0,"enemies":"Gensokyo:Wraith","floor":30,"turns":4},{"damage":75,"enemies":"Gensokyo:Eiki","floor":33,"turns":13},{"damage":0,"enemies":"Gensokyo:3_Boulders","floor":35,"turns":4},{"damage":0,"enemies":"Gensokyo:3_Bats","floor":36,"turns":1},{"damage":14,"enemies":"Gensokyo:AtlasGolem","floor":38,"turns":5},{"damage":4,"enemies":"Gensokyo:Kasen","floor":42,"turns":4},{"damage":0,"enemies":"Gensokyo:Dusk_and_Dawn","floor":44,"turns":4},{"damage":7,"enemies":"Gensokyo:Shinki","floor":50,"turns":7},{"damage":51,"enemies":"Shield and Spear","floor":54,"turns":3},{"damage":54,"enemies":"The Heart","floor":55,"turns":7}],"seed_played":"6330221955389465784","potions_obtained":[{"floor":1.0,"key":"Explosive Potion"},{"floor":3.0,"key":"Strength Potion"},{"floor":10,"key":"SkillPotion"},{"floor":11,"key":"AttackPotion"},{"floor":16,"key":"Venom Potion"},{"floor":18,"key":"EssenceOfSteel"},{"floor":27,"key":"Adrenaline Potion"},{"floor":30,"key":"Fruit Juice"},{"floor":35,"key":"ColorlessPotion"},{"floor":36,"key":"SteroidPotion"},{"floor":44,"key":"LiquidMemories"}],"is_trial":false,"path_per_floor":["M","?","M","T","M","E","?","E","T","M","M","?","R","M","R","B",null,"M","?","?","M","COS","R","E","R","T","E","?","R","M","?","R","B",null,"M","M","?","M","?","R","?","E","T","M","R","$","$","?","R","B",null,"R","$","E","B",null],"character_chosen":"Youkari","items_purchased":["Mirror_FourBoundary_purple","Mirror_WaveAndshot_purple","ReplayTheSpireMod:TigerMarble","Chemical X","RuleDissolution_purple","MNeedle_purple","Gremlin Food","Explosive Potion","Worldmountain_purple","Guide Book","Fantasy_PerpetualMotionMachine_purple","CultistPotion","vexMod:FocusSash"],"campfire_rested":1,"item_purchase_floors":[0,0,0,0,0,0,0,0,47,47,53,53,53],"current_hp_per_floor":[50,50,50,57,60,37,37,17,17,14,18,18,41,51,51,62,77,77,71,72,74,76,76,45,45,45,36,36,36,55,86,86,26,86,86,86,73,73,73,73,35,54,54,63,63,63,65,69,69,77,105,105,107,78,39],"gold":69,"neow_bonus":"","is_daily":false,"chose_seed":false,"campfire_upgraded":5,"win_rate":0.0,"timestamp":1610973890,"path_taken":["M","?","M","?","M","E","?","E","T","M","M","?","R","M","R","BOSS","M","?","?","M","COS","R","E","R","T","E","?","R","?","?","R","BOSS","M","M","?","M","?","R","?","E","T","?","R","$","$","?","R","BOSS","R","$","E","BOSS"],"items_purchased_type":["Card","Card","Relic","Relic","Card","Card","Relic","Potion","Card","Relic","Card","Potion","Relic"],"build_version":"2020-12-22","purchased_purges":4,"victory":true,"max_hp_per_floor":[70,70,70,77,77,77,77,77,77,77,77,77,77,77,77,77,77,77,71,73,75,77,77,79,79,79,81,81,81,86,86,86,86,86,86,86,94,97,97,97,97,97,97,99,99,99,101,105,105,105,105,105,107,107,107],"card_choices":[{"not_picked":["RuleDissolution_purple","SharpContractionReality_purple","Mirror_FormAndEmptin_purple"],"picked":"SKIP","floor":1.0},{"not_picked":["StateDuplicate_purple","DimensionStaggered_purple"],"picked":"MeetDecomposer_purple","floor":3.0},{"not_picked":["OmniscientAndOmnipotent_Monster_purple","Boundary_of_Extermination_purpleEX"],"picked":"RuptureOfTimeAndSpace_purple","floor":5.0},{"not_picked":["StretchesForeverDream_purple","WatchEChange_purple"],"picked":"Shallow_ocean_purpleEX","floor":6},{"not_picked":["SfantasyHide_purple","WingOfChimera_purple"],"picked":"Mirror_FormAndEmptin_purple","floor":8},{"not_picked":["Bait_HighSpeedFlying_purple","Boundary_LightAndDark_purple"],"picked":"DarkRealmRedLine_purple","floor":10},{"not_picked":["RuptureOfTimeAndSpace_purple","SfantasyHide_purple"],"picked":"MetroBOOM_purple","floor":11},{"not_picked":["SharpContractionReality_purple","SfantasyHide_purple","OmniscientAndOmnipotent_Monster_purple"],"picked":"SKIP","floor":14},{"not_picked":["GluttonyofRealm_purpleEX","Know_ledgeAbilityRealm_purple"],"picked":"Price_of_realm_purpleEX","floor":16},{"not_picked":["Fantasy_PerpetualMotionMachine_purple","RealityDreamConfluencek_purple"],"picked":"Bait_Toxicbait_purple","floor":18},{"not_picked":["Bait_Toxicbait_purple","Extrememeaning_purpleEX"],"picked":"ExistenceContinue_purple+1","floor":20},{"not_picked":["Realm_recovery_purpleEX","WeekHit_purple"],"picked":"Worldmountain_purple+1","floor":21},{"not_picked":["Shallow_ocean_purpleEX","ProofOfUnderstanding_purple"],"picked":"AdvanceAttack_purple+1","floor":24},{"not_picked":["OpenedBox_purple","Umbrella_purple"],"picked":"Line_surface_state_purple","floor":27},{"not_picked":["Shallow_ocean_purpleEX","Boundary_ObjectiveBoundary_purple","SfantasyHide_purple"],"picked":"SKIP","floor":30},{"not_picked":["Mirror_FormAndEmptin_purple","SfantasyHide_purple","StretchesForeverDream_purple"],"picked":"SKIP","floor":35},{"not_picked":["WorldDissolvedintheRealm_purple","StateDuplicate_purple","StateErode_purple"],"picked":"SKIP","floor":36},{"not_picked":["RealityDreamConfluencek_purple","Realm_recovery_purpleEX+1"],"picked":"DimensionStaggered_purple","floor":37},{"not_picked":["AdvanceAttack_purple+1","Umbrella_purple"],"picked":"CommonSense_AntiCommonSense_purple","floor":37},{"not_picked":["Mirror_FormAndEmptin_purple+1","SfantasyHide_purple"],"picked":"StateErode_purple","floor":37},{"not_picked":["AdvanceAttack_purple","ProofOfUnderstanding_purple"],"picked":"SfantasyHide_purple+1","floor":37},{"not_picked":["Mirror_Drifter_purple+1","Fantasy_PerpetualMotionMachine_purple+1"],"picked":"ExternalForce_HighSpeedFlying_purple+1","floor":38},{"not_picked":["SfantasyHide_purple","EighthInstrument_OneDividesIntoTwo_purple+1","Line_surface_state_purple"],"picked":"SKIP","floor":42},{"not_picked":["Worldmountain_purple","MagicEyes_LaplaceDemon_purple"],"picked":"MonsterNeedle_purple+1","floor":44},{"not_picked":["Mirror_FormAndEmptin_purple+1","SharpContractionReality_purple","Umbrella_purple"],"picked":"SKIP","floor":54}],"player_experience":417567,"relics_obtained":[{"floor":4.0,"key":"Strawberry"},{"floor":6,"key":"Centennial Puzzle"},{"floor":8,"key":"Unceasing Top"},{"floor":9,"key":"Matryoshka"},{"floor":15,"key":"conspire:BottledYoYo"},{"floor":16,"key":"Gensokyo:OccultBall"},{"floor":18,"key":"Gensokyo:OccultBall"},{"floor":20,"key":"Dead Branch"},{"floor":20,"key":"vexMod:CardConverter"},{"floor":24,"key":"MealTicket"},{"floor":26,"key":"PreservedInsect"},{"floor":26,"key":"Smiling Mask"},{"floor":27,"key":"Gensokyo:OccultBall"},{"floor":27,"key":"Replay:Multitool"},{"floor":33,"key":"Gensokyo:OccultBall"},{"floor":37,"key":"MagicDraw1"},{"floor":42,"key":"Calipers"},{"floor":54,"key":"conspire:TopHat"}],"event_choices":[],"is_beta":false,"boss_relics":[{"not_picked":["Velvet Choker","vexMod:BigBerry"],"picked":"vexMod:DeviousBotling"},{"not_picked":["Busted Crown","vexMod:ImprovementManual"],"picked":"Ring of Chaos"}],"items_purged_floors":[0,46,47,53],"is_endless":false,"potions_floor_spawned":[1,3,10,11,16,18,21,27,30,35,36,44],"ascension_level":0}}