{"host":"hzinic87vu8p95wn","time":1610976938,"event":{"mods":["BaseMod","Minty Spire (QoL Compilation)"],"gold_per_floor":[117,97,107,107,28,62,4,4,4,15,15,15,49,69,69,69,69],"floor_reached":16,"language":"ENG","playtime":309,"items_purged":[],"score":253,"play_id":"55627a7d-baf0-4f78-b5ea-1758633c59d5","local_time":"20210119003538","is_ascension_mode":true,"campfire_choices":[{"data":"BattleHymn","floor":8,"key":"SMITH"},{"data":"Eruption","floor":12,"key":"SMITH"},{"floor":15,"key":"DIG"}],"circlet_count":0,"master_deck":["AscendersBane","Strike_P","Strike_P","Strike_P","Strike_P","Defend_P","Defend_P","Defend_P","Defend_P","Eruption+1","Vigilance","TalkToTheHand","BattleHymn+1","EmptyFist","JustLucky","Nirvana","Evaluate"],"relics":["PureWater","NeowsBlessing","Akabeko","Unceasing Top","Gremlin Horn","Pocketwatch","Shovel","Sundial"],"acts_visited":["Exordium"],"potions_floor_usage":[10,13],"damage_taken":[{"damage":0,"enemies":"Jaw Worm","floor":1,"turns":1},{"damage":0,"enemies":"Cultist","floor":3,"turns":1},{"damage":0,"enemies":"Lagavulin","floor":6,"turns":1},{"damage":0,"enemies":"Small Slimes","floor":10,"turns":1},{"damage":2,"enemies":"3 Sentries","floor":13,"turns":3},{"damage":10,"enemies":"Exordium Wildlife","floor":14,"turns":3},{"damage":14,"enemies":"The Guardian","floor":16,"turns":4}],"seed_played":"3307565767981322388","potions_obtained":[{"floor":1,"key":"SkillPotion"},{"floor":2,"key":"Dexterity Potion"}],"is_trial":false,"path_per_floor":["M","?","M","?","$","E","$","R","T","M","T","R","E","M","R","B"],"character_chosen":"WATCHER","items_purchased":["BattleHymn","JustLucky"],"campfire_rested":0,"item_purchase_floors":[5,7],"current_hp_per_floor":[61,61,61,56,56,56,56,56,56,56,56,56,54,44,44,30,30],"gold":69,"neow_bonus":"THREE_ENEMY_KILL","is_daily":false,"chose_seed":false,"campfire_upgraded":2,"win_rate":0.0,"timestamp":1610976938,"path_taken":["M","?","?","?","$","E","?","R","T","M","?","R","E","M","R","BOSS"],"items_purchased_type":["Card","Card"],"build_version":"2020-12-22","purchased_purges":0,"victory":false,"max_hp_per_floor":[68,68,68,68,68,68,68,68,68,68,68,68,68,68,68,68,68],"card_choices":[{"not_picked":["ClearTheMind","Protect"],"picked":"TalkToTheHand","floor":1},{"not_picked":["Halt","Protect","ThirdEye"],"picked":"SKIP","floor":3},{"not_picked":["Crescendo","Wireheading"],"picked":"EmptyFist","floor":6},{"not_picked":["BattleHymn","Meditate","BowlingBash"],"picked":"SKIP","floor":10},{"not_picked":["ConjureBlade","Swivel"],"picked":"Nirvana","floor":13},{"not_picked":["TalkToTheHand","Fasting2"],"picked":"Evaluate","floor":14}],"player_experience":1582816,"relics_obtained":[{"floor":6,"key":"Unceasing Top"},{"floor":9,"key":"Gremlin Horn"},{"floor":11,"key":"Pocketwatch"},{"floor":13,"key":"Shovel"},{"floor":15,"key":"Sundial"}],"event_choices":[{"damage_healed":0,"gold_gain":0,"player_choice":"Bought 1 Potion","damage_taken":0,"max_hp_gain":0,"max_hp_loss":0,"event_name":"The Woman in Blue","floor":2,"gold_loss":0},{"damage_healed":0,"gold_gain":0,"player_choice":"Success","damage_taken":5,"relics_obtained":["Akabeko"],"max_hp_gain":0,"max_hp_loss":0,"event_name":"Scrap Ooze","floor":4,"gold_loss":0}],"is_beta":false,"boss_relics":[],"items_purged_floors":[],"is_endless":false,"potions_floor_spawned":[1,3,6],"killed_by":"The Guardian","ascension_level":18}}