{"host":"ykruzxakfolvqoa7","time":1610963772,"event":{"mods":["Act Like it!","BaseMod","Colored Powertips","Downfall","Elementarium","Hubris","Ironclad Rager","Menagerie","Mimic Mod","Minty Spire (QoL Compilation)","Spicy Shops","Spikes Relics","StSLib","Swap Starting Deck Mod","Wandering Minibosses"],"gold_per_floor":[116,116,136,361,27,27,62,74,74,84,84,94,114,131,131,227,227,244,244,263,283,283,283],"floor_reached":22,"language":"ENG","playtime":1557,"items_purged":["Shame"],"score":190,"play_id":"787a926a-e2d1-465c-a15d-a4a348117020","local_time":"20210118095612","is_ascension_mode":false,"campfire_choices":[{"data":"Genetic Algorithm","floor":6,"key":"SMITH"},{"floor":11,"key":"REST"},{"floor":15,"key":"REST"}],"circlet_count":0,"master_deck":["Zap","Dualcast","ICR:ProbingStrike","ICR:ProbingStrike","ICR:ProbingStrike","ICR:ProbingStrike","ICR:AutoDefend","ICR:AutoDefend","ICR:AutoDefend","ICR:AutoDefend","Conserve Battery","Genetic Algorithm+1","Ball Lightning","Pain","Static Discharge","RefreshScreen","Defragment","hubris:Ukulele","Conserve Battery","Storm","Darkness","Amplify","White Noise","FTL"],"relics":["Cracked Core","hubris:RGBLights","Orrery","Lantern","Nuclear Battery"],"acts_visited":["Exordium","Menagerie:Menagerie"],"potions_floor_usage":[21,21,22],"damage_taken":[{"damage":1,"enemies":"Menagerie:StygianBoar","floor":1,"turns":4},{"damage":0,"enemies":"Menagerie:WhisperingWraith","floor":3,"turns":3},{"damage":10,"enemies":"Menagerie:Hydra","floor":7,"turns":4},{"damage":3,"enemies":"Menagerie:2_RABBITS","floor":8,"turns":4},{"damage":12,"enemies":"Menagerie:BEAST_MAGE_AND_PROWLING_AMALGAM","floor":10,"turns":4},{"damage":7,"enemies":"Menagerie:KEEPER_AND_YOUNG_SUNEATER","floor":12,"turns":6},{"damage":4,"enemies":"Menagerie:RedMage","floor":13,"turns":4},{"damage":4,"enemies":"Menagerie:BEAST_MAGE_AND_PROWLING_AMALGAM","floor":14,"turns":5},{"damage":40,"enemies":"Menagerie:AVATARS","floor":16,"turns":6},{"damage":2,"enemies":"Elementarium:Cyclone","floor":18,"turns":4},{"damage":29,"enemies":"Elementarium:VoidCorruption","floor":20,"turns":5},{"damage":14,"enemies":"Elementarium:Hydrostalker","floor":21,"turns":4},{"damage":29,"enemies":"Elementarium:VOID_CORRUPTION_AND_ORB_OF_FIRE","floor":22,"turns":3}],"seed_played":"-8654179016717581230","potions_obtained":[{"floor":7,"key":"BlessingOfTheForge"},{"floor":8,"key":"Strength Potion"},{"floor":10,"key":"FearPotion"},{"floor":16,"key":"hexamod:SoulburnPotion"},{"floor":20,"key":"SkillPotion"},{"floor":21,"key":"DuplicationPotion"}],"is_trial":false,"path_per_floor":["M","?","M","?","$","R","E","M","T","M","R","M","M","M","R","B",null,"M","?","M","M","M"],"character_chosen":"DEFECT","items_purchased":["hubris:RGBLights","Ball Lightning","Orrery"],"campfire_rested":2,"item_purchase_floors":[5,5,5],"current_hp_per_floor":[74,79,79,79,79,79,69,66,66,54,78,71,67,63,80,40,80,78,63,34,20,0,0],"gold":283,"neow_bonus":"DEFECT_WARDEN","is_daily":false,"chose_seed":false,"campfire_upgraded":1,"win_rate":0.0,"timestamp":1610963772,"path_taken":["M","?","M","?","$","R","E","M","T","M","R","M","?","M","R","BOSS","M","?","M","M","M"],"items_purchased_type":["Relic","Card","Relic"],"build_version":"2020-12-22","purchased_purges":1,"victory":false,"max_hp_per_floor":[75,80,80,80,80,80,80,80,80,80,80,80,80,80,80,80,80,80,85,85,85,85,85],"card_choices":[{"not_picked":["Melter","Scrape"],"picked":"Conserve Battery","floor":1},{"not_picked":["Scrape","Leap"],"picked":"Genetic Algorithm","floor":3},{"not_picked":["Meteor Strike","Defragment"],"picked":"Static Discharge","floor":5},{"not_picked":["Skim","Cold Snap"],"picked":"RefreshScreen","floor":5},{"not_picked":["Gash","Reinforced Body"],"picked":"Defragment","floor":5},{"not_picked":["Turbo","Streamline"],"picked":"hubris:Ukulele","floor":5},{"not_picked":["Go for the Eyes","Sweeping Beam"],"picked":"Conserve Battery","floor":7},{"not_picked":["Hyperbeam","Conserve Battery"],"picked":"Storm","floor":8},{"not_picked":["Beam Cell","Steam","Rebound"],"picked":"SKIP","floor":10},{"not_picked":["Beam Cell","Barrage"],"picked":"Darkness","floor":12},{"not_picked":["Cold Snap","Rebound","hubris:SpecializedCircuitry"],"picked":"SKIP","floor":13},{"not_picked":["Rip and Tear","Reprogram","Rebound"],"picked":"SKIP","floor":14},{"not_picked":["All For One","Biased Cognition"],"picked":"Amplify","floor":16},{"not_picked":["Hologram","Barrage","Undo+1"],"picked":"SKIP","floor":18},{"not_picked":["Streamline","Hologram"],"picked":"White Noise","floor":20},{"not_picked":["Barrage+1","Steam Power"],"picked":"FTL","floor":21}],"player_experience":395700,"relics_obtained":[{"floor":7,"key":"Lantern"}],"event_choices":[{"damage_healed":0,"gold_gain":0,"player_choice":"Shield","damage_taken":0,"max_hp_gain":5,"max_hp_loss":0,"event_name":"Menagerie:HarrowingRitual","floor":2,"gold_loss":0},{"damage_healed":0,"gold_gain":225,"player_choice":"Raid","damage_taken":0,"max_hp_gain":0,"max_hp_loss":0,"event_name":"Menagerie:SpiderNest","floor":4,"gold_loss":0,"cards_obtained":["Shame"]},{"damage_healed":0,"gold_gain":0,"player_choice":"Sacrifice","damage_taken":20,"max_hp_gain":5,"max_hp_loss":0,"event_name":"Elementarium:RadiantAltar","floor":19,"gold_loss":0}],"is_beta":false,"boss_relics":[{"not_picked":["FrozenCore","CosmicIsotope"],"picked":"Nuclear Battery"}],"items_purged_floors":[5],"is_endless":false,"potions_floor_spawned":[7,8,10,16,20,21],"killed_by":"Elementarium:VOID_CORRUPTION_AND_ORB_OF_FIRE","ascension_level":0}}