{"host":"msa0wxqjs3jv1k3j","time":1610976672,"event":{"mods":["AchievementEnabler","BaseMod","BetterRewards","Colored Map","Highlight Path","KOR Keyword Fix","Keyboard Shortcuts","Minty Spire (QoL Compilation)","Quick Restart","SuperFastMode","everything is the same but u backflip on backflip"],"gold_per_floor":[117,117,70,84,99,99,62,62,134,157,107,107,42,63,63,162,162,182,182,203,232,157,157,181,181,208,235,262,262,288,41,41,148,175,204,204,79,104,133,133,20,39,39,39,76,103,103,53,53,53,53],"floor_reached":50,"language":"KOR","playtime":1756,"items_purged":["Defend_G","Strike_G","Eviscerate+1","Tools of the Trade+1"],"score":436,"play_id":"076e0b7d-7044-4c18-83e6-31569566d908","local_time":"20210118223112","is_ascension_mode":false,"campfire_choices":[{"floor":6.0,"key":"DIG"},{"floor":12.0,"key":"DIG"},{"floor":15.0,"key":"DIG"},{"floor":23.0,"key":"DIG"},{"data":"Accuracy","floor":25.0,"key":"SMITH"},{"data":"Blade Dance","floor":29.0,"key":"SMITH"},{"data":"Accuracy","floor":32.0,"key":"SMITH"},{"floor":40,"key":"DIG"},{"floor":47,"key":"REST"},{"data":"Accuracy","floor":49,"key":"SMITH"}],"circlet_count":0,"master_deck":["Strike_G","Strike_G","Defend_G","Survivor","Neutralize","Backflip","Cloak And Dagger","Infinite Blades","Poisoned Stab","Blade Dance+1","Flying Knee","Accuracy+1","Outmaneuver","Outmaneuver","Poisoned Stab","Slice+1","Accuracy+1","Accuracy+1","Backstab","Crippling Poison","After Image","Envenom+1","PiercingWail","Blade Dance","Dagger Throw","Dash+1","Parasite","Outmaneuver+1","Sucker Punch+1"],"relics":["Ring of the Snake","Shovel","Matryoshka","CeramicFish","Toy Ornithopter","Meat on the Bone","Eternal Feather","Lantern","Girya","Regal Pillow","Akabeko","Lee\u0027s Waffle","Astrolabe","Ninja Scroll","Smiling Mask","Bronze Scales"],"acts_visited":["Exordium","TheCity","TheBeyond"],"potions_floor_usage":[50,50,50],"damage_taken":[{"damage":3.0,"enemies":"Small Slimes","floor":1.0,"turns":3.0},{"damage":0.0,"enemies":"Cultist","floor":4.0,"turns":5.0},{"damage":0.0,"enemies":"2 Louse","floor":5.0,"turns":4.0},{"damage":13.0,"enemies":"2 Fungi Beasts","floor":10.0,"turns":3.0},{"damage":6.0,"enemies":"Exordium Wildlife","floor":14.0,"turns":3.0},{"damage":20.0,"enemies":"Slime Boss","floor":16.0,"turns":8.0},{"damage":37.0,"enemies":"2 Thieves","floor":18.0,"turns":4.0},{"damage":3.0,"enemies":"3 Byrds","floor":20.0,"turns":5.0},{"damage":45.0,"enemies":"Cultist and Chosen","floor":21.0,"turns":8.0},{"damage":21.0,"enemies":"Centurion and Healer","floor":24.0,"turns":6.0},{"damage":40.0,"enemies":"Shelled Parasite and Fungi","floor":27.0,"turns":5.0},{"damage":15.0,"enemies":"Sentry and Sphere","floor":28.0,"turns":4.0},{"damage":29.0,"enemies":"Snake Plant","floor":30.0,"turns":5.0},{"damage":74.0,"enemies":"Automaton","floor":33.0,"turns":8.0},{"damage":50.0,"enemies":"3 Darklings","floor":35.0,"turns":6.0},{"damage":19.0,"enemies":"3 Shapes","floor":38.0,"turns":4.0},{"damage":15,"enemies":"Maw","floor":39,"turns":5},{"damage":13,"enemies":"Transient","floor":42,"turns":5},{"damage":41,"enemies":"Writhing Mass","floor":45,"turns":6},{"damage":6,"enemies":"Jaw Worm Horde","floor":46,"turns":3},{"damage":101,"enemies":"Awakened One","floor":50,"turns":8}],"seed_played":"-7510896140426774948","potions_obtained":[{"floor":5.0,"key":"ColorlessPotion"},{"floor":10.0,"key":"Regen Potion"},{"floor":24.0,"key":"DistilledChaos"},{"floor":27.0,"key":"CunningPotion"},{"floor":33.0,"key":"Weak Potion"},{"floor":42,"key":"SneckoOil"},{"floor":45,"key":"SkillPotion"},{"floor":46,"key":"Explosive Potion"}],"is_trial":false,"path_per_floor":["M","?","$","M","M","R","$","?","T","M","?","R","$","M","R","B",null,"M","?","M","M","?","R","M","R","T","M","M","R","M","$","R","B",null,"M","?","$","M","M","R","?","M","T","$","M","M","R","$","R","B"],"character_chosen":"THE_SILENT","items_purchased":["Matryoshka","GhostInAJar","Cloak And Dagger","Blade Dance","Accuracy","Lee\u0027s Waffle"],"campfire_rested":1,"item_purchase_floors":[0,0,3,7,13,31],"current_hp_per_floor":[67,67,67,67,67,67,67,72,72,59,59,59,59,53,62,47,75,38,38,47,28,28,40,31,43,43,20,27,39,22,82,82,20,82,44,44,44,37,34,49,49,48,48,48,19,25,82,82,82,0,0],"gold":53,"neow_bonus":"","is_daily":false,"chose_seed":false,"campfire_upgraded":4,"win_rate":0.0,"timestamp":1610976672,"path_taken":["M","?","$","M","M","R","?","?","T","M","?","R","$","M","R","BOSS","M","?","M","M","?","R","M","R","T","M","M","R","M","$","R","BOSS","M","?","$","?","M","R","?","M","T","$","M","M","R","$","R","BOSS"],"items_purchased_type":["Relic","Potion","Card","Card","Card","Relic"],"build_version":"2020-12-22","purchased_purges":4,"victory":false,"max_hp_per_floor":[70,70,70,70,70,70,70,75,75,75,75,75,75,75,75,75,75,75,75,75,75,75,75,75,75,75,75,75,75,75,82,82,82,82,82,82,82,82,82,82,82,82,82,82,82,82,82,82,82,82,82],"card_choices":[{"not_picked":["Dagger Spray","Acrobatics"],"picked":"Slice","floor":1.0},{"not_picked":["Concentrate","Bane"],"picked":"Infinite Blades","floor":4.0},{"not_picked":["A Thousand Cuts","Dagger Spray"],"picked":"Poisoned Stab","floor":5.0},{"not_picked":["Acrobatics","Caltrops"],"picked":"Flying Knee","floor":10.0},{"not_picked":["Underhanded Strike","Prepared"],"picked":"Outmaneuver","floor":14.0},{"not_picked":["Skewer","Underhanded Strike"],"picked":"Outmaneuver","floor":18.0},{"not_picked":["Sucker Punch","Outmaneuver"],"picked":"Poisoned Stab","floor":20.0},{"not_picked":["Sucker Punch","Prepared"],"picked":"Slice+1","floor":21.0},{"not_picked":["Outmaneuver","Poisoned Stab"],"picked":"Accuracy","floor":24.0},{"not_picked":["Underhanded Strike+1","Deflect+1"],"picked":"Accuracy","floor":27.0},{"not_picked":["Sucker Punch+1","Underhanded Strike"],"picked":"Backstab","floor":28.0},{"not_picked":["Backflip","Prepared"],"picked":"Crippling Poison","floor":30.0},{"not_picked":["Unload","Phantasmal Killer"],"picked":"After Image","floor":33.0},{"not_picked":["Infinite Blades","Underhanded Strike+1"],"picked":"PiercingWail","floor":35.0},{"not_picked":["All Out Attack+1","Terror+1"],"picked":"Blade Dance","floor":38.0},{"not_picked":["Setup","Masterful Stab+1"],"picked":"Dagger Throw","floor":39},{"not_picked":["Acrobatics","Dagger Throw"],"picked":"Dash+1","floor":42},{"not_picked":["Concentrate","Bouncing Flask"],"picked":"Outmaneuver+1","floor":45},{"not_picked":["Backflip","Dagger Throw+1"],"picked":"Sucker Punch+1","floor":46}],"player_experience":131059,"relics_obtained":[{"floor":6.0,"key":"CeramicFish"},{"floor":9.0,"key":"Toy Ornithopter"},{"floor":9.0,"key":"Meat on the Bone"},{"floor":12.0,"key":"Eternal Feather"},{"floor":15.0,"key":"Lantern"},{"floor":23.0,"key":"Girya"},{"floor":26.0,"key":"Regal Pillow"},{"floor":26.0,"key":"Akabeko"},{"floor":40,"key":"Ninja Scroll"},{"floor":43,"key":"Bronze Scales"}],"event_choices":[{"cards_removed":["Slice"],"damage_healed":0.0,"max_hp_gain":0.0,"max_hp_loss":0.0,"gold_gain":0.0,"event_name":"NoteForYourself","player_choice":"Took Card","floor":2.0,"gold_loss":0.0,"damage_taken":0.0,"cards_obtained":["Backflip"]},{"damage_healed":0.0,"max_hp_gain":5.0,"max_hp_loss":0.0,"gold_gain":0.0,"event_name":"Big Fish","player_choice":"Donut","floor":8.0,"gold_loss":0.0,"damage_taken":0.0},{"cards_removed":["Defend_G"],"damage_healed":0.0,"max_hp_gain":0.0,"max_hp_loss":0.0,"gold_gain":0.0,"event_name":"The Cleric","player_choice":"Card Removal","floor":11.0,"gold_loss":50.0,"damage_taken":0.0},{"damage_healed":0.0,"max_hp_gain":0.0,"max_hp_loss":0.0,"gold_gain":0.0,"event_name":"Ghosts","player_choice":"Ignored","floor":19.0,"gold_loss":0.0,"damage_taken":0.0},{"cards_removed":["Defend_G"],"damage_healed":0.0,"max_hp_gain":0.0,"max_hp_loss":0.0,"gold_gain":0.0,"event_name":"Beggar","player_choice":"Gave Gold","floor":22.0,"gold_loss":75.0,"damage_taken":0.0},{"damage_healed":0.0,"max_hp_gain":0.0,"max_hp_loss":0.0,"gold_gain":0.0,"event_name":"SecretPortal","player_choice":"Ignored","floor":36.0,"gold_loss":0.0,"damage_taken":0.0},{"damage_healed":0,"gold_gain":0,"player_choice":"Paid Gold","damage_taken":0,"relics_obtained":["Smiling Mask"],"max_hp_gain":0,"max_hp_loss":0,"event_name":"WeMeetAgain","floor":41,"gold_loss":113}],"is_beta":false,"boss_relics":[{"not_picked":["Velvet Choker","Runic Dome","Fusion Hammer"]},{"not_picked":["Tiny House","SacredBark"],"picked":"Astrolabe"}],"items_purged_floors":[0,31,37,48],"is_endless":false,"potions_floor_spawned":[5,10,24,27,33,42,45,46],"killed_by":"Awakened One","ascension_level":0}}