{"host":"2se5dq1do2gp0x9k","time":1610934857,"event":{"mods":["AchievementEnabler","BaseMod","Block Reminder","Colored Map","Colored Powertips","Minty Spire (QoL Compilation)","Relic Stats","StSLib","SuperFastMode"],"gold_per_floor":[111,121,35,47,58,58,68,97,149,149,163,163,163,179,179,251,251,268,288,288,298,311,346,346,371,371,371,382,711,711,723,723,802,802,816,605,617,617,637,637,637,637],"floor_reached":41,"language":"ENG","playtime":3154,"items_purged":["Strike_B"],"score":964,"play_id":"43c7a18e-28ee-4480-98d7-46418cab75c2","local_time":"20210117175417","is_ascension_mode":true,"campfire_choices":[{"data":"Defragment","floor":6.0,"key":"SMITH"},{"floor":12.0,"key":"REST"},{"data":"Zap","floor":15.0,"key":"SMITH"},{"floor":24.0,"key":"REST"},{"data":"Electrodynamics","floor":27.0,"key":"SMITH"},{"floor":32.0,"key":"REST"},{"data":"Buffer","floor":40,"key":"SMITH"}],"circlet_count":0,"master_deck":["AscendersBane","Strike_B","Strike_B","Strike_B","Defend_B","Defend_B","Defend_B","Defend_B","Zap+1","Dualcast","Metamorphosis+1","Glacier","Glacier","Defragment+1","Ball Lightning","Beam Cell","Electrodynamics+1","Coolheaded+1","Compile Driver","Echo Form","Self Repair+1","Compile Driver","BootSequence","Coolheaded+1","Compile Driver","Buffer","Seek","Buffer+1","Defragment","Turbo","Skim","White Noise+1","Consume+1"],"relics":["Cracked Core","Nunchaku","Pen Nib","Sozu","Letter Opener","Anchor","Prayer Wheel","Old Coin","SlaversCollar"],"acts_visited":["Exordium","TheCity","TheBeyond"],"potions_floor_usage":[],"damage_taken":[{"damage":0.0,"enemies":"2 Louse","floor":1.0,"turns":4.0},{"damage":8.0,"enemies":"Small Slimes","floor":2.0,"turns":3.0},{"damage":0.0,"enemies":"Cultist","floor":4.0,"turns":4.0},{"damage":1.0,"enemies":"Large Slime","floor":5.0,"turns":5.0},{"damage":19.0,"enemies":"Gremlin Gang","floor":7.0,"turns":5.0},{"damage":32.0,"enemies":"Gremlin Nob","floor":8.0,"turns":4.0},{"damage":0.0,"enemies":"3 Louse","floor":11.0,"turns":4.0},{"damage":0.0,"enemies":"2 Fungi Beasts","floor":14.0,"turns":4.0},{"damage":8.0,"enemies":"Hexaghost","floor":16.0,"turns":9.0},{"damage":8.0,"enemies":"Chosen","floor":18.0,"turns":4.0},{"damage":13.0,"enemies":"3 Byrds","floor":19.0,"turns":3.0},{"damage":6.0,"enemies":"Sentry and Sphere","floor":21.0,"turns":6.0},{"damage":10.0,"enemies":"Cultist and Chosen","floor":22.0,"turns":6.0},{"damage":54.0,"enemies":"Slavers","floor":23.0,"turns":8.0},{"damage":0.0,"enemies":"Gremlin Leader","floor":25.0,"turns":6.0},{"damage":3.0,"enemies":"Chosen and Byrds","floor":28.0,"turns":5.0},{"damage":25.0,"enemies":"Book of Stabbing","floor":29.0,"turns":5.0},{"damage":12.0,"enemies":"3 Cultists","floor":31.0,"turns":4.0},{"damage":18,"enemies":"Automaton","floor":33,"turns":8},{"damage":4,"enemies":"3 Shapes","floor":35,"turns":9},{"damage":11,"enemies":"Orb Walker","floor":37,"turns":5},{"damage":9,"enemies":"4 Shapes","floor":39,"turns":8},{"damage":61,"enemies":"Jaw Worm Horde","floor":41,"turns":4}],"seed_played":"7829707307237610903","potions_obtained":[{"floor":4.0,"key":"Fire Potion"},{"floor":5.0,"key":"Block Potion"},{"floor":7.0,"key":"BlessingOfTheForge"},{"floor":8.0,"key":"SkillPotion"}],"is_trial":false,"path_per_floor":["M","M","$","M","M","R","M","E","T","?","M","R","?","M","R","B",null,"M","M","?","M","M","E","R","E","T","R","M","E","?","M","R","B",null,"M","$","M","?","M","R","M"],"character_chosen":"DEFECT","items_purchased":["Defragment","Defragment","Turbo"],"campfire_rested":3,"item_purchase_floors":[3,36,36],"current_hp_per_floor":[64,56,56,56,55,55,36,4,4,4,4,23,23,23,23,15,52,44,41,41,55,64,20,39,49,49,49,46,31,25,13,32,24,54,64,64,53,53,61,61,0,0],"gold":637,"neow_bonus":"RANDOM_COLORLESS_2","is_daily":false,"chose_seed":false,"campfire_upgraded":4,"win_rate":0.0,"timestamp":1610934857,"path_taken":["M","M","$","M","M","R","M","E","T","?","M","R","?","M","R","BOSS","M","M","?","M","?","E","R","E","T","R","M","E","?","M","R","BOSS","M","$","?","?","M","R","M"],"items_purchased_type":["Card","Card","Card"],"build_version":"2020-12-22","purchased_purges":1,"victory":false,"max_hp_per_floor":[64,64,64,64,64,64,64,64,64,64,64,64,64,64,64,64,64,64,64,64,64,64,64,64,64,64,64,64,64,64,64,64,64,64,64,64,64,61,61,61,61,61],"relic_stats":{"Sozu":8,"Nunchaku":[13],"counters":[23,123],"Prayer Wheel":5,"Pen Nib":[13],"Letter Opener":[85],"obtain_stats":[{"Sozu":17,"SlaversCollar":34,"Nunchaku":8,"Anchor":25,"Prayer Wheel":26,"Pen Nib":9,"Letter Opener":23,"Cracked Core":0,"Old Coin":29},{"Sozu":9,"SlaversCollar":19,"Nunchaku":6,"Anchor":15,"Prayer Wheel":15,"Pen Nib":6,"Letter Opener":14,"Cracked Core":0,"Old Coin":17},{"Sozu":42,"SlaversCollar":97,"Nunchaku":25,"Anchor":75,"Prayer Wheel":75,"Pen Nib":25,"Letter Opener":69,"Cracked Core":0,"Old Coin":85}]},"card_choices":[{"not_picked":["Panache","Mayhem"],"picked":"Metamorphosis","floor":0.0},{"not_picked":["Chill","Melter"],"picked":"Glacier","floor":1.0},{"not_picked":["Rip and Tear","Ball Lightning"],"picked":"Glacier","floor":2.0},{"not_picked":["Barrage","Rip and Tear"],"picked":"Ball Lightning","floor":4.0},{"not_picked":["Steam Power","Blizzard"],"picked":"Beam Cell","floor":5.0},{"not_picked":["Leap","Turbo"],"picked":"Electrodynamics","floor":7.0},{"not_picked":["Stack","Redo","Turbo"],"picked":"SKIP","floor":8.0},{"not_picked":["Cold Snap","Rebound"],"picked":"Coolheaded","floor":11.0},{"not_picked":["Tempest","Turbo"],"picked":"Compile Driver","floor":14.0},{"not_picked":["Core Surge","Meteor Strike"],"picked":"Echo Form","floor":16.0},{"not_picked":["Ball Lightning","Beam Cell+1"],"picked":"Self Repair+1","floor":18.0},{"not_picked":["Go for the Eyes+1","Steam"],"picked":"Compile Driver","floor":19.0},{"not_picked":["Streamline","Reinforced Body"],"picked":"BootSequence","floor":21.0},{"not_picked":["Conserve Battery","Compile Driver","Sunder"],"picked":"SKIP","floor":22.0},{"not_picked":["Thunder Strike","Go for the Eyes+1"],"picked":"Coolheaded+1","floor":23.0},{"not_picked":["FTL","Hyperbeam","Cold Snap"],"picked":"SKIP","floor":25.0},{"not_picked":["Cold Snap+1","Undo"],"picked":"Compile Driver","floor":28.0},{"not_picked":["Sweeping Beam+1","Beam Cell","White Noise"],"picked":"SKIP","floor":28.0},{"not_picked":["Recycle","Sweeping Beam","Heatsinks"],"picked":"SKIP","floor":29.0},{"not_picked":["Stack","Beam Cell"],"picked":"Buffer","floor":31.0},{"not_picked":["Ball Lightning+1","Compile Driver","Rebound"],"picked":"SKIP","floor":31.0},{"not_picked":["Hyperbeam","All For One"],"picked":"Seek","floor":33},{"not_picked":["Leap","Stack"],"picked":"Buffer","floor":35},{"not_picked":["Heatsinks","Sweeping Beam","Cold Snap"],"picked":"SKIP","floor":35},{"not_picked":["Rebound","Cold Snap"],"picked":"Skim","floor":37},{"not_picked":["FTL","Hologram","Ball Lightning"],"picked":"SKIP","floor":37},{"not_picked":["Auto Shields","Recycle"],"picked":"White Noise+1","floor":39},{"not_picked":["Compile Driver","Stack"],"picked":"Consume+1","floor":39}],"player_experience":3903721,"relics_obtained":[{"floor":8.0,"key":"Nunchaku"},{"floor":9.0,"key":"Pen Nib"},{"floor":23.0,"key":"Letter Opener"},{"floor":25.0,"key":"Anchor"},{"floor":26.0,"key":"Prayer Wheel"},{"floor":29.0,"key":"Old Coin"}],"event_choices":[{"damage_healed":0.0,"max_hp_gain":0.0,"max_hp_loss":0.0,"gold_gain":0.0,"event_name":"Dead Adventurer","player_choice":"Searched \u00270\u0027 times","floor":10.0,"gold_loss":0.0,"damage_taken":0.0},{"damage_healed":0.0,"max_hp_gain":0.0,"max_hp_loss":0.0,"gold_gain":0.0,"event_name":"Living Wall","player_choice":"Grow","floor":13.0,"gold_loss":0.0,"damage_taken":0.0,"cards_upgraded":["Metamorphosis"]},{"damage_healed":0.0,"max_hp_gain":0.0,"max_hp_loss":0.0,"gold_gain":0.0,"event_name":"Accursed Blacksmith","player_choice":"Forge","floor":20.0,"gold_loss":0.0,"damage_taken":0.0,"cards_upgraded":["Coolheaded"]},{"damage_healed":0.0,"max_hp_gain":0.0,"max_hp_loss":0.0,"gold_gain":0.0,"event_name":"Knowing Skull","player_choice":"","floor":30.0,"potions_obtained":[],"gold_loss":0.0,"damage_taken":6.0,"cards_obtained":[]},{"damage_healed":0,"gold_gain":0,"player_choice":"Max HP","damage_taken":0,"max_hp_gain":0,"max_hp_loss":3,"event_name":"Winding Halls","floor":38,"gold_loss":0}],"is_beta":false,"boss_relics":[{"not_picked":["Empty Cage","Fusion Hammer"],"picked":"Sozu"},{"not_picked":["Philosopher\u0027s Stone","SacredBark"],"picked":"SlaversCollar"}],"items_purged_floors":[36],"is_endless":false,"potions_floor_spawned":[4,5,7,8,18,19,21,28,29,31,35,39],"killed_by":"Jaw Worm Horde","ascension_level":20}}