{"host":"oehe2dxjvdgux73m","time":1610946562,"event":{"mods":["AchievementEnabler","BaseMod","Colored Map","Colored Powertips","DeckTracker","Keyboard Shortcuts","Minty Spire (QoL Compilation)","Permanent Neow","Quick Restart","StSLib","SuperFastMode"],"gold_per_floor":[17,17,28,74,93,125,125,153,177,177,190,209,209,221,221,316,316,335,347,367,385,398,398,428,428,478,478,504,504,521,436,436,531,531,542,595,645,660,710,710,710],"floor_reached":40,"language":"KOR","playtime":1325,"items_purged":[],"score":460,"play_id":"603ec293-aecd-4058-bcd6-8b39aeac5e82","local_time":"20210118140922","is_ascension_mode":true,"campfire_choices":[{"data":"Apotheosis","floor":7.0,"key":"SMITH"},{"floor":10.0,"key":"REST"},{"floor":15.0,"key":"REST"},{"floor":23.0,"key":"REST"},{"floor":25.0,"key":"REST"},{"floor":27.0,"key":"REST"},{"floor":32.0,"key":"REST"}],"circlet_count":0,"master_deck":["Strike_B","Strike_B","Strike_B","Defend_B+1","Defend_B","Defend_B","Defend_B","Zap","Dualcast","Apotheosis+1","Capacitor","Heatsinks","Defragment","Compile Driver","Thunder Strike","Ball Lightning","Lockon","Leap+1","Storm","Biased Cognition","Ball Lightning+1","Storm","Auto Shields+1","Amplify","Redo+1","Barrage+1","Redo+1","Conserve Battery+1"],"relics":["Cracked Core","Omamori","Vajra","Bag of Preparation","Anchor","Pocketwatch","Sozu","Bronze Scales","War Paint","Tiny Chest","Thread and Needle","Philosopher\u0027s Stone","Oddly Smooth Stone","TungstenRod","Prayer Wheel"],"acts_visited":["Exordium","TheCity","TheBeyond"],"potions_floor_usage":[],"damage_taken":[{"damage":0.0,"enemies":"2 Louse","floor":1.0,"turns":2.0},{"damage":6.0,"enemies":"Jaw Worm","floor":3.0,"turns":4.0},{"damage":0.0,"enemies":"Cultist","floor":5.0,"turns":3.0},{"damage":33.0,"enemies":"Gremlin Nob","floor":6.0,"turns":4.0},{"damage":4.0,"enemies":"Lagavulin","floor":8.0,"turns":6.0},{"damage":0.0,"enemies":"Exordium Wildlife","floor":11.0,"turns":3.0},{"damage":10.0,"enemies":"Gremlin Gang","floor":12.0,"turns":3.0},{"damage":10.0,"enemies":"Looter","floor":14.0,"turns":3.0},{"damage":19.0,"enemies":"Slime Boss","floor":16.0,"turns":5.0},{"damage":24.0,"enemies":"Shell Parasite","floor":18.0,"turns":5.0},{"damage":0.0,"enemies":"Chosen","floor":19.0,"turns":3.0},{"damage":16.0,"enemies":"Centurion and Healer","floor":20.0,"turns":6.0},{"damage":22.0,"enemies":"3 Cultists","floor":21.0,"turns":5.0},{"damage":6.0,"enemies":"Snake Plant","floor":22.0,"turns":4.0},{"damage":21.0,"enemies":"Gremlin Leader","floor":24.0,"turns":6.0},{"damage":19.0,"enemies":"Book of Stabbing","floor":28.0,"turns":4.0},{"damage":17.0,"enemies":"Shelled Parasite and Fungi","floor":30.0,"turns":3.0},{"damage":22.0,"enemies":"Collector","floor":33.0,"turns":6.0},{"damage":10.0,"enemies":"Orb Walker","floor":35.0,"turns":3.0},{"damage":11.0,"enemies":"Mind Bloom Boss Battle","floor":37.0,"turns":3.0},{"damage":4,"enemies":"3 Darklings","floor":38,"turns":5},{"damage":31,"enemies":"2 Orb Walkers","floor":39,"turns":5},{"damage":32,"enemies":"Nemesis","floor":40,"turns":2}],"seed_played":"-160772082259373339","potions_obtained":[{"floor":1.0,"key":"Fire Potion"},{"floor":3.0,"key":"BlessingOfTheForge"},{"floor":6.0,"key":"SpeedPotion"},{"floor":8.0,"key":"Weak Potion"}],"is_trial":false,"path_per_floor":["M","?","M","T","M","E","R","E","T","R","M","M","?","M","R","B",null,"M","M","M","M","M","R","E","R","T","R","E","?","M","?","R","B",null,"M","T","?","M","?","E"],"character_chosen":"DEFECT","items_purchased":[],"campfire_rested":6,"item_purchase_floors":[],"current_hp_per_floor":[75,75,69,69,69,36,36,32,32,54,54,44,44,34,56,37,75,51,51,35,13,7,29,8,30,30,52,33,33,16,16,38,16,75,65,65,54,50,19,0,0],"gold":710,"neow_bonus":"RANDOM_COLORLESS_2","is_daily":false,"chose_seed":false,"campfire_upgraded":1,"win_rate":0.0,"timestamp":1610946562,"path_taken":["M","?","M","?","M","E","R","E","T","R","?","M","?","M","R","BOSS","M","?","M","M","M","R","E","R","T","R","E","?","?","?","R","BOSS","M","?","?","?","?","E"],"items_purchased_type":[],"build_version":"2020-12-22","purchased_purges":0,"victory":false,"max_hp_per_floor":[75,75,75,75,75,75,75,75,75,75,75,75,75,75,75,75,75,75,75,75,75,75,75,75,75,75,75,75,75,75,75,75,75,75,75,75,75,75,75,75,75],"card_choices":[{"not_picked":["Thinking Ahead","Master of Strategy"],"picked":"Apotheosis","floor":0.0},{"not_picked":["Self Repair","Redo"],"picked":"Capacitor","floor":1.0},{"not_picked":["Chill","Streamline","Redo"],"picked":"SKIP","floor":3.0},{"not_picked":["Scrape","Compile Driver"],"picked":"Defragment","floor":5.0},{"not_picked":["Redo","Melter"],"picked":"Compile Driver","floor":6.0},{"not_picked":["Undo","Beam Cell"],"picked":"Thunder Strike","floor":8.0},{"not_picked":["Compile Driver","White Noise"],"picked":"Ball Lightning","floor":11.0},{"not_picked":["Reprogram","Undo","Doom and Gloom"],"picked":"SKIP","floor":12.0},{"not_picked":["Cold Snap","White Noise"],"picked":"Lockon","floor":14.0},{"not_picked":["Streamline","Leap","White Noise"],"picked":"SKIP","floor":18.0},{"not_picked":["Compile Driver","Blizzard+1"],"picked":"Leap","floor":19.0},{"not_picked":["Hologram","Cold Snap"],"picked":"Storm","floor":20.0},{"not_picked":["Auto Shields","Skim","Sweeping Beam"],"picked":"SKIP","floor":21.0},{"not_picked":["Coolheaded+1","Sweeping Beam+1","Double Energy"],"picked":"SKIP","floor":22.0},{"not_picked":["Seek","Creative AI"],"picked":"Biased Cognition","floor":24.0},{"not_picked":["Auto Shields","Go for the Eyes"],"picked":"Ball Lightning+1","floor":28.0},{"not_picked":["Compile Driver","Gash+1"],"picked":"Auto Shields+1","floor":30.0},{"not_picked":["Fission","Rainbow"],"picked":"Amplify","floor":33.0},{"not_picked":["Cold Snap","Undo"],"picked":"Redo+1","floor":35.0},{"not_picked":["Steam+1","Rebound"],"picked":"Barrage+1","floor":37.0},{"not_picked":["Stack","Streamline+1"],"picked":"Redo+1","floor":38},{"not_picked":["Rebound+1","Darkness+1"],"picked":"Conserve Battery+1","floor":39}],"player_experience":274662,"relics_obtained":[{"floor":4.0,"key":"Omamori"},{"floor":6.0,"key":"Vajra"},{"floor":8.0,"key":"Bag of Preparation"},{"floor":9.0,"key":"Anchor"},{"floor":24.0,"key":"Bronze Scales"},{"floor":26.0,"key":"War Paint"},{"floor":28.0,"key":"Tiny Chest"},{"floor":36.0,"key":"Oddly Smooth Stone"},{"floor":37.0,"key":"TungstenRod"},{"floor":39,"key":"Prayer Wheel"}],"event_choices":[{"damage_healed":0.0,"max_hp_gain":0.0,"max_hp_loss":0.0,"gold_gain":0.0,"cards_transformed":["Strike_B"],"event_name":"Living Wall","player_choice":"Change","floor":2.0,"gold_loss":0.0,"damage_taken":0.0,"cards_obtained":["Heatsinks"]},{"damage_healed":0.0,"max_hp_gain":0.0,"max_hp_loss":0.0,"gold_gain":0.0,"event_name":"WeMeetAgain","player_choice":"Gave Potion","floor":13.0,"gold_loss":0.0,"damage_taken":0.0,"relics_obtained":["Pocketwatch"]},{"damage_healed":0.0,"max_hp_gain":0.0,"max_hp_loss":0.0,"gold_gain":0.0,"event_name":"Duplicator","player_choice":"Copied","floor":29.0,"gold_loss":0.0,"damage_taken":0.0,"cards_obtained":["Storm"]},{"damage_healed":0.0,"max_hp_gain":0.0,"max_hp_loss":0.0,"gold_gain":0.0,"event_name":"Addict","player_choice":"Obtained Relic","floor":31.0,"gold_loss":85.0,"damage_taken":0.0,"relics_obtained":["Thread and Needle"]},{"damage_healed":0.0,"max_hp_gain":0.0,"max_hp_loss":0.0,"gold_gain":0.0,"event_name":"MindBloom","player_choice":"Fight","floor":37.0,"gold_loss":0.0,"damage_taken":0.0},{"damage_healed":0,"gold_gain":0,"player_choice":"Fight","damage_taken":0,"max_hp_gain":0,"max_hp_loss":0,"event_name":"Mysterious Sphere","floor":39,"gold_loss":0}],"is_beta":false,"boss_relics":[{"not_picked":["Busted Crown","Fusion Hammer"],"picked":"Sozu"},{"not_picked":["Velvet Choker","Calling Bell"],"picked":"Philosopher\u0027s Stone"}],"items_purged_floors":[],"is_endless":false,"potions_floor_spawned":[1,3,6,8,18,22,33,37,38,39],"killed_by":"Nemesis","ascension_level":1}}