{"host":"1rf9pknejqhzkc4o","time":1610960695,"event":{"mods":["Aspiration","BaseMod","Better Altar","Better Match","Better Note","Better Sensory Stone","Better Skull","Better Third Choice","Colored Map","Colored Powertips","Communication Mod","Conspire","Energized Spire","Hubris","Infinite Spire","Ironclad Rager","Minty Spire (QoL Compilation)","Quick Restart","RNG Fix","Rare Cards Sparkle","Relic Stats","Replay The Spire","Retaliation","Spicy Shops","StS++","StSLib","The Blue Laboratory","Trackpad"],"gold_per_floor":[114,130,130,146,146,146,176,176,176,161,161,161],"floor_reached":11,"language":"ENG","playtime":379,"items_purged":[],"score":73,"play_id":"84f39cfd-5aee-4959-a751-ef5bb4f97be2","local_time":"20210118120455","is_ascension_mode":false,"campfire_choices":[{"data":"StSpp:ChainedTrap","floor":6,"key":"SMITH"},{"data":"Outmaneuver","floor":8,"key":"SMITH"}],"circlet_count":0,"master_deck":["Survivor","Neutralize","ICR:VenomStrike","ICR:VenomStrike","ICR:VenomStrike","ICR:VenomStrike","ICR:VenomStrike","ICR:Dodge","ICR:Dodge","ICR:Dodge","ICR:Dodge","ICR:Dodge","StSpp:FiercePoison+1","StSpp:ChainedTrap+1","Outmaneuver+1","Noxious Fumes"],"relics":["Sizzling Blood","Matryoshka","infinitespire:WardingShard","ReplayFunnel"],"acts_visited":["Exordium"],"potions_floor_usage":[7],"damage_taken":[{"damage":0,"enemies":"Small Slimes","floor":1,"turns":4},{"damage":1,"enemies":"Cultist","floor":2,"turns":4},{"damage":8,"enemies":"2 Louse","floor":4,"turns":3},{"damage":17,"enemies":"Lagavulin","floor":7,"turns":6},{"damage":13,"enemies":"Exordium Thugs","floor":10,"turns":4},{"damage":58,"enemies":"Gremlin Nob","floor":11,"turns":5}],"seed_played":"-5033014755069554875","potions_obtained":[{"floor":4,"key":"DuplicationPotion"},{"floor":7,"key":"EssenceOfSteel"},{"floor":10,"key":"blueLaboratory:ArtificerPotion"}],"is_trial":false,"path_per_floor":["M","M","?","M","?","R","E","R","T","M","E"],"character_chosen":"THE_SILENT","items_purchased":[],"campfire_rested":0,"item_purchase_floors":[],"current_hp_per_floor":[70,69,69,61,65,65,52,52,52,43,0,0],"gold":161,"neow_bonus":"SILENT_POISONER","is_daily":false,"chose_seed":false,"campfire_upgraded":2,"win_rate":0.0,"timestamp":1610960695,"path_taken":["M","M","?","M","?","R","E","R","T","M","E"],"items_purchased_type":[],"build_version":"2020-12-22","purchased_purges":0,"victory":false,"max_hp_per_floor":[70,70,70,70,74,74,74,74,74,74,74,74],"relic_stats":{"counters":[6,26],"obtain_stats":[{"ReplayFunnel":9,"Matryoshka":7,"infinitespire:WardingShard":9,"Sizzling Blood":5,"Ring of the Snake":0},{"ReplayFunnel":4,"Matryoshka":4,"infinitespire:WardingShard":4,"Sizzling Blood":3,"Ring of the Snake":0},{"ReplayFunnel":17,"Matryoshka":17,"infinitespire:WardingShard":17,"Sizzling Blood":11,"Ring of the Snake":0}]},"card_choices":[{"not_picked":["conspire:PoisonWeapons","Dagger Spray","StSpp:TimeParadox"],"picked":"SKIP","floor":1},{"not_picked":["Hidden Blade","Acrobatics"],"picked":"StSpp:FiercePoison","floor":2},{"not_picked":["Blur","StSpp:Dive"],"picked":"StSpp:ChainedTrap","floor":4},{"not_picked":["Escape Plan","aspiration:Lunge"],"picked":"Outmaneuver","floor":7},{"not_picked":["Acrobatics","ReplayTheSpireMod:Speed Training"],"picked":"Noxious Fumes","floor":10}],"player_experience":177118,"relics_obtained":[{"floor":7,"key":"Matryoshka"},{"floor":9,"key":"infinitespire:WardingShard"},{"floor":9,"key":"ReplayFunnel"}],"event_choices":[{"damage_healed":0,"gold_gain":0,"player_choice":"Upgraded","damage_taken":0,"max_hp_gain":0,"max_hp_loss":0,"event_name":"Upgrade Shrine","floor":3,"gold_loss":0,"cards_upgraded":["StSpp:FiercePoison"]}],"is_beta":false,"boss_relics":[],"items_purged_floors":[],"is_endless":false,"potions_floor_spawned":[4,7,10],"killed_by":"Gremlin Nob","ascension_level":0}}