{"host":"hjw1ay65n7jm40lc","time":1610933279,"event":{"mods":["AchievementEnabler","BaseMod","Block Reminder","Colored Map","Colored Powertips","Curses Come First","Downfall","Googly Eyes","Hermit","Highlight Path","Minty Spire (QoL Compilation)","Quick Restart","Relic Stats","StSLib"],"gold_per_floor":[99,118,128,142,207,236,236,236,263,263,275,306,306,306,320,423,423,423,435,445,445,40,65,65,104,133,45,57,95,126,138,165,273,285,197,227,254,316,643,684,723,635,661,673,685,203,218,248,259,259,259,292,23,23,23,23],"floor_reached":57,"language":"ENG","playtime":9257,"items_purged":["bronze:Strike"],"score":2084,"play_id":"52d2caf7-3e4a-47a1-9b34-f65e81ae925b","local_time":"20210117202759","is_ascension_mode":true,"campfire_choices":[{"data":"bronze:Goto","floor":1,"key":"SMITH"},{"data":"bronze:DelayedSlice","floor":8,"key":"SMITH"},{"floor":13,"key":"REST"},{"floor":18,"key":"RECALL"},{"floor":27,"key":"REST"},{"floor":35,"key":"REST"},{"data":"1","floor":42,"key":"LIFT"},{"data":"2","floor":44,"key":"LIFT"},{"data":"3","floor":54,"key":"LIFT"}],"circlet_count":0,"master_deck":["bronze:Strike","bronze:Strike","bronze:Strike","bronze:Defend","bronze:Defend","bronze:Defend","bronze:Defend","bronze:Replicate","bronze:Goto+1","bronze:DelayedSlice+1","bronze:Return","bronze:Library","bronze:ChosenStrike","bronze:FineTuning+1","bronze:Format+1","bronze:Format+1","bronze:Assembly+1","bronze:Constructor+1","bronze:HardenedForm","bronze:Shell+1","bronze:Virus+1","bronze:BronzeArmor+1","bronze:Assembly+1"],"relics":["bronze:BronzeCore","Sundial","Slimebound:StickyStick","Letter Opener","Odd Mushroom","Toxic Egg 2","bronze:Mallet","Fusion Hammer","bronze:BottledCode","Strange Spoon","Molten Egg 2","bronze:ProtectiveGoggles","MawBank","Bronze Scales","downfall:HeartBlessingGreen","Pen Nib","PreservedInsect","Spirit Poop","bronze:MakeshiftBattery","downfall:HeartBlessingRed","Girya","Ancient Tea Set","downfall:HeartBlessingBlue","bronze:DecasWashers","Anchor","StrikeDummy","Nunchaku","bronze:BronzeIdol"],"acts_visited":["Exordium","TheCity","TheBeyond","TheEnding"],"potions_floor_usage":[5,12,16,16,29,30,39,50,50,50,55,55,56],"damage_taken":[{"damage":7,"enemies":"2 Louse","floor":2,"turns":3},{"damage":7,"enemies":"Jaw Worm","floor":3,"turns":3},{"damage":0,"enemies":"Cultist","floor":4,"turns":2},{"damage":0,"enemies":"Gremlin Nob","floor":5,"turns":2},{"damage":17,"enemies":"Gremlin Nob","floor":6,"turns":4},{"damage":11,"enemies":"The Mushroom Lair","floor":9,"turns":3},{"damage":3,"enemies":"Blue Slaver","floor":11,"turns":2},{"damage":0,"enemies":"Lagavulin","floor":12,"turns":4},{"damage":1,"enemies":"Large Slime","floor":15,"turns":2},{"damage":12,"enemies":"SI_SHIV_ARCHETYPE","floor":16,"turns":5},{"damage":0,"enemies":"Shell Parasite","floor":19,"turns":3},{"damage":17,"enemies":"Centurion and Healer","floor":20,"turns":5},{"damage":10,"enemies":"downfall:FleeingMerchant","floor":22,"turns":4},{"damage":8,"enemies":"Slavers","floor":23,"turns":4},{"damage":0,"enemies":"Gremlin Leader","floor":25,"turns":5},{"damage":18,"enemies":"Snecko","floor":26,"turns":4},{"damage":24,"enemies":"Slavers","floor":29,"turns":3},{"damage":0,"enemies":"Cultist and Chosen","floor":30,"turns":3},{"damage":0,"enemies":"Snake Plant","floor":32,"turns":2},{"damage":0,"enemies":"WA_ARCHETYPE_CALM","floor":33,"turns":5},{"damage":0,"enemies":"3 Shapes","floor":36,"turns":3},{"damage":0,"enemies":"Orb Walker","floor":37,"turns":2},{"damage":0,"enemies":"Orb Walker","floor":38,"turns":3},{"damage":0,"enemies":"downfall:FleeingMerchant","floor":39,"turns":4},{"damage":0,"enemies":"Nemesis","floor":40,"turns":3},{"damage":0,"enemies":"Spire Growth","floor":43,"turns":2},{"damage":0,"enemies":"Sphere and 2 Shapes","floor":47,"turns":2},{"damage":0,"enemies":"Reptomancer","floor":48,"turns":2},{"damage":0,"enemies":"Transient","floor":49,"turns":5},{"damage":0,"enemies":"DF_ARCHETYPE_ORBS","floor":50,"turns":3},{"damage":0,"enemies":"downfall:CharBossMerchant","floor":52,"turns":5},{"damage":0,"enemies":"downfall:NeowBoss","floor":55,"turns":7},{"damage":26,"enemies":"downfall:NeowBossFinal","floor":56,"turns":8}],"seed_played":"-4554314703686459899","potions_obtained":[{"floor":2,"key":"FearPotion"},{"floor":6,"key":"SteroidPotion"},{"floor":9,"key":"Fire Potion"},{"floor":11,"key":"EssenceOfSteel"},{"floor":12,"key":"SteroidPotion"},{"floor":26,"key":"Weak Potion"},{"floor":29,"key":"DistilledChaos"},{"floor":30,"key":"Weak Potion"},{"floor":32,"key":"SteroidPotion"},{"floor":38,"key":"DuplicationPotion"},{"floor":40,"key":"EssenceOfSteel"},{"floor":48,"key":"Strength Potion"},{"floor":49,"key":"SteroidPotion"},{"floor":52,"key":"Strength Potion"}],"is_trial":false,"path_per_floor":["R","M","M","M","?","E","T","R","?","T","M","E","R","?","M","B",null,"R","M","M","?","$","E","T","E","M","R","?","E","M","?","M","B",null,"R","M","M","?","$","E","T","R","M","R","?","$","M","E","M","B",null,"E","$","R","B","B",null],"character_chosen":"THE_AUTOMATON","items_purchased":["Strange Spoon","Molten Egg 2","bronze:DecasWashers","Anchor","bronze:BronzeIdol","DistilledChaos","PowerPotion"],"campfire_rested":3,"item_purchase_floors":[22,22,46,46,53,53,53],"current_hp_per_floor":[77,70,63,63,63,46,46,46,35,35,32,32,55,55,54,42,77,77,77,60,60,50,42,42,42,24,44,44,20,20,20,20,20,67,67,67,67,67,67,67,67,77,77,77,77,77,77,77,77,77,77,77,77,77,77,51],"gold":23,"neow_bonus":"TEN_PERCENT_HP_BONUS","is_daily":false,"chose_seed":false,"campfire_upgraded":2,"win_rate":0.0,"timestamp":1610933279,"path_taken":["R","M","M","M","?","E","T","R","?","?","?","E","R","?","M","BOSS","R","M","M","?","$","E","T","E","M","R","?","E","M","?","M","BOSS","R","M","M","?","$","E","T","R","M","R","?","$","M","E","M","BOSS","E","$","R","BOSS","BOSS"],"items_purchased_type":["Relic","Relic","Relic","Relic","Relic","Potion","Potion"],"build_version":"2020-12-22","purchased_purges":1,"victory":true,"max_hp_per_floor":[77,77,77,77,77,77,77,77,77,77,77,77,77,77,77,77,77,77,77,77,67,67,67,67,67,67,67,67,67,67,67,67,67,67,67,67,67,67,67,67,67,77,77,77,77,77,77,77,77,77,77,77,77,77,77,77],"relic_stats":{"Strange Spoon":[74],"Nunchaku":[5],"counters":[33,117],"Sundial":[20],"Bronze Scales":[131],"Pen Nib":[20],"PreservedInsect":206,"Letter Opener":[372],"MawBank":264,"obtain_stats":[{"bronze:BronzeCore":0,"Spirit Poop":31,"downfall:HeartBlessingGreen":27,"bronze:Mallet":12,"Ancient Tea Set":40,"Nunchaku":52,"Sundial":5,"Slimebound:StickyStick":6,"downfall:HeartBlessingBlue":42,"Fusion Hammer":17,"Toxic Egg 2":10,"Girya":38,"downfall:HeartBlessingRed":35,"bronze:DecasWashers":46,"Pen Nib":28,"PreservedInsect":29,"Letter Opener":7,"Odd Mushroom":9,"MawBank":24,"bronze:BronzeIdol":53,"bronze:BottledCode":21,"Strange Spoon":22,"Anchor":46,"bronze:ProtectiveGoggles":23,"Bronze Scales":25,"Molten Egg 2":22,"StrikeDummy":48,"bronze:MakeshiftBattery":34},{"bronze:BronzeCore":0,"Spirit Poop":18,"downfall:HeartBlessingGreen":16,"bronze:Mallet":8,"Ancient Tea Set":25,"Nunchaku":31,"Sundial":4,"Slimebound:StickyStick":5,"downfall:HeartBlessingBlue":25,"Fusion Hammer":10,"Toxic Egg 2":6,"Girya":23,"downfall:HeartBlessingRed":20,"bronze:DecasWashers":26,"Pen Nib":16,"PreservedInsect":17,"Letter Opener":5,"Odd Mushroom":6,"MawBank":14,"bronze:BronzeIdol":31,"bronze:BottledCode":12,"Strange Spoon":13,"Anchor":26,"bronze:ProtectiveGoggles":14,"Bronze Scales":15,"Molten Egg 2":13,"StrikeDummy":28,"bronze:MakeshiftBattery":20},{"bronze:BronzeCore":0,"Spirit Poop":61,"downfall:HeartBlessingGreen":55,"bronze:Mallet":23,"Ancient Tea Set":83,"Nunchaku":102,"Sundial":10,"Slimebound:StickyStick":14,"downfall:HeartBlessingBlue":83,"Fusion Hammer":30,"Toxic Egg 2":17,"Girya":76,"downfall:HeartBlessingRed":68,"bronze:DecasWashers":85,"Pen Nib":55,"PreservedInsect":58,"Letter Opener":14,"Odd Mushroom":17,"MawBank":46,"bronze:BronzeIdol":102,"bronze:BottledCode":38,"Strange Spoon":42,"Anchor":85,"bronze:ProtectiveGoggles":46,"Bronze Scales":51,"Molten Egg 2":42,"StrikeDummy":89,"bronze:MakeshiftBattery":68}]},"card_choices":[{"not_picked":["bronze:BronzeOrb","bronze:ForceShield"],"picked":"bronze:OilSpill","floor":2},{"not_picked":["bronze:DarkDash","bronze:Safeguard","bronze:BugBarrage"],"picked":"SKIP","floor":3},{"not_picked":["bronze:Backtrace","bronze:Shield"],"picked":"bronze:DelayedSlice","floor":4},{"not_picked":["bronze:Branch","bronze:BuggyMess"],"picked":"bronze:Return","floor":5},{"not_picked":["bronze:Shield","bronze:Optimize"],"picked":"bronze:Library","floor":6},{"not_picked":["bronze:Turbo","bronze:Deprecate"],"picked":"bronze:ChosenStrike","floor":9},{"not_picked":["bronze:Shield+1","bronze:CloningBeam"],"picked":"bronze:FineTuning+1","floor":11},{"not_picked":["bronze:BitShift+1","bronze:FineTuning+1"],"picked":"bronze:Format+1","floor":12},{"not_picked":["bronze:Shield+1","bronze:Safeguard+1","bronze:Overheat"],"picked":"SKIP","floor":15},{"not_picked":["bronze:TinkerersToolbox+1","bronze:RecursiveStrike"],"picked":"bronze:Assembly+1","floor":16},{"not_picked":["bronze:CutThrough","bronze:BuggyMess+1","bronze:BugBarrage"],"picked":"SKIP","floor":19},{"not_picked":["bronze:Iterate+1","bronze:CutThrough"],"picked":"bronze:Constructor+1","floor":20},{"not_picked":["bronze:Branch","bronze:DelayedSlice"],"picked":"bronze:HardenedForm","floor":22},{"not_picked":["bronze:Safeguard+1","bronze:Separator+1","bronze:Allocate+1"],"picked":"SKIP","floor":23},{"not_picked":["bronze:Shield+1","bronze:Boost+1","bronze:BugBarrage+1"],"picked":"SKIP","floor":25},{"not_picked":["bronze:Refactor+1","bronze:Turbo+1"],"picked":"bronze:Shell+1","floor":26},{"not_picked":["bronze:Terminator+1","bronze:DelayedSlice+1","bronze:NullPointer+1"],"picked":"SKIP","floor":29},{"not_picked":["bronze:DelayedSlice+1","bronze:Repair+1","bronze:ClassDefault"],"picked":"SKIP","floor":30},{"not_picked":["bronze:Branch+1","bronze:Boost+1","bronze:FineTuning+1"],"picked":"SKIP","floor":32},{"not_picked":["bronze:RecursiveStrike+1","bronze:Hardcode"],"picked":"bronze:Virus+1","floor":33},{"not_picked":["bronze:Frontload+1","bronze:DelayedGuard+1","bronze:CloningBeam+1"],"picked":"SKIP","floor":36},{"not_picked":["bronze:FollowUp+1","bronze:Deprecate+1","bronze:DelayedSlice+1"],"picked":"SKIP","floor":37},{"not_picked":["bronze:OilSpill+1","bronze:Branch+1"],"picked":"bronze:BronzeArmor+1","floor":38},{"not_picked":["bronze:WildBeam+1","bronze:FineTuning+1","bronze:Frontload+1"],"picked":"SKIP","floor":39},{"not_picked":["bronze:Turbo+1","bronze:Backtrace+1","bronze:Overheat+1"],"picked":"SKIP","floor":40},{"not_picked":["bronze:Deprecate+1","bronze:CutThrough+1","bronze:WildBeam+1"],"picked":"SKIP","floor":43},{"not_picked":["bronze:BuggyMess+1","bronze:Separator+1"],"picked":"bronze:Assembly+1","floor":47},{"not_picked":["bronze:DelayedSlice+1","bronze:Iterate+1","bronze:Safeguard+1"],"picked":"SKIP","floor":48},{"not_picked":["bronze:Iterate+1","bronze:Branch+1","bronze:CutThrough+1"],"picked":"SKIP","floor":49},{"not_picked":["bronze:Separator+1","bronze:ChildClass+1","bronze:Overload+1"],"picked":"SKIP","floor":52}],"player_experience":923636,"relics_obtained":[{"floor":5,"key":"Sundial"},{"floor":6,"key":"Slimebound:StickyStick"},{"floor":7,"key":"Letter Opener"},{"floor":9,"key":"Odd Mushroom"},{"floor":10,"key":"Toxic Egg 2"},{"floor":12,"key":"bronze:Mallet"},{"floor":23,"key":"bronze:ProtectiveGoggles"},{"floor":24,"key":"MawBank"},{"floor":25,"key":"Bronze Scales"},{"floor":29,"key":"PreservedInsect"},{"floor":38,"key":"Girya"},{"floor":40,"key":"Ancient Tea Set"},{"floor":48,"key":"StrikeDummy"},{"floor":52,"key":"Nunchaku"}],"event_choices":[{"damage_healed":0,"gold_gain":0,"player_choice":"Fought Mushrooms","damage_taken":0,"max_hp_gain":0,"max_hp_loss":0,"event_name":"Mushrooms","floor":9,"gold_loss":0},{"damage_healed":0,"gold_gain":0,"player_choice":"Stole Relic","damage_taken":0,"relics_obtained":["Pen Nib"],"max_hp_gain":0,"max_hp_loss":0,"event_name":"Addict","floor":28,"gold_loss":0,"cards_obtained":["Pride"]},{"cards_removed":["Pride"],"damage_healed":0,"gold_gain":0,"player_choice":"Offered Curse","damage_taken":0,"relics_obtained":["Spirit Poop"],"max_hp_gain":0,"max_hp_loss":0,"event_name":"Bonfire Elementals","floor":31,"gold_loss":0},{"cards_removed":["bronze:OilSpill"],"damage_healed":0,"gold_gain":0,"player_choice":"Removed Attack","damage_taken":0,"max_hp_gain":0,"max_hp_loss":0,"event_name":"Falling","floor":45,"gold_loss":0}],"is_beta":false,"boss_relics":[{"not_picked":["Philosopher\u0027s Stone","Pandora\u0027s Box"],"picked":"Fusion Hammer"},{"not_picked":["Cursed Key","Runic Pyramid"],"picked":"bronze:MakeshiftBattery"}],"items_purged_floors":[46],"is_endless":false,"potions_floor_spawned":[2,6,9,11,12,26,29,30,32,38,40,43,48,49,52],"ascension_level":3}}