{"host":"5ty8fyb0ngp9gspj","time":1610977677,"event":{"mods":["2.2 Compatiblity","AchievementEnabler","Act Like it!","BaseMod","Colored Map","Downfall","Hubris","Minty Spire (QoL Compilation)","Rare Cards Sparkle","Relic Stats","StSLib","The Jungle","slay the spire mod where everything is the same but ironclad has a cowboy hat"],"gold_per_floor":[99,99,109,16,34,34,34,63,63,88,108,121,21,171,182,287,287,287,307,324,336,336,365,365,365,365,265,285,298,298,77,92,194,194,94,108,103,222,334,384,409,45,45,176,56,81,81,116,130,130,130,161,3,3,3,3],"floor_reached":57,"language":"ENG","playtime":5491,"items_purged":[],"score":1497,"play_id":"b97c06cc-7a0e-420b-89d9-b5e2d34480aa","local_time":"20210119004757","is_ascension_mode":true,"campfire_choices":[{"data":"champ:Taunt","floor":1,"key":"SMITH"},{"data":"champ:Circumvent","floor":6,"key":"SMITH"},{"floor":13,"key":"REST"},{"data":"champ:Execute","floor":18,"key":"SMITH"},{"data":"champ:CheapShot","floor":27,"key":"SMITH"},{"floor":30,"key":"RECALL"},{"data":"champ:SkillfulDodge","floor":35,"key":"SMITH"},{"floor":47,"key":"REST"},{"data":"champ:DefensiveStyle","floor":54,"key":"SMITH"}],"circlet_count":0,"master_deck":["champ:Strike","champ:Defend","champ:Defend","champ:Execute+1","champ:Taunt+1","champ:PreemptiveStrike+1","champ:FalseCounter+1","champ:AdrenalArmor+1","champ:CalledShot","champ:ViciousMockery","champ:RisingSlash","champ:Circumvent+1","champ:PreciseThrust","champ:TornadoPunch","champ:Backstep","downfall:Icky","champ:CheapShot+1","champ:HoldFirm","champ:Duel","champ:FocusedDefense","champ:CrownThrow","champ:LastStand","champ:Circumvent","champ:EnGarde+1","champ:SkillfulDodge+1","champ:FlashCut+1","champ:PreciseThrust+1","champ:ShieldThrow","CurseOfTheBell","champ:RisingSlash+1","champ:FocusedDefense+1","champ:DefensiveShout+1","Parasite","champ:DeathBlow+1","champ:StanceDance","champ:BringItOn","champ:ShieldWall","champ:DefensiveStyle+1","champ:Improvising","champ:ShieldWall","Mayhem","champ:Parry","champ:PreciseThrust+1","champ:GutPunch+1","champ:ArenaPreparation+1","champ:StanceDance+1","champ:AdrenalArmor","champ:TripleStrike","champ:Encircle"],"relics":["Astrolabe","downfall:ShatteredFragment","StrikeDummy","hubris:BottledRain","Eternal Feather","downfall:HeartBlessingGreen","hubris:VirtuousBlindfold","hubris:GlazedTorus","hubris:Icosahedron","downfall:HeartBlessingBlue","champ:DefensiveTrainingManual","Calling Bell","Art of War","The Courier","Unceasing Top","downfall:HeartBlessingRed","champ:SignatureFinisher","hubris:BundleOfHerbs","Happy Flower","Lee\u0027s Waffle","Mercury Hourglass","ClockworkSouvenir","sneckomod:BlankCard","HornCleat","Whetstone"],"acts_visited":["Exordium","TheCity","TheBeyond","TheEnding"],"potions_floor_usage":[16,16,16,33,37],"damage_taken":[{"damage":31,"enemies":"2 Louse","floor":3,"turns":3},{"damage":25,"enemies":"downfall:FleeingMerchant","floor":4,"turns":4},{"damage":2,"enemies":"Small Slimes","floor":5,"turns":4},{"damage":29,"enemies":"Lagavulin","floor":8,"turns":5},{"damage":23,"enemies":"3 Sentries","floor":10,"turns":7},{"damage":0,"enemies":"Cultist","floor":11,"turns":3},{"damage":0,"enemies":"Blue Slaver","floor":12,"turns":3},{"damage":0,"enemies":"2 Fungi Beasts","floor":15,"turns":3},{"damage":42,"enemies":"DF_ARCHETYPE_STREAMLINE","floor":16,"turns":13},{"damage":0,"enemies":"Chosen","floor":19,"turns":4},{"damage":10,"enemies":"Shell Parasite","floor":20,"turns":4},{"damage":10,"enemies":"Centurion and Healer","floor":21,"turns":8},{"damage":30,"enemies":"Gremlin Leader","floor":23,"turns":7},{"damage":17,"enemies":"Snake Plant","floor":28,"turns":3},{"damage":15,"enemies":"Shelled Parasite and Fungi","floor":29,"turns":5},{"damage":10,"enemies":"downfall:FleeingMerchant","floor":31,"turns":5},{"damage":0,"enemies":"Centurion and Healer","floor":32,"turns":5},{"damage":79,"enemies":"IC_MUSHROOM_ARCHETYPE","floor":33,"turns":11},{"damage":0,"enemies":"3 Darklings","floor":36,"turns":4},{"damage":8,"enemies":"2 Orb Walkers","floor":37,"turns":5},{"damage":0,"enemies":"3 Shapes","floor":38,"turns":3},{"damage":3,"enemies":"Writhing Mass","floor":39,"turns":5},{"damage":13,"enemies":"Writhing Mass","floor":40,"turns":7},{"damage":10,"enemies":"downfall:FleeingMerchant","floor":42,"turns":5},{"damage":53,"enemies":"Reptomancer","floor":44,"turns":6},{"damage":10,"enemies":"Giant Head","floor":46,"turns":8},{"damage":10,"enemies":"Reptomancer","floor":48,"turns":5},{"damage":15,"enemies":"Sphere and 2 Shapes","floor":49,"turns":3},{"damage":81,"enemies":"WA_ARCHETYPE_DIVINITY","floor":50,"turns":15},{"damage":60,"enemies":"downfall:CharBossMerchant","floor":52,"turns":8},{"damage":108,"enemies":"downfall:NeowBoss","floor":55,"turns":15},{"damage":129,"enemies":"downfall:NeowBossFinal","floor":56,"turns":14}],"seed_played":"-4084507197290887942","potions_obtained":[{"floor":8,"key":"sneckomod:MuddlingPotion"},{"floor":11,"key":"Weak Potion"},{"floor":12,"key":"FearPotion"},{"floor":15,"key":"Dexterity Potion"},{"floor":20,"key":"FairyPotion"},{"floor":28,"key":"champ:OpenerPotion"},{"floor":33,"key":"champ:CounterPotion"},{"floor":36,"key":"ColorlessPotion"},{"floor":44,"key":"DuplicationPotion"}],"is_trial":false,"path_per_floor":["R","?","M","$","M","R","T","E","?","E","M","M","R","?","M","B",null,"R","M","M","M","?","E","T","?","?","R","M","M","R","$","M","B",null,"R","M","?","M","M","?","T","$","?","E","$","E","R","E","M","B",null,"E","$","R","B","B",null],"character_chosen":"THE_CHAMP","items_purchased":["champ:RisingSlash","champ:FlashCut","champ:DefensiveTrainingManual","champ:StanceDance","champ:BringItOn","champ:ShieldWall","champ:DefensiveStyle","champ:Improvising","champ:ShieldWall","Lee\u0027s Waffle","Mayhem","ClockworkSouvenir","champ:AdrenalArmor","champ:TripleStrike","champ:Encircle"],"campfire_rested":2,"item_purchase_floors":[4,31,31,42,42,42,42,42,42,42,42,45,53,53,53],"current_hp_per_floor":[90,63,52,47,45,45,45,26,26,13,13,13,49,49,49,17,90,90,90,90,90,90,80,80,80,80,100,93,93,100,100,100,31,100,100,100,92,92,89,86,86,107,107,54,54,54,107,97,97,41,107,107,107,107,59,27],"gold":3,"neow_bonus":"BOSS_RELIC","is_daily":false,"chose_seed":false,"campfire_upgraded":6,"win_rate":0.0,"timestamp":1610977677,"path_taken":["R","?","M","$","M","R","T","E","?","E","M","M","R","?","M","BOSS","R","M","M","M","?","E","T","?","?","R","M","M","R","$","M","BOSS","R","M","?","M","M","?","T","$","?","E","$","E","R","E","M","BOSS","E","$","R","BOSS","BOSS"],"items_purchased_type":["Card","Card","Relic","Card","Card","Card","Card","Card","Card","Relic","Card","Relic","Card","Card","Card"],"build_version":"2020-12-22","purchased_purges":0,"victory":true,"max_hp_per_floor":[90,90,90,90,90,90,90,90,90,90,90,90,90,90,90,90,90,90,90,90,90,90,90,90,90,90,100,100,100,100,100,100,100,100,100,100,100,100,100,100,100,107,107,107,107,107,107,107,107,107,107,107,107,107,107,107],"relic_stats":{"Lee\u0027s Waffle":21,"Happy Flower":[26],"counters":[32,200],"Astrolabe":["champ:PreemptiveStrike","champ:FalseCounter","champ:AdrenalArmor"],"Eternal Feather":50,"Art of War":[4],"Whetstone":["champ:FlashCut","champ:DeathBlow"],"obtain_stats":[{"sneckomod:BlankCard":46,"hubris:VirtuousBlindfold":17,"champ:ChampionCrown":0,"downfall:HeartBlessingGreen":13,"Whetstone":52,"ClockworkSouvenir":45,"hubris:Icosahedron":25,"HornCleat":48,"downfall:HeartBlessingBlue":27,"champ:DefensiveTrainingManual":31,"hubris:GlazedTorus":23,"Lee\u0027s Waffle":42,"downfall:ShatteredFragment":2,"downfall:HeartBlessingRed":35,"Happy Flower":41,"Astrolabe":0,"Eternal Feather":10,"The Courier":34,"Mercury Hourglass":44,"Calling Bell":34,"champ:SignatureFinisher":37,"hubris:BundleOfHerbs":40,"Art of War":34,"StrikeDummy":7,"Unceasing Top":34,"hubris:BottledRain":8},{"sneckomod:BlankCard":26,"hubris:VirtuousBlindfold":9,"champ:ChampionCrown":0,"downfall:HeartBlessingGreen":7,"Whetstone":30,"ClockworkSouvenir":25,"hubris:Icosahedron":13,"HornCleat":27,"downfall:HeartBlessingBlue":13,"champ:DefensiveTrainingManual":16,"hubris:GlazedTorus":13,"Lee\u0027s Waffle":24,"downfall:ShatteredFragment":0,"downfall:HeartBlessingRed":18,"Happy Flower":23,"Astrolabe":0,"Eternal Feather":5,"The Courier":18,"Mercury Hourglass":25,"Calling Bell":18,"champ:SignatureFinisher":20,"hubris:BundleOfHerbs":23,"Art of War":18,"StrikeDummy":3,"Unceasing Top":18,"hubris:BottledRain":4},{"sneckomod:BlankCard":140,"hubris:VirtuousBlindfold":45,"champ:ChampionCrown":0,"downfall:HeartBlessingGreen":29,"Whetstone":171,"ClockworkSouvenir":132,"hubris:Icosahedron":68,"HornCleat":145,"downfall:HeartBlessingBlue":68,"champ:DefensiveTrainingManual":81,"hubris:GlazedTorus":68,"Lee\u0027s Waffle":126,"downfall:ShatteredFragment":0,"downfall:HeartBlessingRed":97,"Happy Flower":121,"Astrolabe":0,"Eternal Feather":23,"The Courier":97,"Mercury Hourglass":132,"Calling Bell":97,"champ:SignatureFinisher":106,"hubris:BundleOfHerbs":121,"Art of War":97,"StrikeDummy":11,"Unceasing Top":97,"hubris:BottledRain":16}],"Unceasing Top":[14],"Mercury Hourglass":[164]},"card_choices":[{"not_picked":["champ:BringItOn","champ:FanOfKnives"],"picked":"champ:CalledShot","floor":3},{"not_picked":["champ:PerfectedStrike","champ:GladiatorStyle"],"picked":"champ:ViciousMockery","floor":4},{"not_picked":["champ:AdrenalArmor","champ:Haymaker"],"picked":"champ:Circumvent","floor":5},{"not_picked":["champ:RageSigil","champ:BladeFlurry"],"picked":"champ:PreciseThrust","floor":8},{"not_picked":["champ:ViciousMockery","champ:ArenaPreparation"],"picked":"champ:TornadoPunch","floor":10},{"not_picked":["champ:PerfectedStrike","champ:AdrenalArmor","champ:ViciousMockery"],"picked":"SKIP","floor":11},{"not_picked":["champ:PreciseThrust","champ:EnGarde"],"picked":"champ:Backstep","floor":12},{"not_picked":["champ:Circumvent","champ:AdrenalArmor"],"picked":"champ:CheapShot","floor":15},{"not_picked":["champ:SwordThrow","champ:Improvising"],"picked":"champ:HoldFirm","floor":16},{"not_picked":["champ:Circumvent","champ:FanOfKnives"],"picked":"champ:Duel","floor":19},{"not_picked":["champ:BringItOn+1","champ:DeathBlow"],"picked":"champ:FocusedDefense","floor":20},{"not_picked":["champ:Encircle","champ:BerserkersShout"],"picked":"champ:CrownThrow","floor":21},{"not_picked":["champ:PreciseThrust","champ:DancingMaster"],"picked":"champ:LastStand","floor":23},{"not_picked":["champ:BladeFlurry+1","champ:CrownThrow"],"picked":"champ:Circumvent","floor":28},{"not_picked":["champ:CrookedStrike","champ:PreciseThrust"],"picked":"champ:EnGarde+1","floor":29},{"not_picked":["champ:Duel","champ:RisingSlash"],"picked":"champ:SkillfulDodge","floor":31},{"not_picked":["champ:FlashCut","champ:GutPunch"],"picked":"champ:PreciseThrust+1","floor":32},{"not_picked":["champ:CheapShot","champ:HeavySlash"],"picked":"champ:ShieldThrow","floor":33},{"not_picked":["champ:Backstep+1","champ:FalseCounter"],"picked":"champ:RisingSlash+1","floor":36},{"not_picked":["champ:ShieldSlam","champ:Endure"],"picked":"champ:FocusedDefense+1","floor":37},{"not_picked":["champ:Circumvent","champ:BerserkersShout+1"],"picked":"champ:DefensiveShout+1","floor":38},{"not_picked":["champ:Duel","champ:BladeFlurry+1","champ:FocusedDefense+1"],"picked":"SKIP","floor":39},{"not_picked":["champ:BerserkersShout","champ:CrownThrow"],"picked":"champ:DeathBlow","floor":42},{"not_picked":["champ:Shatter","champ:Backstep+1"],"picked":"champ:PreciseThrust+1","floor":44},{"not_picked":["champ:Duel+1","champ:EnGarde+1"],"picked":"champ:GutPunch+1","floor":46},{"not_picked":["champ:BerserkerStyle","champ:Parry+1"],"picked":"champ:ArenaPreparation+1","floor":48},{"not_picked":["champ:Circumvent+1","champ:MurderStrike","champ:GutPunch+1"],"picked":"SKIP","floor":49},{"not_picked":["champ:GladiatorStyle","champ:FlashCut+1"],"picked":"champ:StanceDance+1","floor":52}],"player_experience":390702,"relics_obtained":[{"floor":7,"key":"StrikeDummy"},{"floor":8,"key":"hubris:BottledRain"},{"floor":10,"key":"Eternal Feather"},{"floor":23,"key":"hubris:GlazedTorus"},{"floor":34,"key":"Art of War"},{"floor":34,"key":"The Courier"},{"floor":34,"key":"Unceasing Top"},{"floor":37,"key":"champ:SignatureFinisher"},{"floor":40,"key":"hubris:BundleOfHerbs"},{"floor":41,"key":"Happy Flower"},{"floor":44,"key":"Mercury Hourglass"},{"floor":46,"key":"sneckomod:BlankCard"},{"floor":48,"key":"HornCleat"},{"floor":52,"key":"Whetstone"}],"event_choices":[{"damage_healed":0,"gold_gain":0,"player_choice":"Ignored","damage_taken":0,"max_hp_gain":0,"max_hp_loss":0,"event_name":"Vampires","floor":26,"gold_loss":0},{"damage_healed":0,"gold_gain":0,"player_choice":"Fight","damage_taken":0,"max_hp_gain":0,"max_hp_loss":0,"event_name":"Mysterious Sphere","floor":37,"gold_loss":0}],"is_beta":false,"boss_relics":[{"not_picked":["Pandora\u0027s Box","champ:PowerArmor"],"picked":"hubris:VirtuousBlindfold"},{"not_picked":["Empty Cage","Black Star"],"picked":"Calling Bell"}],"items_purged_floors":[],"is_endless":false,"potions_floor_spawned":[8,11,12,15,20,28,33,36,44,46,48,49],"ascension_level":2}}