{"host":"0rxdudjy6rylha1k","time":1610929926,"event":{"mods":["Aspiration","BaseMod","Colored Map","Colored Powertips","Downfall","Highlight Path","Hubris","Minty Spire (QoL Compilation)","StSLib"],"gold_per_floor":[99,199,199,199,258,287,287,187,187,187,187,172,172,3,18,120,120,120,131,42,42,42,61,61,75,91,7,7,27,27,39,50,50,50],"floor_reached":33,"language":"ENG","playtime":5193,"items_purged":[],"score":266,"play_id":"04256bd4-9195-48f3-abf1-dd4a0101a0f4","local_time":"20210117173206","is_ascension_mode":false,"campfire_choices":[{"floor":1,"key":"RECALL"},{"data":"bronze:Terminator","floor":8,"key":"SMITH"},{"data":"bronze:WhirlingStrike","floor":11,"key":"SMITH"},{"data":"bronze:Replicate","floor":13,"key":"SMITH"},{"data":"bronze:Assembly","floor":18,"key":"SMITH"},{"data":"bronze:Constructor","floor":28,"key":"SMITH"},{"data":"bronze:Separator","floor":30,"key":"SMITH"}],"circlet_count":0,"master_deck":["bronze:Strike","bronze:Strike","bronze:Strike","bronze:Defend","bronze:Defend","bronze:Defend","bronze:Defend","bronze:Replicate+1","bronze:Goto","bronze:Terminator+1","bronze:WhirlingStrike+1","bronze:WhirlingStrike","bronze:Constructor+1","bronze:Assembly+1","bronze:DelayedSlice+1","bronze:AlphaBuild","bronze:ClassDefault+1","bronze:OilSpill+1","bronze:Separator+1"],"relics":["bronze:BronzeCore","downfall:HeartsMalice","Mercury Hourglass","Vajra","Omamori","downfall:HeartBlessingRed","OrangePellets","Busted Crown","bronze:BottledCode","Nilry\u0027s Codex","Eternal Feather","Singing Bowl","champ:Barbells"],"acts_visited":["Exordium","TheCity"],"potions_floor_usage":[16,16,19,26,29,33,33],"damage_taken":[{"damage":0,"enemies":"Gremlin Nob","floor":5,"turns":1},{"damage":0,"enemies":"3 Sentries","floor":6,"turns":1},{"damage":0,"enemies":"Small Slimes","floor":9,"turns":1},{"damage":0,"enemies":"downfall:FleeingMerchant","floor":12,"turns":4},{"damage":5,"enemies":"downfall:FleeingMerchant","floor":14,"turns":4},{"damage":6,"enemies":"Jaw Worm","floor":15,"turns":2},{"damage":60,"enemies":"DF_ARCHETYPE_STREAMLINE","floor":16,"turns":7},{"damage":5,"enemies":"3 Byrds","floor":19,"turns":2},{"damage":5,"enemies":"downfall:FleeingMerchant","floor":20,"turns":4},{"damage":0,"enemies":"Chosen","floor":23,"turns":2},{"damage":0,"enemies":"Centurion and Healer","floor":25,"turns":4},{"damage":11,"enemies":"Snake Plant","floor":26,"turns":4},{"damage":0,"enemies":"downfall:FleeingMerchant","floor":27,"turns":1},{"damage":8,"enemies":"Snecko","floor":29,"turns":3},{"damage":0,"enemies":"Shelled Parasite and Fungi","floor":31,"turns":1},{"damage":8,"enemies":"Centurion and Healer","floor":32,"turns":6},{"damage":51,"enemies":"SI_MIRROR_ARCHETYPE","floor":33,"turns":4}],"seed_played":"8182223833004877219","potions_obtained":[{"floor":5,"key":"Explosive Potion"},{"floor":15,"key":"bronze:BurnAndBuffPotion"},{"floor":16,"key":"Explosive Potion"},{"floor":25,"key":"champ:CounterPotion"},{"floor":26,"key":"hexamod:SoulburnPotion"},{"floor":29,"key":"bronze:BurnAndBuffPotion"},{"floor":32,"key":"hexamod:SoulburnPotion"}],"is_trial":false,"path_per_floor":["R","?","?","?","?","E","T","R","M","?","R","$","R","$","M","B",null,"R","M","$","?","?","M","T","M","M","$","R","M","R","M","M","B"],"character_chosen":"THE_AUTOMATON","items_purchased":["OrangePellets","bronze:ClassDefault","Singing Bowl","champ:Barbells","bronze:Separator"],"campfire_rested":0,"item_purchase_floors":[14,20,27,27,27],"current_hp_per_floor":[70,70,75,78,78,78,78,78,78,78,78,78,78,73,67,7,78,78,73,68,68,52,52,52,52,41,41,50,44,53,55,49,0,0],"gold":50,"neow_bonus":"THREE_ENEMY_KILL","is_daily":false,"chose_seed":false,"campfire_upgraded":6,"win_rate":0.0,"timestamp":1610929926,"path_taken":["R","?","?","?","?","E","T","R","M","?","R","$","R","$","M","BOSS","R","M","$","?","?","M","T","M","M","?","R","M","R","M","M","BOSS"],"items_purchased_type":["Relic","Card","Relic","Relic","Card"],"build_version":"2020-12-22","purchased_purges":0,"victory":false,"max_hp_per_floor":[70,70,75,78,78,78,78,78,78,78,78,78,78,78,78,78,78,78,78,78,68,68,68,68,68,68,68,68,70,70,72,74,74,74],"card_choices":[{"not_picked":["bronze:Frontload","bronze:CloningBeam"],"picked":"bronze:Terminator","floor":6},{"not_picked":["bronze:MaxOutput","bronze:FollowUp"],"picked":"bronze:WhirlingStrike","floor":9},{"not_picked":["bronze:Safeguard","bronze:WildBeam"],"picked":"bronze:WhirlingStrike","floor":12},{"not_picked":["bronze:Invalidate","bronze:Separator"],"picked":"bronze:Constructor","floor":14},{"not_picked":["bronze:ForLoop","bronze:Terminator","bronze:BitShift"],"picked":"SKIP","floor":15},{"not_picked":["bronze:FindAndReplace","bronze:ThunderWave"],"picked":"bronze:Assembly","floor":16},{"not_picked":[],"picked":"bronze:DelayedSlice","floor":19},{"not_picked":[],"picked":"bronze:AlphaBuild","floor":20},{"not_picked":["bronze:Shield+1"],"picked":"SKIP","floor":23},{"not_picked":["bronze:FollowUp+1"],"picked":"SKIP","floor":25},{"not_picked":["bronze:Deprecate"],"picked":"SKIP","floor":26},{"not_picked":[],"picked":"bronze:OilSpill+1","floor":27},{"not_picked":["bronze:DigitalCarnage"],"picked":"Singing Bowl","floor":29},{"not_picked":["bronze:Overheat"],"picked":"Singing Bowl","floor":31},{"not_picked":["bronze:Iterate"],"picked":"Singing Bowl","floor":32}],"player_experience":2555614,"relics_obtained":[{"floor":5,"key":"Mercury Hourglass"},{"floor":6,"key":"Vajra"},{"floor":7,"key":"Omamori"},{"floor":22,"key":"Nilry\u0027s Codex"},{"floor":24,"key":"Eternal Feather"}],"event_choices":[{"damage_healed":0,"gold_gain":0,"player_choice":"Donut","damage_taken":0,"max_hp_gain":5,"max_hp_loss":0,"event_name":"Big Fish","floor":3,"gold_loss":0}],"is_beta":false,"boss_relics":[{"not_picked":["Runic Pyramid","Astrolabe"],"picked":"Busted Crown"}],"items_purged_floors":[],"is_endless":false,"potions_floor_spawned":[5,15,16,25,26,29,32],"killed_by":"SI_MIRROR_ARCHETYPE","ascension_level":0}}