{"host":"gk9qdtkqd8dwfeg2","time":1610980041,"event":{"mods":["Act Like it!","Aspiration","BaseMod","Colored Powertips","KomeijiMod","Minty Spire (QoL Compilation)","Quick Restart","Replay The Spire","Shop Mod","StSLib","TestMod","The Gatherer","The Servant 0.9.4","Waifu the Spire","WarShipGirlsR/战舰少女R mod","Yuri Mod","【遗物卡牌】REMEMod"],"gold_per_floor":[111,36,36,36,46,46,109,123,150,163,163,163,163,13,13,118,118,130,142,152,152,8,23,23],"floor_reached":23,"language":"ZHS","playtime":762,"items_purged":["Regret"],"score":252,"play_id":"d7c68405-7fe6-4782-8680-81332e6ee688","local_time":"20210118222721","is_ascension_mode":true,"campfire_choices":[{"data":"Exchange","floor":6.0,"key":"SMITH"},{"floor":13.0,"key":"REST"},{"data":"Solidify","floor":15.0,"key":"SMITH"}],"circlet_count":0,"master_deck":["Defend_S","KidneyShot","Exchange+1","Amnesia","ReplayTheSpireMod:Doomed","REME_ProfessionalPlagiarism","BottledTime","Spin","Grand Finale","Eviscerate","Acrobatics","SilverBlades","RealityMarble","Solidify+1","BottledTime","PendulumOfEternity","Manipulate","Alleviate","Masterful Stab","Blur","Toxin Wave"],"relics":["Uniform","testmod-TestBox","REME_ComplimentaryCards","testmod-Laevatain","ThirstyCross","Letter Opener","Orichalcum","MerchantsRug","REME_DemonsWealth","aspiration:ChemicalBlood"],"acts_visited":["Exordium","TheCity"],"potions_floor_usage":[23],"damage_taken":[{"damage":14.0,"enemies":"Jaw Worm","floor":1.0,"turns":2.0},{"damage":11.0,"enemies":"Small Slimes","floor":5.0,"turns":2.0},{"damage":13.0,"enemies":"3 Sentries","floor":7.0,"turns":4.0},{"damage":0.0,"enemies":"Cultist","floor":8.0,"turns":1.0},{"damage":6.0,"enemies":"Blue Slaver","floor":10.0,"turns":2.0},{"damage":0.0,"enemies":"Fading Forest","floor":16.0,"turns":11.0},{"damage":3.0,"enemies":"Chosen","floor":18.0,"turns":3.0},{"damage":18.0,"enemies":"3 Byrds","floor":19.0,"turns":3.0},{"damage":17.0,"enemies":"Snake Plant","floor":20.0,"turns":3.0},{"damage":26,"enemies":"Gremlin Leader","floor":23,"turns":3}],"seed_played":"-905642237980246224","potions_obtained":[{"floor":5.0,"key":"LiquidBronze"},{"floor":7.0,"key":"SpeedPotion"},{"floor":10.0,"key":"Strength Potion"},{"floor":19.0,"key":"AttackPotion"},{"floor":20.0,"key":"LiquidBronze"}],"is_trial":false,"path_per_floor":["M","$","?","?","M","R","?","M","T","M","?","?","R","$","R","B",null,"M","M","M","?","$","E"],"character_chosen":"THE_SERVANT","items_purchased":["MerchantsRug","aspiration:ChemicalBlood"],"campfire_rested":1,"item_purchase_floors":[14,22],"current_hp_per_floor":[51,51,51,51,40,40,27,27,27,21,14,14,33,33,33,47,65,62,44,27,27,27,1,1],"gold":23,"neow_bonus":"THREE_CARDS","is_daily":false,"chose_seed":false,"campfire_upgraded":2,"win_rate":0.0,"timestamp":1610980041,"path_taken":["M","$","?","?","?","R","?","M","T","M","?","?","R","$","R","BOSS","M","M","?","?","?","E"],"items_purchased_type":["Relic","Relic"],"build_version":"2020-12-22","purchased_purges":1,"victory":false,"max_hp_per_floor":[65,65,65,65,65,65,65,65,65,65,65,65,65,65,65,65,65,65,65,65,65,65,65,65],"card_choices":[{"not_picked":["Replace","Potential"],"picked":"BottledTime","floor":0.0},{"not_picked":["BottledTime","ShatteredReality"],"picked":"Spin","floor":1.0},{"not_picked":["Unruled","FastForward","Rewind"],"picked":"SKIP","floor":5.0},{"not_picked":["DancingSilver","Revamp"],"picked":"SilverBlades","floor":7.0},{"not_picked":["Sabotage","Moonlight"],"picked":"RealityMarble","floor":8.0},{"not_picked":["Spin","Barrier"],"picked":"Solidify","floor":10.0},{"not_picked":["SoulSculpture","Sunlight"],"picked":"PendulumOfEternity","floor":16.0},{"not_picked":["Unruled","Alleviate","Replay:Hysterical Blindness"],"picked":"Manipulate","floor":18.0},{"not_picked":["FastForward","Contraction","Desolation","Shame"],"picked":"SKIP","floor":19.0},{"not_picked":["Luminosity","BottledTime+1","Delirium"],"picked":"Alleviate","floor":20.0}],"player_experience":653828,"relics_obtained":[{"floor":7.0,"key":"Letter Opener"},{"floor":9.0,"key":"Orichalcum"}],"event_choices":[{"damage_healed":0.0,"max_hp_gain":0.0,"max_hp_loss":0.0,"gold_gain":30.0,"event_name":"Dead Adventurer","player_choice":"Searched \u00273\u0027 times","floor":7.0,"gold_loss":0.0,"damage_taken":0.0},{"cards_removed":["Strike_S"],"damage_healed":0.0,"max_hp_gain":0.0,"max_hp_loss":0.0,"gold_gain":0.0,"event_name":"Golden Wing","player_choice":"Card Removal","floor":11.0,"gold_loss":0.0,"damage_taken":7.0},{"damage_healed":0.0,"max_hp_gain":0.0,"max_hp_loss":0.0,"gold_gain":0.0,"event_name":"Match and Keep!","player_choice":"1 cards matched","floor":12.0,"gold_loss":0.0,"damage_taken":0.0,"cards_obtained":["BottledTime"]}],"is_beta":false,"boss_relics":[{"not_picked":["Snecko Heart","Coffee Dripper"],"picked":"REME_DemonsWealth"}],"items_purged_floors":[2],"is_endless":false,"potions_floor_spawned":[5,7,10,19,20],"killed_by":"Gremlin Leader","ascension_level":2}}