{"host":"9eh033lgxm3bmtbn","time":1610970171,"event":{"mods":["100% Spire Juice","AchievementEnabler","BaseMod","Colored Map","Downfall","Highlight Path","Marisa????????","Minty Spire (QoL Compilation)","READ ME - Snecko Mod","Shop Mod","Spicy Shops","StSLib","The Animator","The Bug Knight","The Cursed","The Disciple","The Servant 0.9.4"],"gold_per_floor":[99,115,15,29,49,49,49,75,95,125,136,36,21,47,65,65,65,65],"floor_reached":16,"language":"ENG","playtime":2050,"items_purged":[],"score":172,"play_id":"8e429619-ee2b-4cde-95c7-78ef0f9b2e14","local_time":"20210118144251","is_ascension_mode":false,"campfire_choices":[{"data":"Slimebound:Split","floor":1.0,"key":"SMITH"},{"floor":6.0,"key":"RECALL"},{"floor":12,"key":"DIG"}],"circlet_count":0,"master_deck":["Slimebound:Strike_Slimebound","Slimebound:Strike_Slimebound","Slimebound:Strike_Slimebound","Slimebound:Tackle","Slimebound:Defend_Slimebound","Slimebound:Defend_Slimebound","Slimebound:Defend_Slimebound","Slimebound:Defend_Slimebound","Slimebound:Split+1","Slimebound:CorrosiveSpit","Slimebound:ViciousTackle","Slimebound:GoopSpray","Slimebound:GoopSpray","Slimebound:LeechingTouch","Slimebound:Schlurp","Slimebound:ComboTackle","Slimebound:SplitLeeching","Slimebound:ProtectTheBoss","Slimebound:WasteNot","Slimebound:AcidTongue","Slimebound:Gluttony","Slimebound:SlimeSlap"],"relics":["Slimebound:AbsorbEndCombat","Letter Opener","Shovel","Juzu Bracelet","downfall:HeartBlessingGreen","Pen Nib","Happy Flower"],"acts_visited":["Exordium"],"potions_floor_usage":[14],"damage_taken":[{"damage":1.0,"enemies":"Cultist","floor":2.0,"turns":3.0},{"damage":8.0,"enemies":"downfall:FleeingMerchant","floor":3.0,"turns":4.0},{"damage":0.0,"enemies":"Jaw Worm","floor":4.0,"turns":2.0},{"damage":3.0,"enemies":"Small Slimes","floor":5.0,"turns":4.0},{"damage":19.0,"enemies":"Gremlin Nob","floor":8.0,"turns":4.0},{"damage":11.0,"enemies":"Exordium Thugs","floor":9.0,"turns":3.0},{"damage":0,"enemies":"Lagavulin","floor":10,"turns":6},{"damage":0,"enemies":"3 Louse","floor":11,"turns":2},{"damage":0,"enemies":"downfall:FleeingMerchant","floor":13,"turns":4},{"damage":21,"enemies":"3 Sentries","floor":14,"turns":5},{"damage":0,"enemies":"2 Fungi Beasts","floor":15,"turns":3},{"damage":47,"enemies":"DF_ARCHETYPE_STREAMLINE","floor":16,"turns":6}],"seed_played":"1915228515983611511","potions_obtained":[{"floor":2.0,"key":"FearPotion"},{"floor":5.0,"key":"Explosive Potion"},{"floor":8.0,"key":"AttackPotion"},{"floor":11,"key":"ColorlessPotion"},{"floor":15,"key":"champ:CounterPotion"}],"is_trial":false,"path_per_floor":["R","M","$","M","M","R","T","E","M","E","M","R","$","E","M","B"],"character_chosen":"SLIMEBOUND","items_purchased":["Slimebound:GoopSpray","Slimebound:LeechingTouch"],"campfire_rested":0,"item_purchase_floors":[3,3],"current_hp_per_floor":[71,71,66,67,65,65,65,47,38,39,41,41,43,25,28,0,0,0],"gold":65,"neow_bonus":"TEN_PERCENT_HP_BONUS","is_daily":false,"chose_seed":false,"campfire_upgraded":1,"win_rate":0.0,"timestamp":1610970171,"path_taken":["R","M","?","M","?","R","T","E","M","E","M","R","?","E","M","BOSS"],"items_purchased_type":["Card","Card"],"build_version":"2020-12-22","purchased_purges":0,"victory":false,"max_hp_per_floor":[71,71,71,71,71,71,71,71,71,71,71,71,71,71,71,71,71,71],"card_choices":[{"not_picked":["Slimebound:SlimeBarrage","Slimebound:SplitMire"],"picked":"Slimebound:ViciousTackle","floor":2.0},{"not_picked":["Slimebound:FinishingTackle","Slimebound:Schlurp"],"picked":"Slimebound:GoopSpray","floor":3.0},{"not_picked":["Slimebound:ForwardTackle","Slimebound:FlameTackle"],"picked":"Slimebound:Schlurp","floor":4.0},{"not_picked":["Slimebound:RollThrough","Slimebound:SamplingLick"],"picked":"Slimebound:ComboTackle","floor":5.0},{"not_picked":["Slimebound:SplitBruiser","Slimebound:LeechEnergy"],"picked":"Slimebound:SplitLeeching","floor":8.0},{"not_picked":["Slimebound:PressTheAttack","Slimebound:LevelUp"],"picked":"Slimebound:ProtectTheBoss","floor":9.0},{"not_picked":["Slimebound:GrowthPunch","Slimebound:ComboTackle"],"picked":"Slimebound:WasteNot","floor":10},{"not_picked":["Slimebound:GrowthPunch","Slimebound:LeadByExample"],"picked":"Slimebound:AcidTongue","floor":11},{"not_picked":["Slimebound:DisruptingSlam","Slimebound:PressTheAttack","Slimebound:GrowthPunch"],"picked":"SKIP","floor":13},{"not_picked":["Slimebound:Schlurp","Slimebound:Equalize"],"picked":"Slimebound:Gluttony","floor":14},{"not_picked":["Slimebound:LeechEnergy","Slimebound:SpikyOuterGoop"],"picked":"Slimebound:SlimeSlap","floor":15}],"player_experience":333523,"relics_obtained":[{"floor":7.0,"key":"Letter Opener"},{"floor":8.0,"key":"Shovel"},{"floor":10,"key":"Juzu Bracelet"},{"floor":12,"key":"Pen Nib"},{"floor":14,"key":"Happy Flower"}],"event_choices":[],"is_beta":false,"boss_relics":[],"items_purged_floors":[],"is_endless":false,"potions_floor_spawned":[2,5,8,11,15],"killed_by":"DF_ARCHETYPE_STREAMLINE","ascension_level":0}}