{"host":"xq7eqwuppesm3s3e","time":1610950992,"event":{"mods":["Arknights The Spire","BaseMod","CapriCore","Colored Powertips","Decade(王小明)","GifTheSpireLib","HumanHunterMod(怪物杀人mod)","KinomotoSakuraMod(木之本樱)","Marisa（F雨　魔理沙）","Minty Spire (QoL Compilation)","Reimu（博丽灵梦）","Remilia（蕾米莉亚）","SOS（斯巴达之子）","Shop Mod","Spicy Shops","StSLib","The Immortal","The Servant 0.9.4","WarShipGirlsR/战舰少女R mod","Yuyuko"],"gold_per_floor":[115,128,128,128,147,179,193,193,193,193,210,243,61,77,77,182,182,198,198,198],"floor_reached":19,"language":"ZHS","playtime":2298,"items_purged":[],"score":188,"play_id":"d7ee3c26-7d3f-47c6-bbe8-a85d8af066d3","local_time":"20210118142312","daily_mods":["SealedDeck","Heirloom"],"is_ascension_mode":true,"campfire_choices":[{"data":"ats:Burning Ground","floor":8,"key":"SMITH"},{"data":"ats:Calcification","floor":10,"key":"SMITH"},{"data":"ats:Flame Of Heaven","floor":15,"key":"SMITH"}],"circlet_count":0,"master_deck":["ats:Red Shift","ats:Flexible Camouflage","ats:Shell Defense","ats:Shell Defense","ats:Flame Of Heaven+1","ats:Burning Ground+1","ats:Ignite","ats:Leaping Hammer","ats:Sword Rain","ats:Hammer On","ats:Automatic Cover","ats:Calcification+1","ats:Apocalypse","ats:Ignite","ats:Sunburst","ats:Closed Bolt Burst Fire","ats:Song Of Battle","ats:Directed Diagnosis","ats:Volcano","ats:Counter Healing Mode"],"relics":["ats:Sanity","Girya","ats:Originium","White Beast Statue","Art of War","MerchantsRug","Busted Crown"],"acts_visited":["Exordium","TheCity"],"potions_floor_usage":[7,16,16],"damage_taken":[{"damage":1,"enemies":"2 Louse","floor":1,"turns":2},{"damage":14,"enemies":"Jaw Worm","floor":2,"turns":6},{"damage":6,"enemies":"Cultist","floor":5,"turns":3},{"damage":52,"enemies":"Gremlin Nob","floor":6,"turns":6},{"damage":23,"enemies":"Lots of Slimes","floor":7,"turns":14},{"damage":42,"enemies":"Exordium Wildlife","floor":11,"turns":13},{"damage":30,"enemies":"Lagavulin","floor":12,"turns":7},{"damage":71,"enemies":"Large Slime","floor":14,"turns":16},{"damage":407,"enemies":"The Guardian","floor":16,"turns":45},{"damage":12,"enemies":"Spheric Guardian","floor":18,"turns":3},{"damage":103,"enemies":"Shell Parasite","floor":19,"turns":11}],"seed_played":"-8962054619562911762","potions_obtained":[{"floor":1,"key":"DistilledChaos"},{"floor":7,"key":"LiquidMemories"},{"floor":11,"key":"DistilledChaos"},{"floor":12,"key":"DuplicationPotion"},{"floor":14,"key":"Explosive Potion"},{"floor":16,"key":"GrandPatriotsElixir:ReiMu"},{"floor":18,"key":"MagicPotion:ReiMu"}],"is_trial":true,"path_per_floor":["M","M","?","?","M","E","M","R","T","R","M","E","$","M","R","B",null,"M","M"],"character_chosen":"DOCTOR_CLASS","items_purchased":["MerchantsRug","ats:Song Of Battle"],"campfire_rested":0,"item_purchase_floors":[13,13],"current_hp_per_floor":[71,61,61,66,60,30,82,82,82,82,74,50,50,54,54,82,82,70,0,0],"gold":198,"neow_bonus":"","is_daily":false,"chose_seed":false,"campfire_upgraded":3,"win_rate":0.0,"timestamp":1610950992,"path_taken":["M","M","?","?","M","E","M","R","T","R","?","E","$","M","R","BOSS","M","M"],"items_purchased_type":["Relic","Card"],"build_version":"2020-12-22","purchased_purges":0,"victory":false,"max_hp_per_floor":[72,72,72,72,72,82,82,82,82,82,82,82,82,82,82,82,82,82,82,82],"card_choices":[{"not_picked":["ats:Assault Order","ats:Revitalization"],"picked":"ats:Automatic Cover","floor":1},{"not_picked":["ats:Explosion Area Strengthen","ats:Revitalization"],"picked":"ats:Leaping Hammer","floor":2},{"not_picked":["ats:Flexible Camouflage","ats:Thermite Blade"],"picked":"ats:Calcification","floor":5},{"not_picked":["ats:Powerful Strike","ats:Explosion Area Strengthen"],"picked":"ats:Apocalypse","floor":6},{"not_picked":["ats:Curse Doll","ats:Flexible Camouflage"],"picked":"ats:Ignite","floor":7},{"not_picked":["ats:Apocalypse","ats:Encircling Forest"],"picked":"ats:Sunburst","floor":11},{"not_picked":["ats:Steam Pump","ats:Counter Healing Mode"],"picked":"ats:Closed Bolt Burst Fire","floor":12},{"not_picked":["ats:Consecutive Shot Auto","ats:Curse Doll"],"picked":"ats:Directed Diagnosis","floor":14},{"not_picked":["ats:Nebulous Foxfire","ats:Disruption Kick"],"picked":"ats:Volcano","floor":16},{"not_picked":[],"picked":"ats:Counter Healing Mode","floor":18}],"player_experience":95877,"relics_obtained":[{"floor":6,"key":"ats:Originium"},{"floor":6,"key":"Pear"},{"floor":9,"key":"White Beast Statue"},{"floor":12,"key":"ats:Originium"},{"floor":12,"key":"Art of War"}],"event_choices":[{"cards_removed":["ats:Leaping Hammer"],"damage_healed":5,"gold_gain":0,"player_choice":"Offered Common","damage_taken":0,"max_hp_gain":0,"max_hp_loss":0,"event_name":"Bonfire Elementals","floor":4,"gold_loss":0},{"cards_removed":["ats:Leaping Hammer"],"damage_healed":5,"gold_gain":0,"player_choice":"Offered Special","damage_taken":0,"max_hp_gain":0,"max_hp_loss":0,"event_name":"Bonfire Elementals","floor":4,"gold_loss":0}],"is_beta":false,"boss_relics":[{"not_picked":["Fusion Hammer","Runic Dome"],"picked":"Busted Crown"}],"items_purged_floors":[],"is_endless":false,"potions_floor_spawned":[1,7,11,12,14,16,18],"killed_by":"Shell Parasite","ascension_level":1}}