{"host":"l2dnabsh5e0fsksb","time":1610954333,"event":{"mods":["2.2 Compatiblity","BaseMod","Downfall","Minty Spire (QoL Compilation)","Quick Restart","StSLib"],"gold_per_floor":[99,113,124,142,156,156,156,156,156,56,68,68,93,268,288,388,388,288,304,320,320,320,320],"floor_reached":22,"language":"ENG","playtime":1253,"items_purged":[],"score":211,"play_id":"5df8cf3e-1323-4099-bd02-011c7a4a621c","local_time":"20210118174853","is_ascension_mode":false,"campfire_choices":[{"data":"bronze:WhirlingStrike","floor":1.0,"key":"SMITH"},{"data":"bronze:OilSpill","floor":6.0,"key":"SMITH"},{"data":"bronze:BronzeOrb","floor":10.0,"key":"SMITH"},{"floor":18,"key":"RECALL"}],"circlet_count":0,"master_deck":["bronze:Strike","bronze:Strike","bronze:Strike","bronze:Strike","bronze:Defend","bronze:Defend","bronze:Defend","bronze:Defend","bronze:Replicate","bronze:WhirlingStrike+1","bronze:BronzeOrb+1","bronze:Invalidate","bronze:Optimize","bronze:OilSpill+1","bronze:Separator","bronze:Repulsor+1","bronze:RecursiveStrike","Doubt","bronze:DelayedSlice","bronze:AlphaBuild","bronze:Repair","bronze:DelayedSlice+1"],"relics":["bronze:BronzeCore","downfall:BrokenWingStatue","downfall:HeartBlessingBlue","HornCleat","SlaversCollar","downfall:HeartBlessingGreen"],"acts_visited":["Exordium","TheCity"],"potions_floor_usage":[13],"damage_taken":[{"damage":0.0,"enemies":"2 Louse","floor":2.0,"turns":2.0},{"damage":0.0,"enemies":"Small Slimes","floor":3.0,"turns":3.0},{"damage":0.0,"enemies":"Jaw Worm","floor":4.0,"turns":3.0},{"damage":2.0,"enemies":"Lots of Slimes","floor":5.0,"turns":2.0},{"damage":0.0,"enemies":"Blue Slaver","floor":11.0,"turns":1.0},{"damage":0,"enemies":"Lagavulin","floor":13,"turns":4},{"damage":4,"enemies":"Red Slaver","floor":15,"turns":3},{"damage":27,"enemies":"IC_STATUS_ARCHETYPE","floor":16,"turns":6},{"damage":16,"enemies":"Spheric Guardian","floor":19,"turns":4},{"damage":24,"enemies":"3 Byrds","floor":20,"turns":5},{"damage":0,"enemies":"downfall:FleeingMerchant","floor":22,"turns":2}],"seed_played":"-1910420448751154594","potions_obtained":[{"floor":2.0,"key":"ColorlessPotion"},{"floor":13,"key":"champ:CounterPotion"},{"floor":20,"key":"Regen Potion"}],"is_trial":false,"path_per_floor":["R","M","M","M","M","R","T","?","?","R","M","?","E","?","M","B",null,"R","M","M","?","$"],"character_chosen":"THE_AUTOMATON","items_purchased":[],"campfire_rested":0,"item_purchase_floors":[],"current_hp_per_floor":[70,70,70,70,68,68,68,68,68,78,78,78,78,78,74,47,80,80,64,47,47,47,47],"gold":320,"neow_bonus":"THREE_CARDS","is_daily":false,"chose_seed":false,"campfire_upgraded":3,"win_rate":0.0,"timestamp":1610954333,"path_taken":["R","M","M","M","M","R","T","?","?","R","M","?","E","?","M","BOSS","R","M","M","?","$"],"items_purchased_type":[],"build_version":"2020-12-22","purchased_purges":0,"victory":false,"max_hp_per_floor":[70,70,70,70,70,70,70,70,70,80,80,80,80,80,80,80,80,80,80,80,80,80,80],"card_choices":[{"not_picked":["bronze:BitShift","bronze:OilSpill"],"picked":"bronze:WhirlingStrike","floor":0.0},{"not_picked":["bronze:DigitalCarnage","bronze:WildBeam"],"picked":"bronze:BronzeOrb","floor":2.0},{"not_picked":["bronze:BitShift","bronze:DarkDash"],"picked":"bronze:Invalidate","floor":3.0},{"not_picked":["bronze:WhirlingStrike","bronze:Iterate"],"picked":"bronze:Optimize","floor":4.0},{"not_picked":["bronze:Repulsor","bronze:CloningBeam"],"picked":"bronze:OilSpill","floor":5.0},{"not_picked":["bronze:Shield","bronze:Deprecate"],"picked":"bronze:Repulsor","floor":11.0},{"not_picked":["bronze:Repulsor","bronze:BugBarrage"],"picked":"bronze:RecursiveStrike","floor":13},{"not_picked":["bronze:Frontload","bronze:ChildClass"],"picked":"bronze:DelayedSlice","floor":15},{"not_picked":["bronze:ThunderWave","bronze:BurnOut"],"picked":"bronze:AlphaBuild","floor":16},{"not_picked":["bronze:BuggyMess","bronze:ForLoop"],"picked":"bronze:Repair","floor":19},{"not_picked":["bronze:DelayedGuard","bronze:BuggyMess"],"picked":"bronze:DelayedSlice+1","floor":20}],"player_experience":1798043,"relics_obtained":[{"floor":13,"key":"HornCleat"}],"event_choices":[{"damage_healed":0.0,"max_hp_gain":0.0,"max_hp_loss":0.0,"gold_gain":0.0,"event_name":"Living Wall","player_choice":"Grow","floor":12.0,"gold_loss":0.0,"damage_taken":0.0,"cards_upgraded":["bronze:Repulsor"]}],"is_beta":false,"boss_relics":[{"not_picked":["Snecko Eye","bronze:PlatinumCore"],"picked":"SlaversCollar"}],"items_purged_floors":[],"is_endless":false,"potions_floor_spawned":[2,13,20],"killed_by":"downfall:FleeingMerchant","ascension_level":0}}