{"host":"wwo1kwxjf4eyz37q","time":1610965520,"event":{"mods":["AchievementEnabler","BaseMod","Colored Map","Minty Spire (QoL Compilation)","Quick Restart","SuperFastMode"],"gold_per_floor":[114,126,137,152,170,170,197,197,243,259,259,286,296,112,112,112,112],"floor_reached":16,"language":"KOR","playtime":567,"items_purged":["Strike_R"],"score":228,"play_id":"6b80c03c-9cf2-4c90-9b57-d578752f363c","local_time":"20210118192520","is_ascension_mode":true,"campfire_choices":[{"data":"Inflame","floor":6.0,"key":"SMITH"},{"data":"Sword Boomerang","floor":8.0,"key":"SMITH"},{"floor":11.0,"key":"REST"},{"data":"Flame Barrier","floor":15.0,"key":"SMITH"}],"circlet_count":0,"master_deck":["AscendersBane","Strike_R","Strike_R","Strike_R","Strike_R","Defend_R","Defend_R","Defend_R","Defend_R","Bash","Twin Strike","Inflame+1","Sword Boomerang+1","Shrug It Off","Shrug It Off","Sword Boomerang","Evolve","Flame Barrier+1","Shrug It Off"],"relics":["Sozu","Strawberry","Happy Flower","InkBottle"],"acts_visited":["Exordium"],"potions_floor_usage":[],"damage_taken":[{"damage":0.0,"enemies":"Cultist","floor":1.0,"turns":3.0},{"damage":5.0,"enemies":"Small Slimes","floor":2.0,"turns":3.0},{"damage":10.0,"enemies":"2 Louse","floor":3.0,"turns":3.0},{"damage":16.0,"enemies":"Blue Slaver","floor":4.0,"turns":3.0},{"damage":7.0,"enemies":"Large Slime","floor":5.0,"turns":4.0},{"damage":8.0,"enemies":"Gremlin Nob","floor":7.0,"turns":3.0},{"damage":15.0,"enemies":"3 Louse","floor":10.0,"turns":4.0},{"damage":24.0,"enemies":"Lagavulin","floor":12.0,"turns":5.0},{"damage":3.0,"enemies":"Blue Slaver","floor":13.0,"turns":3.0},{"damage":0,"enemies":"Hexaghost","floor":16,"turns":2}],"seed_played":"4066101119015847362","potions_obtained":[],"is_trial":false,"path_per_floor":["M","M","M","M","M","R","E","R","T","M","R","E","M","$","R","B"],"character_chosen":"IRONCLAD","items_purchased":["Flame Barrier","Shrug It Off"],"campfire_rested":1,"item_purchase_floors":[14,14],"current_hp_per_floor":[68,63,53,37,30,30,29,29,29,14,38,14,11,11,11,11,11],"gold":112,"neow_bonus":"BOSS_RELIC","is_daily":false,"chose_seed":false,"campfire_upgraded":3,"win_rate":0.0,"timestamp":1610965520,"path_taken":["M","M","M","M","M","R","E","R","T","M","R","E","M","$","R","BOSS"],"items_purchased_type":["Card","Card"],"build_version":"2020-12-22","purchased_purges":1,"victory":false,"max_hp_per_floor":[75,75,75,75,75,75,82,82,82,82,82,82,82,82,82,82,82],"card_choices":[{"not_picked":["Anger","True Grit"],"picked":"Twin Strike","floor":1.0},{"not_picked":["Clash","Infernal Blade"],"picked":"Inflame","floor":2.0},{"not_picked":["Dual Wield","Clash","Thunderclap"],"picked":"SKIP","floor":3.0},{"not_picked":["Dual Wield","Clash","Thunderclap"],"picked":"SKIP","floor":3.0},{"not_picked":["Hemokinesis","Fiend Fire"],"picked":"Sword Boomerang","floor":4.0},{"not_picked":["Sever Soul","Clash"],"picked":"Shrug It Off","floor":5.0},{"not_picked":["Brutality","Sword Boomerang"],"picked":"Shrug It Off","floor":7.0},{"not_picked":["Dropkick","Body Slam"],"picked":"Sword Boomerang","floor":10.0},{"not_picked":["Reckless Charge","Thunderclap"],"picked":"Evolve","floor":12.0},{"not_picked":["Dark Embrace","Headbutt","Iron Wave"],"picked":"SKIP","floor":13.0}],"player_experience":242134,"relics_obtained":[{"floor":7.0,"key":"Strawberry"},{"floor":9.0,"key":"Happy Flower"},{"floor":12.0,"key":"InkBottle"}],"event_choices":[],"is_beta":false,"boss_relics":[],"items_purged_floors":[14],"is_endless":false,"potions_floor_spawned":[2,3,7,10,12],"killed_by":"Hexaghost","ascension_level":20}}