{"host":"dcj2yvrgcvh5dl2s","time":1610970913,"event":{"mods":["BaseMod","Better Note","Block Reminder","Colored Powertips","DeckTracker","Minty Spire (QoL Compilation)","Quick Restart","Rare Cards Sparkle","Relic Stats","StSLib"],"gold_per_floor":[117,131,81,81,98,98,129,129,154,182,195,195,227,243,243,243,243],"floor_reached":16,"language":"ENG","playtime":739,"items_purged":[],"score":156,"play_id":"92ee16fd-5536-4079-b9e2-e5714d6f920c","local_time":"20210118215513","is_ascension_mode":true,"campfire_choices":[{"floor":6,"key":"REST"},{"floor":8,"key":"REST"},{"floor":12,"key":"REST"},{"floor":15,"key":"REST"}],"circlet_count":0,"master_deck":["Strike_G","Strike_G","Strike_G","Strike_G","Defend_G","Defend_G","Defend_G","Defend_G","Defend_G","Survivor","Neutralize","Backflip","Cloak And Dagger","Deadly Poison","Night Terror","Sucker Punch","Noxious Fumes","Envenom","PiercingWail"],"relics":["Ring of the Snake","NeowsBlessing","Snake Skull","Pen Nib","MealTicket","InkBottle","Anchor"],"acts_visited":["Exordium"],"potions_floor_usage":[10,10,13],"damage_taken":[{"damage":0,"enemies":"Cultist","floor":1,"turns":1},{"damage":0,"enemies":"Small Slimes","floor":2,"turns":1},{"damage":0,"enemies":"Jaw Worm","floor":5,"turns":1},{"damage":34,"enemies":"3 Sentries","floor":7,"turns":10},{"damage":10,"enemies":"Lagavulin","floor":10,"turns":7},{"damage":23,"enemies":"Large Slime","floor":11,"turns":6},{"damage":26,"enemies":"3 Sentries","floor":13,"turns":6},{"damage":5,"enemies":"3 Louse","floor":14,"turns":4},{"damage":28,"enemies":"Hexaghost","floor":16,"turns":9}],"seed_played":"-9216279884440499059","potions_obtained":[{"floor":2,"key":"GamblersBrew"},{"floor":5,"key":"Block Potion"},{"floor":7,"key":"SneckoOil"},{"floor":11,"key":"Explosive Potion"}],"is_trial":false,"path_per_floor":["M","M","?","?","M","R","E","R","T","E","M","R","E","M","R","B"],"character_chosen":"THE_SILENT","items_purchased":[],"campfire_rested":4,"item_purchase_floors":[],"current_hp_per_floor":[63,63,63,38,38,59,25,46,46,36,13,34,8,3,24,0,0],"gold":243,"neow_bonus":"THREE_ENEMY_KILL","is_daily":false,"chose_seed":false,"campfire_upgraded":0,"win_rate":0.0,"timestamp":1610970913,"path_taken":["M","?","?","?","M","R","E","R","T","E","M","R","E","M","R","BOSS"],"items_purchased_type":[],"build_version":"2020-12-22","purchased_purges":0,"victory":false,"max_hp_per_floor":[70,70,70,70,70,70,70,70,70,70,70,70,70,70,70,70,70],"relic_stats":{"counters":[9,45],"MealTicket":0,"Snake Skull":[48],"Pen Nib":[5],"obtain_stats":[{"Anchor":13,"NeowsBlessing":0,"MealTicket":9,"Snake Skull":4,"Pen Nib":7,"InkBottle":10,"Ring of the Snake":0},{"Anchor":7,"NeowsBlessing":0,"MealTicket":4,"Snake Skull":2,"Pen Nib":4,"InkBottle":5,"Ring of the Snake":0},{"Anchor":32,"NeowsBlessing":0,"MealTicket":13,"Snake Skull":2,"Pen Nib":13,"InkBottle":20,"Ring of the Snake":0}],"InkBottle":[8],"Ring of the Snake":[18]},"card_choices":[{"not_picked":["Bane","Endless Agony"],"picked":"Backflip","floor":1},{"not_picked":["Flying Knee","Tactician"],"picked":"Cloak And Dagger","floor":2},{"not_picked":["Flying Knee","Acrobatics"],"picked":"Deadly Poison","floor":5},{"not_picked":["Dagger Throw","Prepared"],"picked":"Night Terror","floor":7},{"not_picked":["Setup","Deadly Poison"],"picked":"Sucker Punch","floor":10},{"not_picked":["Dagger Throw","Slice"],"picked":"Noxious Fumes","floor":11},{"not_picked":["Setup","Dagger Throw"],"picked":"Envenom","floor":13},{"not_picked":["Underhanded Strike","Bane"],"picked":"PiercingWail","floor":14}],"player_experience":2240899,"relics_obtained":[{"floor":7,"key":"Pen Nib"},{"floor":9,"key":"MealTicket"},{"floor":10,"key":"InkBottle"},{"floor":13,"key":"Anchor"}],"event_choices":[{"cards_removed":["Strike_G"],"damage_healed":0,"gold_gain":0,"player_choice":"Card Removal","damage_taken":0,"max_hp_gain":0,"max_hp_loss":0,"event_name":"The Cleric","floor":3,"gold_loss":50},{"damage_healed":0,"gold_gain":0,"player_choice":"Success","damage_taken":25,"relics_obtained":["Snake Skull"],"max_hp_gain":0,"max_hp_loss":0,"event_name":"Scrap Ooze","floor":4,"gold_loss":0}],"is_beta":false,"boss_relics":[],"items_purged_floors":[],"is_endless":false,"potions_floor_spawned":[2,5,7,11],"killed_by":"Hexaghost","ascension_level":6}}