{"host":"8aoim7owc9xd4zca","time":1610996171,"event":{"mods":["AchievementEnabler","BaseMod","Colored Powertips","Highlight Path","Minty Spire (QoL Compilation)","Permanent Neow","Rare Cards Sparkle","Replay The Spire","StSLib"],"gold_per_floor":[116,136,16,16,33,67,67,117,117,127,156,156,173,173,173],"floor_reached":14,"language":"ENG","playtime":771,"items_purged":[],"score":105,"play_id":"e072cb84-37ca-42f0-bd27-084fab240dd6","local_time":"20210118105611","is_ascension_mode":true,"campfire_choices":[{"floor":7,"key":"REST"},{"floor":12,"key":"REST"}],"circlet_count":0,"master_deck":["Strike_B","Strike_B","Strike_B","Strike_B","Defend_B","Defend_B","Defend_B","Defend_B","Zap","Dualcast","Ball Lightning","Defragment","Electrodynamics","Panic Button","Regret","Loop","Turbo","Barrage","Double Energy","Turbo","Biased Cognition"],"relics":["Cracked Core","ReplayTheSpireMod:TigerMarble","The Courier","Matryoshka","Chameleon Ring","Replay:Arrowhead","ReplayFunnel","MealTicket"],"acts_visited":["Exordium"],"potions_floor_usage":[6,11,11,14],"damage_taken":[{"damage":0,"enemies":"2 Louse","floor":1,"turns":1},{"damage":5,"enemies":"Jaw Worm","floor":2,"turns":2},{"damage":5,"enemies":"Small Slimes","floor":5,"turns":2},{"damage":47,"enemies":"Lagavulin","floor":6,"turns":6},{"damage":2,"enemies":"Red Slaver","floor":10,"turns":2},{"damage":12,"enemies":"3 Sentries","floor":11,"turns":3},{"damage":20,"enemies":"Exordium Wildlife","floor":13,"turns":3},{"damage":20,"enemies":"Lagavulin","floor":14,"turns":2}],"seed_played":"-8904475353293470377","potions_obtained":[{"floor":5,"key":"Adrenaline Potion"},{"floor":6,"key":"EssenceOfSteel"},{"floor":8,"key":"SteroidPotion"},{"floor":10,"key":"Elixir"}],"is_trial":false,"path_per_floor":["M","M","$","?","M","E","R","?","T","M","E","R","M","E"],"character_chosen":"DEFECT","items_purchased":["Electrodynamics","Panic Button"],"campfire_rested":2,"item_purchase_floors":[3,3],"current_hp_per_floor":[75,70,70,70,65,18,40,22,22,20,8,30,10,0,0],"gold":173,"neow_bonus":"RANDOM_COMMON_RELIC","is_daily":false,"chose_seed":false,"campfire_upgraded":0,"win_rate":0.0,"timestamp":1610996171,"path_taken":["M","M","$","?","M","E","R","?","T","M","E","R","M","E"],"items_purchased_type":["Card","Card"],"build_version":"2020-12-22","purchased_purges":0,"victory":false,"max_hp_per_floor":[75,75,75,75,75,75,75,75,75,75,75,75,75,75,75],"card_choices":[{"not_picked":["Gash","Compile Driver"],"picked":"Ball Lightning","floor":1},{"not_picked":["Coolheaded","ReplayTheSpireMod:Repulse"],"picked":"Defragment","floor":2},{"not_picked":["Ball Lightning","Auto Shields"],"picked":"Loop","floor":5},{"not_picked":["Melter","ReplayTheSpireMod:Repulse"],"picked":"Turbo","floor":6},{"not_picked":["Reinforced Body","BootSequence"],"picked":"Barrage","floor":8},{"not_picked":["Coolheaded","Rebound"],"picked":"Double Energy","floor":10},{"not_picked":["Stack","Ball Lightning"],"picked":"Turbo","floor":11},{"not_picked":["BasicCrystalCard","Stack"],"picked":"Biased Cognition","floor":13}],"player_experience":259978,"relics_obtained":[{"floor":6,"key":"Matryoshka"},{"floor":8,"key":"Chameleon Ring"},{"floor":8,"key":"Replay:Arrowhead"},{"floor":9,"key":"ReplayFunnel"},{"floor":11,"key":"MealTicket"}],"event_choices":[{"damage_healed":0,"gold_gain":0,"player_choice":"Box","damage_taken":0,"relics_obtained":["The Courier"],"max_hp_gain":0,"max_hp_loss":0,"event_name":"Big Fish","floor":4,"gold_loss":0,"cards_obtained":["Regret"]}],"is_beta":false,"boss_relics":[],"items_purged_floors":[],"is_endless":false,"potions_floor_spawned":[5,6,10],"killed_by":"Lagavulin","ascension_level":1}}