{"host":"t6r1isv2bex5ovch","time":1610940617,"event":{"mods":["AchievementEnabler","Act Like it!","Aspiration","BaseMod","Better Altar","Better Match","Better Note","Better Sensory Stone","Better Skull","Better Third Choice","Better Vampires","Colored Powertips","Displayed Cursed Tome","Evolution","Fox Events","Hubris","Minty Spire (QoL Compilation)","StSLib","The Disciple","The Jungle","The Runesmith"],"gold_per_floor":[117,42,42,42,42,74,74,92,92,126,26,40,50,61,61,164,164,184,204,42,56,56,56,88,88,88,108,108,121,133,143,143,244,244,262,112,112,125,145,171,200,212,224,236,248,310,356,383,395,407,419,431,28,54,54],"floor_reached":56,"language":"ENG","playtime":7052,"items_purged":["Runesmith:Strike_RS","Runesmith:Strike_RS","Runesmith:Defend_RS","Runesmith:HeatExchange","Runesmith:Defend_RS"],"score":1314,"play_id":"6c860ff4-40ee-4d8e-9b97-6120c2c57b86","local_time":"20210118133017","is_ascension_mode":false,"campfire_choices":[{"floor":7.0,"key":"RECALL"},{"data":"Runesmith:Grindstone","floor":15,"key":"SMITH"},{"data":"Runesmith:CraftFirestone","floor":23,"key":"SMITH"},{"data":"Runesmith:GenerateForcefield","floor":25,"key":"SMITH"},{"data":"Runesmith:Fortify","floor":28,"key":"SMITH"},{"data":"Runesmith:CraftMagma","floor":32,"key":"SMITH"},{"data":"Runesmith:CraftMagma","floor":42,"key":"SMITH"},{"data":"Runesmith:Defend_RS","floor":45,"key":"SMITH"},{"data":"Runesmith:Repurpose","floor":49,"key":"SMITH"},{"data":"Runesmith:RuneHurl","floor":52,"key":"SMITH"}],"circlet_count":0,"master_deck":["Runesmith:Defend_RS","Runesmith:Defend_RS+1","Runesmith:CraftFirestone+1","Runesmith:Fortify+1","DevaForm+1","Runesmith:Firestorm+1","Runesmith:Grindstone+1","Runesmith:CraftMagma+1","Runesmith:Permafrost+1","Runesmith:CreatorForm+1","Runesmith:Repurpose+1","Runesmith:GenerateForcefield+1","Runesmith:HammerThrow+1","Runesmith:Firestorm+1","Runesmith:CraftMagma+1","Runesmith:RuneHurl+1","Runesmith:Repurpose+1"],"relics":["Runesmith:BrokenRuby","EVO:Axolotl","aspiration:Nostalgia","PureWater","Frozen Egg 2","hubris:Teleporter","Pear","Runic Dome","Du-Vu Doll","hubris:CrystalStatue","aspiration:MobileForge","MawBank","HornCleat","Lizard Tail","aspiration:HatOfInfinitePower","Runesmith:MiniCore","Blue Candle","Bottled Lightning"],"acts_visited":["Exordium","Exordium","TheBeyond","TheEnding"],"potions_floor_usage":[14,21,21,27,30,33,39,46,50,55,55,55],"damage_taken":[{"damage":0.0,"enemies":"Jaw Worm","floor":1.0,"turns":5.0},{"damage":21.0,"enemies":"3 Sentries","floor":6.0,"turns":10.0},{"damage":0.0,"enemies":"Small Slimes","floor":8.0,"turns":5.0},{"damage":16.0,"enemies":"Gremlin Nob","floor":10.0,"turns":5.0},{"damage":0.0,"enemies":"2 Louse","floor":12.0,"turns":4.0},{"damage":8.0,"enemies":"Red Slaver","floor":13.0,"turns":5.0},{"damage":1,"enemies":"Looter","floor":14,"turns":3},{"damage":16,"enemies":"Hexaghost","floor":16,"turns":9},{"damage":0,"enemies":"theJungle:GiantWrat","floor":18,"turns":9},{"damage":13,"enemies":"theJungle:Flameango_and_Byrd","floor":19,"turns":6},{"damage":12,"enemies":"theJungle:JungleHuntersEncounter","floor":21,"turns":8},{"damage":0,"enemies":"theJungle:2_Phrogs","floor":24,"turns":7},{"damage":0,"enemies":"theJungle:Snecko_Cultist_And_Trap","floor":27,"turns":6},{"damage":16,"enemies":"Snake Plant","floor":29,"turns":6},{"damage":45,"enemies":"theJungle:2_Flameangoes","floor":30,"turns":8},{"damage":15,"enemies":"theJungle:Snecko_Cultist_And_Trap","floor":31,"turns":7},{"damage":7,"enemies":"theJungle:FunGuy","floor":33,"turns":10},{"damage":6,"enemies":"3 Darklings","floor":35,"turns":4},{"damage":0,"enemies":"Orb Walker","floor":38,"turns":4},{"damage":19,"enemies":"Sphere and 2 Shapes","floor":39,"turns":6},{"damage":0,"enemies":"Nemesis","floor":40,"turns":7},{"damage":4,"enemies":"4 Shapes","floor":41,"turns":7},{"damage":16,"enemies":"2 Orb Walkers","floor":46,"turns":6},{"damage":5,"enemies":"Giant Head","floor":47,"turns":9},{"damage":5,"enemies":"Writhing Mass","floor":48,"turns":6},{"damage":0,"enemies":"Donu and Deca","floor":50,"turns":8},{"damage":46,"enemies":"Shield and Spear","floor":54,"turns":8},{"damage":4,"enemies":"The Heart","floor":55,"turns":11}],"seed_played":"7596145238057110949","potions_obtained":[{"floor":10.0,"key":"Strength Potion"},{"floor":12.0,"key":"FairyPotion"},{"floor":13.0,"key":"Weak Potion"},{"floor":14,"key":"EssenceOfSteel"},{"floor":24,"key":"ColorlessPotion"},{"floor":29,"key":"Explosive Potion"},{"floor":30,"key":"SneckoOil"},{"floor":31,"key":"Strength Potion"},{"floor":35,"key":"FearPotion"},{"floor":40,"key":"Weak Potion"},{"floor":47,"key":"FearPotion"},{"floor":48,"key":"CultistPotion"},{"floor":54,"key":"Weak Potion"}],"is_trial":false,"path_per_floor":["M","$","?","?","?","E","R","M","T","E","$","M","M","M","R","B",null,"M","M","$","M","?","R","E","R","T","M","R","M","M","M","R","B",null,"M","$","?","M","M","E","M","R","T","T","R","?","E","M","R","B",null,"R","$","E","B",null],"character_chosen":"RUNESMITH_CLASS","items_purchased":["Runesmith:Firestorm+1","Blue Candle"],"campfire_rested":0,"item_purchase_floors":[20,53],"current_hp_per_floor":[70,70,75,66,66,45,45,45,45,39,39,39,31,30,30,14,85,85,72,72,60,60,60,60,60,60,60,60,44,25,10,10,3,85,79,79,79,79,60,60,56,56,56,56,56,40,35,30,30,30,85,85,85,39,35],"gold":54,"neow_bonus":"NOSTALGIA","is_daily":false,"chose_seed":false,"campfire_upgraded":9,"win_rate":0.0,"timestamp":1610940617,"path_taken":["M","$","?","?","?","E","R","M","T","E","$","M","M","?","R","BOSS","M","M","?","?","?","R","E","R","T","M","R","?","M","M","R","BOSS","M","$","?","M","M","E","M","R","T","?","R","?","E","M","R","BOSS","R","$","E","BOSS"],"items_purchased_type":["Card","Relic"],"build_version":"2020-12-22","purchased_purges":5,"victory":true,"max_hp_per_floor":[70,70,75,75,75,75,75,75,75,85,85,85,85,85,85,85,85,85,85,85,85,85,85,85,85,85,85,85,85,85,85,85,85,85,85,85,85,85,85,85,85,85,85,85,85,85,85,85,85,85,85,85,85,85,85],"card_choices":[{"not_picked":["Runesmith:StaticCage","Runesmith:EnergizedChisel","Runesmith:HeatExchange"],"picked":"SKIP","floor":1.0},{"not_picked":["Runesmith:ChargedHammer","Runesmith:Overpower"],"picked":"Runesmith:Firestorm+1","floor":6.0},{"not_picked":["Runesmith:UnstableHammer","Runesmith:BackupBattery"],"picked":"Runesmith:Grindstone","floor":8.0},{"not_picked":["Runesmith:MakeshiftArmor","Runesmith:LithiumIon+1"],"picked":"Runesmith:CraftMagma","floor":10.0},{"not_picked":["Runesmith:PoweredAnvil+1","Runesmith:Empowerment"],"picked":"Runesmith:Permafrost+1","floor":12.0},{"not_picked":["Runesmith:CraftProtectio","Runesmith:HammerTime"],"picked":"Runesmith:CreatorForm+1","floor":13.0},{"not_picked":["Runesmith:Grindstone","Runesmith:EarthShield"],"picked":"Runesmith:Repurpose","floor":14},{"not_picked":["Runesmith:CraftIndustria","Runesmith:CraftPrismatica"],"picked":"Runesmith:GenerateForcefield","floor":16},{"not_picked":["Runesmith:Grindstone","Runesmith:ChiselStab+1","Runesmith:MakeshiftArmor+1"],"picked":"SKIP","floor":18},{"not_picked":["Runesmith:MakeshiftArmor+1","Runesmith:FieryHammer"],"picked":"Runesmith:HammerThrow+1","floor":19},{"not_picked":["Runesmith:Overpower","Runesmith:CraftProtectio+1","Runesmith:ShiftingStrike"],"picked":"SKIP","floor":21},{"not_picked":["Runesmith:Duplicate","Runesmith:ChargedHammer","Runesmith:Empowerment"],"picked":"SKIP","floor":24},{"not_picked":["Runesmith:Duplicate","Runesmith:ChargedHammer","Runesmith:Empowerment"],"picked":"SKIP","floor":24},{"not_picked":["Runesmith:StaticCage","Runesmith:Permafrost+1","Runesmith:GoWithTheFlow"],"picked":"SKIP","floor":27},{"not_picked":["Runesmith:PerfectChisel","Runesmith:Refine","Runesmith:NanitesCloud"],"picked":"SKIP","floor":29},{"not_picked":["Runesmith:PoweredAnvil+1","Runesmith:StaticCage+1"],"picked":"Runesmith:CraftMagma","floor":30},{"not_picked":["Runesmith:Malloc","Runesmith:Grindstone","Runesmith:MakeshiftArmor"],"picked":"SKIP","floor":31},{"not_picked":["Runesmith:Terraform+1","Runesmith:Discharge+1","Runesmith:HammerThrow"],"picked":"SKIP","floor":35},{"not_picked":["Runesmith:UnstableHammer","Runesmith:CraftIncendium+1","Runesmith:HammerThrow+1"],"picked":"SKIP","floor":38},{"not_picked":["Runesmith:CraftReservo","Runesmith:HammerThrow+1"],"picked":"Runesmith:RuneHurl","floor":39},{"not_picked":["Runesmith:StaticCage","Runesmith:UnstableHammer"],"picked":"Runesmith:Repurpose+1","floor":40},{"not_picked":["Runesmith:RunicBlueprint","Runesmith:Discharge+1","Runesmith:CraftMagma"],"picked":"SKIP","floor":41},{"not_picked":["Runesmith:Firestorm+1","Runesmith:CraftReservo+1","Runesmith:MetallurgicalResearch"],"picked":"SKIP","floor":47},{"not_picked":["Runesmith:Attraction","Runesmith:LithiumIon+1","Runesmith:HammerThrow"],"picked":"SKIP","floor":48},{"not_picked":["Runesmith:EarthShield","Runesmith:Retool+1","Runesmith:Refine"],"picked":"SKIP","floor":54}],"player_experience":362406,"relics_obtained":[{"floor":6.0,"key":"hubris:Teleporter"},{"floor":10.0,"key":"Pear"},{"floor":24,"key":"Du-Vu Doll"},{"floor":26,"key":"hubris:CrystalStatue"},{"floor":40,"key":"MawBank"},{"floor":43,"key":"HornCleat"},{"floor":44,"key":"Lizard Tail"},{"floor":46,"key":"aspiration:HatOfInfinitePower"},{"floor":47,"key":"Runesmith:MiniCore"},{"floor":54,"key":"Bottled Lightning"}],"event_choices":[{"damage_healed":0.0,"max_hp_gain":5.0,"max_hp_loss":0.0,"gold_gain":0.0,"event_name":"Big Fish","player_choice":"Donut","floor":3.0,"gold_loss":0.0,"damage_taken":0.0},{"cards_removed":["Runesmith:Strike_RS"],"damage_healed":0.0,"max_hp_gain":0.0,"max_hp_loss":0.0,"gold_gain":0.0,"event_name":"Purifier","player_choice":"Purged","floor":5.0,"gold_loss":0.0,"damage_taken":0.0},{"cards_removed":["Runesmith:Permafrost"],"damage_healed":0,"gold_gain":0,"player_choice":"Give","damage_taken":0,"max_hp_gain":0,"max_hp_loss":0,"event_name":"betterNote:BetterNote","floor":22,"gold_loss":0,"cards_obtained":["Runesmith:Grindstone"]},{"damage_healed":0,"gold_gain":0,"player_choice":"Ignored","damage_taken":0,"max_hp_gain":0,"max_hp_loss":0,"event_name":"Tomb of Lord Red Mask","floor":37,"gold_loss":0},{"damage_healed":0,"gold_gain":0,"player_choice":"Fight","damage_taken":0,"max_hp_gain":0,"max_hp_loss":0,"event_name":"Mysterious Sphere","floor":46,"gold_loss":0}],"is_beta":false,"boss_relics":[{"not_picked":["aspiration:RunicSpoon","aspiration:SecretTechniqueScroll"],"picked":"Runic Dome"},{"not_picked":["SacredBark","Pandora\u0027s Box"],"picked":"aspiration:MobileForge"}],"items_purged_floors":[2,11,20,36,53],"is_endless":false,"potions_floor_spawned":[10,12,13,14,24,29,30,31,35,40,47,48,54],"ascension_level":0}}