{"host":"h4qgcirtxz6qax9j","time":1610980501,"event":{"mods":["AchievementEnabler","BaseMod","Colored Powertips","Hermit","Minty Spire (QoL Compilation)","StSLib","SuperFastMode","The Servant 0.9.4"],"gold_per_floor":[112,126,73,73,73,73,105,105,132,142,152,164,164,164],"floor_reached":13,"language":"KOR","playtime":204,"items_purged":[],"score":121,"play_id":"47188912-1f4f-4457-9ef0-55706df1224a","local_time":"20210118233501","is_ascension_mode":true,"campfire_choices":[{"data":"KidneyShot","floor":6,"key":"SMITH"},{"data":"Starlight","floor":8,"key":"SMITH"}],"circlet_count":0,"master_deck":["Strike_S","Strike_S","Strike_S","Strike_S","Defend_S","Defend_S","Defend_S","Defend_S","KidneyShot+1","Exchange+1","Contraction+1","Defy","Starlight+1","Starlight"],"relics":["Uniform","NeowsBlessing","Lizard Tail","Tiny Chest"],"acts_visited":["Exordium"],"potions_floor_usage":[],"damage_taken":[{"damage":0,"enemies":"Small Slimes","floor":1,"turns":1},{"damage":0,"enemies":"Jaw Worm","floor":2,"turns":1},{"damage":0,"enemies":"Lagavulin","floor":7,"turns":2},{"damage":0,"enemies":"Cultist","floor":10,"turns":3},{"damage":4,"enemies":"2 Fungi Beasts","floor":11,"turns":3},{"damage":23,"enemies":"Exordium Thugs","floor":12,"turns":7},{"damage":19,"enemies":"3 Sentries","floor":13,"turns":4}],"seed_played":"7374978231236814676","potions_obtained":[{"floor":12,"key":"SteroidPotion"}],"is_trial":false,"path_per_floor":["M","M","$","?","?","R","E","R","T","M","M","M","E"],"character_chosen":"THE_SERVANT","items_purchased":["Defy"],"campfire_rested":0,"item_purchase_floors":[3],"current_hp_per_floor":[65,65,65,52,52,52,52,52,52,52,48,25,6,6],"gold":164,"neow_bonus":"THREE_ENEMY_KILL","is_daily":false,"chose_seed":false,"campfire_upgraded":2,"win_rate":0.0,"timestamp":1610980501,"path_taken":["M","M","$","?","?","R","E","R","T","M","M","M","E"],"items_purchased_type":["Card"],"build_version":"2020-12-22","purchased_purges":0,"victory":false,"max_hp_per_floor":[65,65,65,65,65,65,65,65,65,65,65,65,65,65],"card_choices":[{"not_picked":["Alleviate","TimeWarp","Sabotage"],"picked":"SKIP","floor":1},{"not_picked":["Rearm","Advance"],"picked":"Contraction","floor":2},{"not_picked":["Revamp","Foresight"],"picked":"Starlight","floor":7},{"not_picked":["Shuttle","TimeTheft","Rewind"],"picked":"SKIP","floor":10},{"not_picked":["DoubleEdge","Unruled","FanOfKnives"],"picked":"SKIP","floor":11},{"not_picked":["Alleviate","TimeWarp"],"picked":"Starlight","floor":12}],"player_experience":63607,"relics_obtained":[{"floor":7,"key":"Lizard Tail"},{"floor":9,"key":"Tiny Chest"}],"event_choices":[{"damage_healed":0,"gold_gain":0,"player_choice":"Entered Light","damage_taken":13,"max_hp_gain":0,"max_hp_loss":0,"event_name":"Shining Light","floor":4,"gold_loss":0,"cards_upgraded":["Contraction","Exchange"]},{"damage_healed":0,"gold_gain":0,"player_choice":"Ignored","damage_taken":0,"max_hp_gain":0,"max_hp_loss":0,"event_name":"Golden Wing","floor":5,"gold_loss":0}],"is_beta":false,"boss_relics":[],"items_purged_floors":[],"is_endless":false,"potions_floor_spawned":[12],"killed_by":"3 Sentries","ascension_level":2}}