{"host":"w3q5ijqu8eoknil3","time":1610941403,"event":{"mods":["AchievementEnabler","BaseMod","Block Reminder","Colored Map","Colored Powertips","Curses Come First","Dark Map","Minty Spire (QoL Compilation)","Quick Restart","Relic Stats","StSLib","ojb\u0027s Better Paths Mod","ojb\u0027s Info Mod","slay the spire mod where everything is the same but ironclad has a cowboy hat"],"gold_per_floor":[118,118,118,136,136,162,182,210,235,73,73,87,106,118,118,193,193,143,143,143,143,143],"floor_reached":21,"language":"ENG","playtime":662,"items_purged":[],"score":407,"play_id":"e8f5d267-b1f3-4d03-b9e1-1bd01bcf20a9","local_time":"20210118034323","is_ascension_mode":true,"campfire_choices":[{"floor":11,"key":"REST"},{"data":"Poisoned Stab","floor":15,"key":"SMITH"}],"circlet_count":0,"master_deck":["AscendersBane","Strike_G","Strike_G","Strike_G","Defend_G","Defend_G","Defend_G","Defend_G","Defend_G","Survivor","Neutralize","Dagger Spray","Dash","Bane+1","Masterful Stab+1","Poisoned Stab+1","Finisher","Sucker Punch","Doppelganger","Cloak And Dagger","Tools of the Trade","Dash"],"relics":["Ring of the Snake","NeowsBlessing","Omamori","Whetstone","Kunai","Ancient Tea Set","PreservedInsect","HoveringKite","WingedGreaves"],"acts_visited":["Exordium","TheCity"],"potions_floor_usage":[8,16,16],"damage_taken":[{"damage":0,"enemies":"Jaw Worm","floor":1,"turns":1},{"damage":0,"enemies":"Small Slimes","floor":4,"turns":1},{"damage":0,"enemies":"Gremlin Nob","floor":6,"turns":1},{"damage":7,"enemies":"2 Louse","floor":7,"turns":2},{"damage":16,"enemies":"Lagavulin","floor":8,"turns":5},{"damage":0,"enemies":"2 Fungi Beasts","floor":12,"turns":2},{"damage":0,"enemies":"Red Slaver","floor":13,"turns":3},{"damage":1,"enemies":"Looter","floor":14,"turns":2},{"damage":27,"enemies":"The Guardian","floor":16,"turns":13},{"damage":28,"enemies":"2 Thieves","floor":18,"turns":5},{"damage":22,"enemies":"Spheric Guardian","floor":21,"turns":4}],"seed_played":"-5251382995884523788","potions_obtained":[{"floor":1,"key":"Dexterity Potion"},{"floor":6,"key":"Fire Potion"},{"floor":8,"key":"SpeedPotion"},{"floor":16,"key":"FearPotion"},{"floor":18,"key":"SneckoOil"}],"is_trial":false,"path_per_floor":["M","?","?","M","?","E","M","E","T","$","R","M","M","M","R","B",null,"M","?","?","M"],"character_chosen":"THE_SILENT","items_purchased":["PreservedInsect"],"campfire_rested":1,"item_purchase_floors":[10],"current_hp_per_floor":[59,41,34,34,34,34,27,11,11,11,30,30,30,29,29,2,50,22,22,22,0,0],"gold":143,"neow_bonus":"THREE_ENEMY_KILL","is_daily":false,"chose_seed":false,"campfire_upgraded":1,"win_rate":0.0,"timestamp":1610941403,"path_taken":["M","?","?","M","?","E","M","E","T","$","R","M","M","M","R","BOSS","M","?","?","?"],"items_purchased_type":["Relic"],"build_version":"2020-12-22","purchased_purges":0,"victory":false,"max_hp_per_floor":[66,66,66,66,66,66,66,66,66,66,66,66,66,66,66,66,66,66,66,66,66,66],"relic_stats":{"counters":[11,39],"HoveringKite":[4],"PreservedInsect":0,"Whetstone":["Masterful Stab","Bane"],"Kunai":[12],"obtain_stats":[{"NeowsBlessing":0,"HoveringKite":17,"PreservedInsect":10,"WingedGreaves":20,"Omamori":2,"Whetstone":6,"Kunai":8,"Ancient Tea Set":9,"Ring of the Snake":0},{"NeowsBlessing":0,"HoveringKite":9,"PreservedInsect":5,"WingedGreaves":10,"Omamori":1,"Whetstone":3,"Kunai":5,"Ancient Tea Set":5,"Ring of the Snake":0},{"NeowsBlessing":0,"HoveringKite":30,"PreservedInsect":10,"WingedGreaves":35,"Omamori":1,"Whetstone":3,"Kunai":10,"Ancient Tea Set":10,"Ring of the Snake":0}],"Ring of the Snake":[22]},"card_choices":[{"not_picked":["Distraction","Slice"],"picked":"Dagger Spray","floor":1},{"not_picked":["Blade Dance","Backflip"],"picked":"Dash","floor":4},{"not_picked":["Underhanded Strike","Bane"],"picked":"Masterful Stab","floor":6},{"not_picked":["Flechettes","Setup"],"picked":"Poisoned Stab","floor":7},{"not_picked":["Flying Knee","Well Laid Plans"],"picked":"Finisher","floor":8},{"not_picked":["Tactician","Slice"],"picked":"Sucker Punch","floor":12},{"not_picked":["Quick Slash","Blade Dance"],"picked":"Doppelganger","floor":13},{"not_picked":["Prepared","Dagger Throw"],"picked":"Cloak And Dagger","floor":14},{"not_picked":["A Thousand Cuts","Night Terror"],"picked":"Tools of the Trade","floor":16},{"not_picked":["Bane","Concentrate"],"picked":"Dash","floor":18}],"player_experience":984409,"relics_obtained":[{"floor":6,"key":"Whetstone"},{"floor":8,"key":"Kunai"},{"floor":9,"key":"Ancient Tea Set"}],"event_choices":[{"damage_healed":0,"gold_gain":0,"player_choice":"Success","damage_taken":18,"relics_obtained":["Omamori"],"max_hp_gain":0,"max_hp_loss":0,"event_name":"Scrap Ooze","floor":2,"gold_loss":0},{"cards_removed":["Strike_G"],"damage_healed":0,"gold_gain":0,"player_choice":"Card Removal","damage_taken":7,"max_hp_gain":0,"max_hp_loss":0,"event_name":"Golden Wing","floor":3,"gold_loss":0},{"damage_healed":0,"gold_gain":0,"cards_transformed":["Strike_G"],"player_choice":"Change","damage_taken":0,"max_hp_gain":0,"max_hp_loss":0,"event_name":"Living Wall","floor":5,"gold_loss":0,"cards_obtained":["Bane"]},{"damage_healed":0,"gold_gain":0,"player_choice":"Ignored","damage_taken":0,"max_hp_gain":0,"max_hp_loss":0,"event_name":"Beggar","floor":19,"gold_loss":0},{"damage_healed":0,"gold_gain":0,"player_choice":"Gave Potion","damage_taken":0,"relics_obtained":["WingedGreaves"],"max_hp_gain":0,"max_hp_loss":0,"event_name":"WeMeetAgain","floor":20,"gold_loss":0}],"is_beta":false,"boss_relics":[{"not_picked":["Pandora\u0027s Box","Runic Pyramid"],"picked":"HoveringKite"}],"items_purged_floors":[],"is_endless":false,"potions_floor_spawned":[1,6,8,14,16,18],"killed_by":"Spheric Guardian","ascension_level":18}}