{"host":"jft3vy2l4n4npizy","time":1610956807,"event":{"mods":["BaseMod","Bestiary","Energized Spire","Highlight Path","Marisa£¨ìFÓê¡¡Ä§ÀíÉ³£©","Minty Spire (QoL Compilation)","Quick Restart","StSLib","TestMod","The Bladedancer","The Servant 0.9.4","Youmu£¨»êÆÇÑýÃÎ£©","Yuri Mod","vexMod"],"gold_per_floor":[114,289,289,305,305,305,324,359,359,359,384,384,15,15,15,152,152,182,582,632,43,43,43,88,187,237,162,214,89,164,164,164,334,334,383,358,450,450,92,146,146,204,204,224,263,106,106,174,174,203],"floor_reached":51,"language":"ZHS","playtime":1854,"items_purged":["Strike_MRS","Defend_MRS","Strike_MRS"],"score":1008,"play_id":"74ca17d3-ac7e-4b35-8e15-99eb3ec120f2","local_time":"20210118160007","is_ascension_mode":true,"campfire_choices":[{"data":"MasterSpark","floor":6,"key":"SMITH"},{"data":"Acceleration","floor":10,"key":"SMITH"},{"data":"UpSweep","floor":12,"key":"SMITH"},{"data":"DeepEcoloBomb","floor":15,"key":"SMITH"},{"data":"MagicChant","floor":23,"key":"SMITH"},{"floor":32,"key":"REST"},{"data":"EarthLightRay","floor":41,"key":"SMITH"},{"data":"WitchLeyline","floor":47,"key":"SMITH"},{"data":"MeteoricShower","floor":49,"key":"SMITH"}],"circlet_count":0,"master_deck":["Defend_MRS","Defend_MRS","Defend_MRS","MasterSpark+1","UpSweep+1","Doubt","Acceleration+1","SporeBomb","WitchOfGreed","DeepEcoloBomb+1","EscapeVelocity+1","Acceleration","MagicChant+1","PulseMagic+1","EscapeVelocity+1","EarthLightRay+1","WitchLeyline+1","Orbital","MeteoricShower+1"],"relics":["MiniHakkero","testmod-ConstraintPeriapt","NeowsBlessing","vexMod:MemoryStick","CultistMask","testmod-AssaultLearning","testmod-TheFather","Meat on the Bone","testmod-BloodSacrificeSpiritualization","ClockworkSouvenir","White Beast Statue","Bag of Marbles","yuri:PortableGlitches","testmod-NegativeEmotionEnhancer","Kunai","testmod-HeartOfStrike","Potion Belt","Toxic Egg 2","Mango","Bottled Flame","Lee\u0027s Waffle","Vajra"],"acts_visited":["Exordium","TheCity","TheBeyond"],"potions_floor_usage":[11,20,24,24,30,33,50,50],"damage_taken":[{"damage":0.0,"enemies":"Jaw Worm","floor":1.0,"turns":1.0},{"damage":0.0,"enemies":"Small Slimes","floor":4.0,"turns":1.0},{"damage":0,"enemies":"Cultist","floor":7,"turns":1},{"damage":16,"enemies":"Gremlin Nob","floor":8,"turns":3},{"damage":8,"enemies":"Large Slime","floor":11,"turns":4},{"damage":4,"enemies":"Slime Boss","floor":16,"turns":5},{"damage":26,"enemies":"2 Thieves","floor":18,"turns":2},{"damage":30,"enemies":"Spheric Guardian","floor":20,"turns":4},{"damage":17,"enemies":"Snake Plant","floor":24,"turns":3},{"damage":8,"enemies":"Cultist and Chosen","floor":28,"turns":2},{"damage":13,"enemies":"Chosen and Byrds","floor":30,"turns":3},{"damage":28,"enemies":"Collector","floor":33,"turns":3},{"damage":27,"enemies":"3 Shapes","floor":35,"turns":2},{"damage":7,"enemies":"Mind Bloom Boss Battle","floor":37,"turns":2},{"damage":20,"enemies":"Giant Head","floor":40,"turns":5},{"damage":9,"enemies":"Nemesis","floor":42,"turns":3},{"damage":9,"enemies":"Orb Walker","floor":44,"turns":1},{"damage":16,"enemies":"Transient","floor":45,"turns":5},{"damage":25,"enemies":"Giant Head","floor":48,"turns":4},{"damage":110,"enemies":"Awakened One","floor":50,"turns":6}],"seed_played":"8009218119089349297","potions_obtained":[{"floor":1.0,"key":"FearPotion"},{"floor":8,"key":"Dexterity Potion"},{"floor":16,"key":"Weak Potion"},{"floor":18,"key":"Swift Potion"},{"floor":18,"key":"ColorlessPotion"},{"floor":20,"key":"ColorlessPotion"},{"floor":24,"key":"testmod-TimePotion"},{"floor":24,"key":"BlessingOfTheForge"},{"floor":28,"key":"AttackPotion"},{"floor":30,"key":"FearPotion"},{"floor":30,"key":"LiquidMemories"},{"floor":33,"key":"Energy Potion"},{"floor":35,"key":"PowerPotion"},{"floor":40,"key":"GamblersBrew"},{"floor":45,"key":"testmod-EscapePotion"}],"is_trial":false,"path_per_floor":["M","?","T","M","?","R","M","E","T","R","M","R","$","?","R","B",null,"M","?","M","$","?","R","M","?","T","?","M","$","M","T","R","B",null,"M","?","?","?","$","E","R","E","T","M","M","$","R","E","R","B",null],"character_chosen":"MARISA","items_purchased":["Meat on the Bone","WitchOfGreed","MagicChant","ClockworkSouvenir","White Beast Statue","EarthLightRay","WitchLeyline","Orbital","Potion Belt","AttackPotion","Lee\u0027s Waffle"],"campfire_rested":1,"item_purchase_floors":[13,13,21,21,21,39,39,39,39,39,46],"current_hp_per_floor":[68,68,68,68,68,68,68,55,55,55,51,51,51,51,51,51,69,46,46,31,31,31,31,29,29,29,29,36,36,40,40,62,41,67,47,47,44,44,44,54,54,79,79,80,89,102,102,100,100,29],"gold":203,"neow_bonus":"THREE_ENEMY_KILL","is_daily":false,"chose_seed":false,"campfire_upgraded":8,"win_rate":0.0,"timestamp":1610956807,"path_taken":["M","?","?","M","?","R","M","E","T","R","?","R","$","?","R","BOSS","M","?","M","$","?","R","M","?","T","?","M","?","?","?","R","BOSS","M","?","?","?","$","E","R","E","T","M","M","$","R","E","R","BOSS"],"items_purchased_type":["Relic","Card","Card","Relic","Relic","Card","Card","Card","Relic","Potion","Relic"],"build_version":"2020-12-22","purchased_purges":3,"victory":true,"max_hp_per_floor":[75,75,75,75,75,75,75,75,75,75,75,75,75,75,75,75,75,75,75,75,75,75,75,75,75,75,75,75,75,75,75,75,75,75,76,76,77,77,77,78,78,93,93,94,95,102,102,103,103,104],"card_choices":[{"not_picked":["FairyDestructionRay","MysteriousBeam","UnstableBomb"],"picked":"SKIP","floor":1.0},{"not_picked":["EventHorizon","AlicesGift","DragonMeteor"],"picked":"SKIP","floor":4},{"not_picked":["GravityBeat","LuminesStrike","DoubleSpark"],"picked":"SKIP","floor":7},{"not_picked":["UnstableBomb","OrrerysSun"],"picked":"Acceleration","floor":8},{"not_picked":["IllusionStar","PowerUp"],"picked":"SporeBomb","floor":11},{"not_picked":["FinalSpark","CollectingQuirk"],"picked":"EscapeVelocity","floor":16},{"not_picked":["ShootingEcho+1","OrrerysSun"],"picked":"Robbery","floor":18},{"not_picked":["BlazeAway","MilkyWay"],"picked":"Acceleration","floor":20},{"not_picked":["MysteriousBeam+1","EventHorizon","ShootingEcho"],"picked":"SKIP","floor":24},{"not_picked":["UnstableBomb","DC+1","LuminesStrike+1"],"picked":"SKIP","floor":28},{"not_picked":["LuminesStrike","GalacticHalo+1"],"picked":"PulseMagic+1","floor":30},{"not_picked":["AbsoluteMagnitude","SatelliteIllusion"],"picked":"EscapeVelocity","floor":33},{"not_picked":["UnstableBomb","SprinkleStarSeal","OneTimeOff+1"],"picked":"SKIP","floor":35},{"not_picked":["MysteriousBeam+1","Robbery+1","SporeBomb+1"],"picked":"SKIP","floor":40},{"not_picked":["PowerUp+1","WitchOfGreed+1","EnergyRecoil+1"],"picked":"SKIP","floor":42},{"not_picked":["OortCloud","DC","MaximisePower+1"],"picked":"SKIP","floor":44},{"not_picked":["6A+1","Occultation+1","AsteroidBelt+1"],"picked":"SKIP","floor":45},{"not_picked":["MilkyWay+1","Acceleration+1"],"picked":"MeteoricShower","floor":48}],"player_experience":57926,"relics_obtained":[{"floor":3.0,"key":"vexMod:MemoryStick"},{"floor":8,"key":"testmod-AssaultLearning"},{"floor":9,"key":"testmod-TheFather"},{"floor":26,"key":"Bag of Marbles"},{"floor":31,"key":"yuri:PortableGlitches"},{"floor":37,"key":"testmod-HeartOfStrike"},{"floor":40,"key":"Toxic Egg 2"},{"floor":42,"key":"Mango"},{"floor":43,"key":"Bottled Flame"},{"floor":48,"key":"Vajra"}],"event_choices":[{"damage_healed":0.0,"max_hp_gain":0.0,"max_hp_loss":0.0,"gold_gain":175.0,"event_name":"Liars Game","player_choice":"AGREE","floor":2.0,"gold_loss":0.0,"damage_taken":0.0,"cards_obtained":["Doubt"]},{"damage_healed":0,"gold_gain":0,"player_choice":"Trade","damage_taken":0,"relics_obtained":["CultistMask"],"max_hp_gain":0,"max_hp_loss":0,"event_name":"FaceTrader","floor":5,"gold_loss":0},{"damage_healed":0,"gold_gain":0,"cards_transformed":["Strike_MRS"],"player_choice":"Change","damage_taken":0,"max_hp_gain":0,"max_hp_loss":0,"event_name":"Living Wall","floor":14,"gold_loss":0,"cards_obtained":["DeepEcoloBomb"]},{"damage_healed":0,"gold_gain":400,"player_choice":"Sell","damage_taken":0,"max_hp_gain":0,"max_hp_loss":0,"event_name":"¶÷ÂåË¹µÄÅÌ×Ó","floor":19,"relics_lost":["testmod-TestBox"],"gold_loss":0},{"damage_healed":0,"gold_gain":0,"player_choice":"Ignored","damage_taken":0,"max_hp_gain":0,"max_hp_loss":0,"event_name":"Ghosts","floor":22,"gold_loss":0},{"damage_healed":0,"gold_gain":99,"player_choice":"Stole From Cult","damage_taken":0,"max_hp_gain":0,"max_hp_loss":0,"event_name":"Nest","floor":25,"gold_loss":0},{"cards_removed":["Strike_MRS"],"damage_healed":0,"gold_gain":0,"player_choice":"Gave Gold","damage_taken":0,"max_hp_gain":0,"max_hp_loss":0,"event_name":"Beggar","floor":27,"gold_loss":75},{"damage_healed":0,"gold_gain":0,"player_choice":"Fight","damage_taken":0,"max_hp_gain":0,"max_hp_loss":0,"event_name":"MindBloom","floor":37,"gold_loss":0},{"cards_removed":["Robbery"],"damage_healed":0,"gold_gain":0,"player_choice":"Removed Attack","damage_taken":0,"max_hp_gain":0,"max_hp_loss":0,"event_name":"Falling","floor":38,"gold_loss":0}],"is_beta":false,"boss_relics":[{"not_picked":["Sozu","Runic Pyramid"],"picked":"testmod-BloodSacrificeSpiritualization"},{"not_picked":["vexMod:BigBerry","testmod-Prudence"],"picked":"testmod-NegativeEmotionEnhancer"}],"items_purged_floors":[13,21,29],"is_endless":false,"potions_floor_spawned":[1,8,16,18,24,28,30,33,35,37,40,42,44,45,48],"ascension_level":6}}