{"host":"l2dnabsh5e0fsksb","time":1610952384,"event":{"mods":["2.2 Compatiblity","BaseMod","Downfall","Minty Spire (QoL Compilation)","Quick Restart","StSLib"],"gold_per_floor":[99,99,99,99,99,130,130,142,157,93,93,93,93,127,141,141,141,141],"floor_reached":16,"language":"ENG","playtime":544,"items_purged":[],"score":210,"play_id":"c393cfab-dfd1-4732-819d-87881169cba7","local_time":"20210118171624","is_ascension_mode":true,"campfire_choices":[{"floor":1.0,"key":"RECALL"},{"floor":13.0,"key":"REST"}],"circlet_count":0,"master_deck":["AscendersBane","champ:Strike","champ:Strike+1","champ:Strike","champ:Defend","champ:Defend","champ:Defend","champ:Execute+1","champ:Taunt","champ:Circumvent","champ:Backstep","champ:AdrenalArmor","champ:Improvising","champ:TornadoPunch","Regret","champ:BringItOn","champ:TornadoPunch"],"relics":["champ:ChampionCrown","downfall:HeartsMalice","CultistMask","Singing Bowl","Shuriken","Smiling Mask","Whetstone"],"acts_visited":["Exordium"],"potions_floor_usage":[],"damage_taken":[{"damage":0.0,"enemies":"Jaw Worm","floor":2.0,"turns":1.0},{"damage":0.0,"enemies":"Cultist","floor":4.0,"turns":1.0},{"damage":0.0,"enemies":"3 Sentries","floor":6.0,"turns":1.0},{"damage":19.0,"enemies":"2 Louse","floor":8.0,"turns":4.0},{"damage":56.0,"enemies":"Exordium Thugs","floor":9.0,"turns":9.0},{"damage":25.0,"enemies":"downfall:FleeingMerchant","floor":10.0,"turns":4.0},{"damage":69.0,"enemies":"Lagavulin","floor":14.0,"turns":10.0},{"damage":41.0,"enemies":"3 Louse","floor":15.0,"turns":4.0},{"damage":31,"enemies":"DF_ARCHETYPE_STREAMLINE","floor":16,"turns":6}],"seed_played":"7985779419627775157","potions_obtained":[{"floor":8.0,"key":"Swift Potion"},{"floor":9.0,"key":"ColorlessPotion"},{"floor":14.0,"key":"Guardian:BlockOnCardUsePotion"}],"is_trial":false,"path_per_floor":["R","M","?","M","?","E","T","M","M","$","?","?","R","E","M","B"],"character_chosen":"THE_CHAMP","items_purchased":["champ:TornadoPunch"],"campfire_rested":1,"item_purchase_floors":[10],"current_hp_per_floor":[81,81,81,81,81,83,83,76,50,50,50,50,78,49,28,0,0,0],"gold":141,"neow_bonus":"THREE_ENEMY_KILL","is_daily":false,"chose_seed":false,"campfire_upgraded":0,"win_rate":0.0,"timestamp":1610952384,"path_taken":["R","M","?","?","?","E","T","M","M","?","?","?","R","E","M","BOSS"],"items_purchased_type":["Card"],"build_version":"2020-12-22","purchased_purges":0,"victory":false,"max_hp_per_floor":[90,90,90,90,90,92,92,94,94,94,94,94,94,94,94,94,94,94],"card_choices":[{"not_picked":["champ:PerfectedStrike","champ:EnragedBash"],"picked":"champ:Circumvent","floor":2.0},{"not_picked":["champ:GutPunch","champ:CrownThrow"],"picked":"champ:Backstep","floor":4.0},{"not_picked":["champ:Backstep","champ:IgnorePain","champ:EnchantSword"],"picked":"Singing Bowl","floor":6.0},{"not_picked":["champ:Shatter","champ:Haymaker","champ:BerserkersShout"],"picked":"Singing Bowl","floor":8.0},{"not_picked":["champ:BladeFlurry","champ:Encircle"],"picked":"champ:AdrenalArmor","floor":9.0},{"not_picked":["champ:BladeFlurry","champ:Backstep"],"picked":"champ:Improvising","floor":10.0},{"not_picked":["champ:SkillfulDodge","champ:SetATrap"],"picked":"champ:BringItOn","floor":14.0},{"not_picked":["champ:PerfectedStrike","champ:DefensiveShout"],"picked":"champ:TornadoPunch","floor":15.0}],"player_experience":1797496,"relics_obtained":[{"floor":6.0,"key":"Singing Bowl"},{"floor":7.0,"key":"Shuriken"},{"floor":14.0,"key":"Whetstone"}],"event_choices":[{"cards_removed":["champ:Defend"],"damage_healed":0.0,"max_hp_gain":0.0,"max_hp_loss":0.0,"gold_gain":0.0,"event_name":"Bonfire Elementals","player_choice":"Offered Basic","floor":3.0,"gold_loss":0.0,"damage_taken":0.0},{"damage_healed":0.0,"max_hp_gain":0.0,"max_hp_loss":0.0,"gold_gain":0.0,"event_name":"FaceTrader","player_choice":"Trade","floor":5.0,"gold_loss":0.0,"damage_taken":0.0,"relics_obtained":["CultistMask"]},{"damage_healed":0.0,"max_hp_gain":0.0,"max_hp_loss":0.0,"gold_gain":0.0,"event_name":"Big Fish","player_choice":"Box","floor":11.0,"gold_loss":0.0,"damage_taken":0.0,"relics_obtained":["Smiling Mask"],"cards_obtained":["Regret"]}],"is_beta":false,"boss_relics":[],"items_purged_floors":[],"is_endless":false,"potions_floor_spawned":[8,9,14],"killed_by":"DF_ARCHETYPE_STREAMLINE","ascension_level":12}}