{"host":"b995t17pt6d05w8c","time":1610997887,"event":{"mods":["AchievementEnabler","BaseMod","Colored Map","DeckTracker","Keyboard Shortcuts","Minty Spire (QoL Compilation)","Permanent Neow","SuperFastMode"],"gold_per_floor":[364,374,13,13,25,50,70,30,30,55,15,35,55,69,69,143,143,163,163,176,76,76,88,88,101,127,140,140,154,154,186,186,259,259,274,274,289,63,0,0,0,0,0,11,11,11,11,28,28,28,28],"floor_reached":52,"language":"KOR","playtime":1560,"items_purged":["Strike_R","Strike_R","Defend_R"],"score":2018,"play_id":"028cb681-dfe6-440a-b21a-cc210f0f00f5","local_time":"20210119042447","is_ascension_mode":true,"campfire_choices":[{"data":"Blood for Blood","floor":15.0,"key":"SMITH"},{"data":"Strike_R","floor":24,"key":"PURGE"},{"floor":30,"key":"REST"},{"data":"Strike_R","floor":32,"key":"PURGE"},{"data":"Defend_R","floor":40,"key":"PURGE"},{"data":"Defend_R","floor":42,"key":"PURGE"},{"floor":46,"key":"REST"},{"data":"Carnage+1","floor":49,"key":"PURGE"}],"circlet_count":0,"master_deck":["AscendersBane","Defend_R+1","Bash+1","Dropkick+1","Offering+1","Burning Pact+1","Battle Trance+1","Feed+1","Seeing Red+1","Feel No Pain+1","Warcry+1","Shrug It Off+1","Double Tap+1","Deep Breath+1"],"relics":["Burning Blood","Molten Egg 2","InkBottle","Mango","Peace Pipe","Runic Pyramid","Oddly Smooth Stone","Enchiridion","Shuriken","Busted Crown","Red Mask","StrikeDummy","Mark of the Bloom"],"acts_visited":["Exordium","TheCity","TheBeyond"],"potions_floor_usage":[33,33,33,35,51],"damage_taken":[{"damage":17.0,"enemies":"Small Slimes","floor":1.0,"turns":5.0},{"damage":1.0,"enemies":"Cultist","floor":2.0,"turns":3.0},{"damage":5.0,"enemies":"2 Louse","floor":5.0,"turns":2.0},{"damage":8.0,"enemies":"Gremlin Nob","floor":6.0,"turns":3.0},{"damage":10.0,"enemies":"Gremlin Gang","floor":7.0,"turns":4.0},{"damage":26.0,"enemies":"Lagavulin","floor":10.0,"turns":5.0},{"damage":12.0,"enemies":"Looter","floor":12.0,"turns":4.0},{"damage":21.0,"enemies":"Exordium Thugs","floor":13.0,"turns":4.0},{"damage":13.0,"enemies":"Large Slime","floor":14.0,"turns":2.0},{"damage":39,"enemies":"Slime Boss","floor":16,"turns":8},{"damage":6,"enemies":"Chosen","floor":18,"turns":3},{"damage":28,"enemies":"Spheric Guardian","floor":20,"turns":4},{"damage":7,"enemies":"Centurion and Healer","floor":23,"turns":4},{"damage":13,"enemies":"Snecko","floor":25,"turns":3},{"damage":11,"enemies":"Snake Plant","floor":27,"turns":3},{"damage":16,"enemies":"Sentry and Sphere","floor":29,"turns":5},{"damage":18,"enemies":"Gremlin Leader","floor":31,"turns":4},{"damage":52,"enemies":"Automaton","floor":33,"turns":8},{"damage":20,"enemies":"3 Shapes","floor":35,"turns":3},{"damage":25,"enemies":"3 Darklings","floor":37,"turns":4},{"damage":32,"enemies":"Sphere and 2 Shapes","floor":44,"turns":10},{"damage":6,"enemies":"Spire Growth","floor":48,"turns":1},{"damage":6,"enemies":"Awakened One","floor":50,"turns":2},{"damage":32,"enemies":"Donu and Deca","floor":51,"turns":6}],"seed_played":"-4011030683969602007","potions_obtained":[{"floor":1.0,"key":"Weak Potion"},{"floor":6.0,"key":"Fire Potion"},{"floor":11.0,"key":"SneckoOil"},{"floor":11.0,"key":"HeartOfIron"},{"floor":11.0,"key":"FairyPotion"},{"floor":13.0,"key":"Swift Potion"},{"floor":20,"key":"SkillPotion"},{"floor":23,"key":"EntropicBrew"},{"floor":29,"key":"DistilledChaos"},{"floor":33,"key":"DuplicationPotion"},{"floor":35,"key":"SpeedPotion"}],"is_trial":false,"path_per_floor":["M","M","$","?","M","E","M","$","T","E","?","M","M","M","R","B",null,"M","?","M","$","?","M","R","M","T","M","?","M","R","E","R","B",null,"M","?","M","$","?","R","?","R","T","M","?","R","?","M","R","B","B",null],"character_chosen":"IRONCLAD","items_purchased":["Molten Egg 2","Battle Trance","Deep Breath"],"campfire_rested":2,"item_purchase_floors":[3,8,38],"current_hp_per_floor":[57,62,62,62,63,61,57,57,71,51,51,45,30,23,23,30,69,73,73,55,55,90,93,93,90,90,85,64,58,88,80,80,38,92,82,82,67,67,67,67,67,67,67,41,41,74,74,68,68,62,30],"gold":28,"neow_bonus":"TWO_FIFTY_GOLD","is_daily":false,"chose_seed":false,"campfire_upgraded":1,"win_rate":0.0,"timestamp":1610997887,"path_taken":["M","M","$","?","M","E","M","?","T","E","?","M","M","?","R","BOSS","M","?","M","$","?","?","R","M","T","M","?","M","R","E","R","BOSS","M","?","M","$","?","R","?","R","T","?","?","R","?","M","R","BOSS","BOSS"],"items_purchased_type":["Relic","Card","Card"],"build_version":"2020-12-22","purchased_purges":3,"victory":true,"max_hp_per_floor":[68,68,68,68,68,68,68,68,82,82,82,82,82,82,82,82,82,86,86,90,90,90,94,94,98,98,98,98,102,102,106,106,110,110,114,108,112,112,112,112,112,112,112,112,112,112,112,112,112,112,112],"card_choices":[{"not_picked":["Pommel Strike","Headbutt"],"picked":"Carnage","floor":1.0},{"not_picked":["Armaments","True Grit"],"picked":"Blood for Blood","floor":2.0},{"not_picked":["Clash+1","Warcry","Clothesline+1"],"picked":"SKIP","floor":5.0},{"not_picked":["Berserk","Warcry"],"picked":"Offering","floor":6.0},{"not_picked":["Clothesline+1","Reckless Charge+1"],"picked":"Burning Pact","floor":7.0},{"not_picked":["Whirlwind+1","Corruption","Heavy Blade+1"],"picked":"SKIP","floor":10.0},{"not_picked":["Combust","Twin Strike+1","Flame Barrier"],"picked":"SKIP","floor":12.0},{"not_picked":["Havoc","Armaments","Spot Weakness"],"picked":"SKIP","floor":13.0},{"not_picked":["Twin Strike+1","Anger+1","Carnage+1"],"picked":"SKIP","floor":14.0},{"not_picked":["Juggernaut","Berserk"],"picked":"Feed+1","floor":16},{"not_picked":["Infernal Blade","Flex","Headbutt+1"],"picked":"SKIP","floor":18},{"not_picked":["Havoc","True Grit"],"picked":"Feel No Pain","floor":20},{"not_picked":["Perfected Strike+1","Flex","Iron Wave+1"],"picked":"SKIP","floor":23},{"not_picked":["Heavy Blade+1","Rampage+1"],"picked":"Warcry","floor":25},{"not_picked":["Perfected Strike+1","Carnage+1","Combust"],"picked":"SKIP","floor":27},{"not_picked":["Perfected Strike+1","Combust"],"picked":"Carnage+1","floor":27},{"not_picked":["Heavy Blade+1","Wild Strike+1"],"picked":"Shrug It Off","floor":29},{"not_picked":["Juggernaut","Headbutt+1","Entrench"],"picked":"SKIP","floor":31},{"not_picked":["Bludgeon+1","Juggernaut"],"picked":"Double Tap","floor":33},{"not_picked":["Armaments+1"],"picked":"SKIP","floor":35},{"not_picked":["Ghostly Armor"],"picked":"SKIP","floor":37},{"not_picked":["Uppercut+1"],"picked":"SKIP","floor":44},{"not_picked":["Sword Boomerang+1"],"picked":"SKIP","floor":48}],"player_experience":155187,"relics_obtained":[{"floor":6.0,"key":"InkBottle"},{"floor":9.0,"key":"Mango"},{"floor":10.0,"key":"Peace Pipe"},{"floor":26,"key":"Oddly Smooth Stone"},{"floor":28,"key":"Enchiridion"},{"floor":31,"key":"Shuriken"},{"floor":43,"key":"StrikeDummy"}],"event_choices":[{"damage_healed":0.0,"max_hp_gain":0.0,"max_hp_loss":0.0,"gold_gain":0.0,"cards_transformed":["Strike_R"],"event_name":"Transmorgrifier","player_choice":"Transformed","floor":4.0,"gold_loss":0.0,"damage_taken":0.0,"cards_obtained":["Dropkick"]},{"damage_healed":0.0,"max_hp_gain":0.0,"max_hp_loss":0.0,"gold_gain":0.0,"event_name":"The Woman in Blue","player_choice":"Bought 3 Potions","floor":11.0,"gold_loss":0.0,"damage_taken":0.0},{"damage_healed":0,"gold_gain":0,"player_choice":"Read","damage_taken":0,"max_hp_gain":0,"max_hp_loss":0,"event_name":"The Library","floor":19,"gold_loss":0,"cards_obtained":["Seeing Red"]},{"cards_removed":["Carnage"],"damage_healed":35,"gold_gain":0,"player_choice":"Offered Uncommon","damage_taken":0,"max_hp_gain":0,"max_hp_loss":0,"event_name":"Bonfire Elementals","floor":22,"gold_loss":0},{"damage_healed":0,"gold_gain":0,"player_choice":"Obtained Book","damage_taken":21,"max_hp_gain":0,"max_hp_loss":0,"event_name":"Cursed Tome","floor":28,"gold_loss":0},{"damage_healed":0,"gold_gain":0,"player_choice":"Max HP","damage_taken":0,"max_hp_gain":0,"max_hp_loss":6,"event_name":"Winding Halls","floor":36,"gold_loss":0},{"damage_healed":0,"gold_gain":0,"player_choice":"Paid","damage_taken":0,"relics_obtained":["Red Mask"],"max_hp_gain":0,"max_hp_loss":0,"event_name":"Tomb of Lord Red Mask","floor":39,"gold_loss":63},{"cards_removed":["Blood for Blood"],"damage_healed":0,"gold_gain":0,"player_choice":"Removed Attack","damage_taken":0,"max_hp_gain":0,"max_hp_loss":0,"event_name":"Falling","floor":41,"gold_loss":0},{"damage_healed":0,"gold_gain":0,"player_choice":"Ignored","damage_taken":0,"max_hp_gain":0,"max_hp_loss":0,"event_name":"Mysterious Sphere","floor":45,"gold_loss":0},{"damage_healed":0,"gold_gain":0,"player_choice":"Upgrade","damage_taken":0,"relics_obtained":["Mark of the Bloom"],"max_hp_gain":0,"max_hp_loss":0,"event_name":"MindBloom","floor":47,"gold_loss":0,"cards_upgraded":["Defend_R","Bash","Offering","Burning Pact","Battle Trance","Seeing Red","Feel No Pain","Warcry","Shrug It Off","Double Tap","Deep Breath"]}],"is_beta":false,"boss_relics":[{"not_picked":["Tiny House","Fusion Hammer"],"picked":"Runic Pyramid"},{"not_picked":["SlaversCollar","Runic Cube"],"picked":"Busted Crown"}],"items_purged_floors":[3,21,38],"is_endless":false,"potions_floor_spawned":[1,6,13,20,23,29,33,35,44],"ascension_level":20}}