{"host":"8u7tvcybuv0u72fd","time":1610937085,"event":{"mods":["BaseMod","BetterRewards","Colored Map","Colored Powertips","Minty Spire (QoL Compilation)","Quick Restart","Shop Mod"],"gold_per_floor":[112,123,123,123,140,173,173,198,198,198,247,99,111,186,186,284,284,298,316,316,316,342,372,372,41,41,41,52,79,79,89,89,189,189,200,475,495,512,512,512,541,377,377,377,79,79,111,333,333,333,333,333,114,142,142],"floor_reached":56,"language":"ENG","playtime":2301,"items_purged":["Writhe","Regret"],"score":1637,"play_id":"e17eca25-7344-4013-94b3-2b30522ebc5f","local_time":"20210117213125","is_ascension_mode":false,"campfire_choices":[{"data":"Bash","floor":7.0,"key":"SMITH"},{"data":"Shrug It Off","floor":10.0,"key":"SMITH"},{"data":"Defend_R","floor":15.0,"key":"SMITH"},{"data":"Limit Break","floor":24.0,"key":"SMITH"},{"data":"Bite","floor":27.0,"key":"SMITH"},{"data":"Bite","floor":32.0,"key":"SMITH"},{"data":"Heavy Blade","floor":40.0,"key":"SMITH"},{"data":"Immolate","floor":44.0,"key":"SMITH"},{"data":"Bite","floor":46.0,"key":"SMITH"},{"floor":49.0,"key":"RECALL"},{"data":"1","floor":52.0,"key":"LIFT"}],"circlet_count":0,"master_deck":["Defend_R","Defend_R+1","Defend_R+1","Defend_R+1","Bash+1","Shrug It Off+1","Body Slam+1","Limit Break+1","Bite+1","Bite","Bite","Bite+1","Bite+1","Headbutt+1","Immolate+1","Sword Boomerang+1","Heavy Blade+1","Madness","Madness","Blind","Uppercut","Clothesline+1"],"relics":["Burning Blood","Lee\u0027s Waffle","Charon\u0027s Ashes","Blue Candle","Vajra","Frozen Egg 2","Bag of Preparation","CaptainsWheel","Oddly Smooth Stone","Velvet Choker","MutagenicStrength","Red Mask","HornCleat","Membership Card","War Paint","Bronze Scales","Bottled Flame","Girya","Matryoshka","SacredBark","Boot","Pantograph","Smiling Mask","Kunai","Orichalcum","Shuriken","Pear","Nunchaku","Toy Ornithopter"],"acts_visited":["TheCity","TheBeyond","TheEnding"],"potions_floor_usage":[55,55,55,55,55],"damage_taken":[{"damage":3.0,"enemies":"Small Slimes","floor":1.0,"turns":3.0},{"damage":1.0,"enemies":"2 Louse","floor":2.0,"turns":3.0},{"damage":0.0,"enemies":"Cultist","floor":5.0,"turns":3.0},{"damage":15.0,"enemies":"Gremlin Nob","floor":6.0,"turns":4.0},{"damage":0.0,"enemies":"Exordium Thugs","floor":13.0,"turns":3.0},{"damage":68.0,"enemies":"Hexaghost","floor":16.0,"turns":11.0},{"damage":0.0,"enemies":"Chosen","floor":18.0,"turns":3.0},{"damage":4.0,"enemies":"Spheric Guardian","floor":19.0,"turns":4.0},{"damage":0.0,"enemies":"Masked Bandits","floor":22.0,"turns":3.0},{"damage":12.0,"enemies":"Gremlin Leader","floor":23.0,"turns":5.0},{"damage":6.0,"enemies":"Shelled Parasite and Fungi","floor":28.0,"turns":4.0},{"damage":16.0,"enemies":"Slavers","floor":29.0,"turns":3.0},{"damage":1.0,"enemies":"Snecko","floor":31.0,"turns":3.0},{"damage":40.0,"enemies":"Champ","floor":33.0,"turns":8.0},{"damage":7.0,"enemies":"3 Shapes","floor":35.0,"turns":3.0},{"damage":2.0,"enemies":"3 Darklings","floor":37.0,"turns":3.0},{"damage":6.0,"enemies":"4 Shapes","floor":38.0,"turns":3.0},{"damage":14.0,"enemies":"Nemesis","floor":41.0,"turns":3.0},{"damage":3.0,"enemies":"Giant Head","floor":47.0,"turns":5.0},{"damage":46.0,"enemies":"Time Eater","floor":50.0,"turns":9.0},{"damage":17.0,"enemies":"Shield and Spear","floor":54.0,"turns":5.0},{"damage":92,"enemies":"The Heart","floor":55,"turns":7}],"seed_played":"3810819752850603250","potions_obtained":[{"floor":2.0,"key":"GamblersBrew"},{"floor":5.0,"key":"BlessingOfTheForge"},{"floor":6.0,"key":"SpeedPotion"},{"floor":13.0,"key":"Block Potion"},{"floor":31.0,"key":"EntropicBrew"},{"floor":41.0,"key":"LiquidBronze"},{"floor":54.0,"key":"ElixirPotion"}],"is_trial":false,"path_per_floor":["M","M","?","?","M","E","R","T","T","R","T","$","M","?","R","B",null,"M","M","?","?","?","E","R","$","T","R","M","E","?","M","R","B",null,"M","?","M","M","?","R","E","$","T","R","$","R","E","?","R","B",null,"R","$","E","B",null],"character_chosen":"IRONCLAD","items_purchased":["Lee\u0027s Waffle","Blue Candle","Shrug It Off","Body Slam","Strength Potion","Blood Vial","Membership Card","War Paint","Bronze Scales","Block Potion","Pantograph","Kunai","Blind","Orichalcum","Pear","Nunchaku","Uppercut"],"campfire_rested":0,"item_purchase_floors":[0,0,0,0,0,12,25,25,25,25,42,45,45,45,53,53,53],"current_hp_per_floor":[87,87,75,75,81,72,72,72,72,72,72,72,80,69,69,9,87,87,87,87,87,87,87,87,87,87,87,87,81,81,87,87,67,87,87,87,87,87,76,76,77,77,77,77,77,77,87,87,87,69,87,87,97,97,22],"gold":142,"neow_bonus":"","is_daily":false,"chose_seed":false,"campfire_upgraded":9,"win_rate":0.0,"timestamp":1610937085,"path_taken":["M","M","?","?","?","E","R","?","T","R","?","?","M","?","R","BOSS","M","M","?","?","?","E","R","$","T","R","?","E","?","M","R","BOSS","M","?","?","M","?","R","E","$","T","R","$","R","E","?","R","BOSS","R","$","E","BOSS"],"items_purchased_type":["Relic","Relic","Card","Card","Potion","Relic","Relic","Relic","Relic","Potion","Relic","Relic","Card","Relic","Relic","Relic","Card"],"build_version":"2020-12-22","purchased_purges":2,"victory":true,"max_hp_per_floor":[87,87,87,87,87,87,87,87,87,87,87,87,87,87,87,87,87,87,87,87,87,87,87,87,87,87,87,87,87,87,87,87,87,87,87,87,87,87,87,87,87,87,87,87,87,87,87,87,87,87,87,87,97,97,97],"card_choices":[{"not_picked":["Burning Pact","Thunderclap","Ghostly Armor"],"picked":"SKIP","floor":1.0},{"not_picked":["Perfected Strike","Heavy Blade","Rupture"],"picked":"SKIP","floor":2.0},{"not_picked":["Heavy Blade","Infernal Blade","Body Slam"],"picked":"SKIP","floor":5.0},{"not_picked":["Entrench","Hemokinesis","True Grit"],"picked":"SKIP","floor":6.0},{"not_picked":["True Grit","Wild Strike","Flame Barrier"],"picked":"SKIP","floor":13.0},{"not_picked":["Impervious","Double Tap"],"picked":"Limit Break","floor":16.0},{"not_picked":["Ghostly Armor","Shrug It Off","Perfected Strike"],"picked":"SKIP","floor":18.0},{"not_picked":["Dark Embrace+1","Pommel Strike","Warcry+1"],"picked":"SKIP","floor":19.0},{"not_picked":["Whirlwind","Uppercut"],"picked":"Headbutt+1","floor":23.0},{"not_picked":["Wild Strike+1","Twin Strike","Havoc+1"],"picked":"SKIP","floor":28.0},{"not_picked":["Headbutt","Searing Blow","True Grit+1"],"picked":"SKIP","floor":29.0},{"not_picked":["Headbutt","Cleave","Intimidate"],"picked":"SKIP","floor":31.0},{"not_picked":["Berserk+1","Fiend Fire"],"picked":"Immolate","floor":33.0},{"not_picked":["Body Slam","Reckless Charge+1"],"picked":"Sword Boomerang+1","floor":35.0},{"not_picked":["Body Slam","Bloodletting"],"picked":"Heavy Blade","floor":37.0},{"not_picked":["Flex","Ghostly Armor+1","Entrench"],"picked":"SKIP","floor":38.0},{"not_picked":["Headbutt+1","Warcry","Brutality+1"],"picked":"SKIP","floor":41.0},{"not_picked":["Clash","Wild Strike","Sword Boomerang+1"],"picked":"SKIP","floor":47.0},{"not_picked":["Shrug It Off+1","Sentinel"],"picked":"Clothesline+1","floor":54.0}],"player_experience":1346969,"relics_obtained":[{"floor":6.0,"key":"Frozen Egg 2"},{"floor":8.0,"key":"Bag of Preparation"},{"floor":9.0,"key":"CaptainsWheel"},{"floor":11.0,"key":"Oddly Smooth Stone"},{"floor":22.0,"key":"Red Mask"},{"floor":23.0,"key":"HornCleat"},{"floor":26.0,"key":"Bottled Flame"},{"floor":29.0,"key":"Girya"},{"floor":41.0,"key":"Boot"},{"floor":43.0,"key":"Smiling Mask"},{"floor":47.0,"key":"Shuriken"},{"floor":54.0,"key":"Toy Ornithopter"}],"event_choices":[{"damage_healed":0.0,"max_hp_gain":0.0,"max_hp_loss":0.0,"gold_gain":0.0,"event_name":"Scrap Ooze","player_choice":"Success","floor":3.0,"gold_loss":0.0,"damage_taken":12.0,"relics_obtained":["Vajra"]},{"damage_healed":0.0,"max_hp_gain":0.0,"max_hp_loss":0.0,"gold_gain":0.0,"event_name":"Accursed Blacksmith","player_choice":"Forge","floor":4.0,"gold_loss":0.0,"damage_taken":0.0,"cards_upgraded":["Body Slam"]},{"damage_healed":0.0,"max_hp_gain":0.0,"max_hp_loss":0.0,"gold_gain":75.0,"event_name":"World of Goop","player_choice":"Gather Gold","floor":14.0,"gold_loss":0.0,"damage_taken":11.0},{"damage_healed":0.0,"max_hp_gain":0.0,"max_hp_loss":0.0,"gold_gain":0.0,"event_name":"Drug Dealer","player_choice":"Inject Mutagens","floor":20.0,"gold_loss":0.0,"damage_taken":0.0,"relics_obtained":["MutagenicStrength"]},{"damage_healed":0.0,"max_hp_gain":0.0,"max_hp_loss":0.0,"gold_gain":0.0,"event_name":"Vampires","player_choice":"Became a vampire (Vial)","floor":21.0,"relics_lost":["Blood Vial"],"gold_loss":0.0,"damage_taken":0.0,"cards_obtained":["Bite","Bite","Bite","Bite","Bite"]},{"damage_healed":0.0,"max_hp_gain":0.0,"max_hp_loss":0.0,"gold_gain":0.0,"event_name":"Masked Bandits","player_choice":"Fought Bandits","floor":22.0,"gold_loss":0.0,"damage_taken":0.0},{"damage_healed":0.0,"max_hp_gain":0.0,"max_hp_loss":0.0,"gold_gain":0.0,"event_name":"The Mausoleum","player_choice":"Opened","floor":30.0,"gold_loss":0.0,"damage_taken":0.0,"relics_obtained":["Matryoshka"],"cards_obtained":["Writhe"]},{"damage_healed":0.0,"max_hp_gain":0.0,"max_hp_loss":0.0,"gold_gain":275.0,"event_name":"Golden Shrine","player_choice":"Desecrate","floor":36.0,"gold_loss":0.0,"damage_taken":0.0,"cards_obtained":["Regret"]},{"damage_healed":0.0,"max_hp_gain":0.0,"max_hp_loss":0.0,"gold_gain":0.0,"event_name":"Winding Halls","player_choice":"Embrace Madness","floor":39.0,"gold_loss":0.0,"damage_taken":11.0,"cards_obtained":["Madness","Madness"]},{"damage_healed":0.0,"max_hp_gain":0.0,"max_hp_loss":0.0,"gold_gain":222.0,"event_name":"Tomb of Lord Red Mask","player_choice":"Wore Mask","floor":48.0,"gold_loss":0.0,"damage_taken":0.0}],"is_beta":false,"boss_relics":[{"not_picked":["SlaversCollar","Snecko Eye"],"picked":"Velvet Choker"},{"not_picked":["Runic Pyramid","Tiny House"],"picked":"SacredBark"}],"items_purged_floors":[42,45],"is_endless":false,"potions_floor_spawned":[2,5,6,13,18,31,33,38,41,47,54],"ascension_level":0}}