{"host":"mku5fdaoqz3qihec","time":1610942296,"event":{"mods":["2.2 Compatiblity","AchievementEnabler","Arknights The Spire","BaseMod","Colored Map","Colored Powertips","Minty Spire (QoL Compilation)","Rare Cards Sparkle","StSLib","SuperFastMode"],"gold_per_floor":[111,111,111,131,131,131,172,197,242,242,256,256,256,297,297,428,428,441,441,409,499,269,269,269],"floor_reached":23,"language":"KOR","playtime":482,"items_purged":["ats:Strike G"],"score":311,"play_id":"c47e2749-7b27-4812-b9e3-ab86cac94ee1","local_time":"20210118125816","is_ascension_mode":true,"campfire_choices":[{"data":"ats:Burning Ground","floor":6,"key":"SMITH"},{"data":"ats:Sunburst","floor":10,"key":"SMITH"},{"data":"ats:Emotion Absorption","floor":12,"key":"SMITH"},{"floor":15,"key":"REST"}],"circlet_count":0,"master_deck":["ats:Strike C","ats:Strike S","ats:Armor Crushing Shot","ats:Defend","ats:Defend","ats:Defend","ats:Defend","ats:Emotion Absorption+1","ats:Revitalization","ats:Burning Ground+1","ats:Neurotoxin","ats:Sunburst+1","ats:Shell Defense","ats:Poison Spread","ats:Disruption Kick","Ghostly","Ghostly","Ghostly","Ghostly","Ghostly","ats:Flame Of Heaven"],"relics":["ats:Sanity","NeowsBlessing","ats:Spiritual Recovery","Golden Idol","ats:Originium","Pantograph","Regal Pillow","PreservedInsect","Black Star","Strawberry"],"acts_visited":["Exordium","TheCity"],"potions_floor_usage":[14,14,16],"damage_taken":[{"damage":0,"enemies":"2 Louse","floor":1,"turns":1},{"damage":0,"enemies":"Jaw Worm","floor":4,"turns":1},{"damage":0,"enemies":"3 Sentries","floor":7,"turns":2},{"damage":2,"enemies":"Small Slimes","floor":8,"turns":4},{"damage":15,"enemies":"Looter","floor":11,"turns":3},{"damage":38,"enemies":"Lagavulin","floor":14,"turns":6},{"damage":0,"enemies":"Slime Boss","floor":16,"turns":7},{"damage":18,"enemies":"Chosen","floor":18,"turns":5},{"damage":21,"enemies":"2 Thieves","floor":20,"turns":5},{"damage":14,"enemies":"Book of Stabbing","floor":23,"turns":4}],"seed_played":"-919308939699405888","potions_obtained":[{"floor":1,"key":"Fire Potion"},{"floor":8,"key":"SteroidPotion"},{"floor":11,"key":"PowerPotion"},{"floor":14,"key":"Ancient Potion"}],"is_trial":false,"path_per_floor":["M","?","?","M","?","R","E","M","T","R","M","R","?","E","R","B",null,"M","?","M","?","$","E"],"character_chosen":"DOCTOR_CLASS","items_purchased":["Strawberry"],"campfire_rested":1,"item_purchase_floors":[22],"current_hp_per_floor":[72,77,74,74,55,55,55,56,56,56,41,41,34,10,48,76,77,59,38,19,7,14,2,2],"gold":269,"neow_bonus":"THREE_ENEMY_KILL","is_daily":false,"chose_seed":false,"campfire_upgraded":3,"win_rate":0.0,"timestamp":1610942296,"path_taken":["M","?","?","M","?","R","E","M","T","R","M","R","?","E","R","BOSS","M","?","M","?","$","E"],"items_purchased_type":["Relic"],"build_version":"2020-12-22","purchased_purges":1,"victory":false,"max_hp_per_floor":[72,77,77,77,77,77,77,77,77,77,77,77,77,77,77,77,77,77,38,38,38,45,45,45],"card_choices":[{"not_picked":["ats:Childhood Dance","ats:Poison Spread"],"picked":"ats:Revitalization","floor":1},{"not_picked":["ats:Sword Rain","ats:Charging Defense"],"picked":"ats:Burning Ground","floor":4},{"not_picked":["ats:Poison Spread","ats:Flexible Camouflage"],"picked":"ats:Neurotoxin","floor":7},{"not_picked":["ats:Blood Oath","ats:Automatic Cover"],"picked":"ats:Sunburst","floor":8},{"not_picked":["ats:Childhood Dance","ats:Hammer On"],"picked":"ats:Shell Defense","floor":11},{"not_picked":["ats:Explosion Area Strengthen","ats:Assault Order"],"picked":"ats:Poison Spread","floor":14},{"not_picked":["ats:Calcification","ats:Durian"],"picked":"ats:Disruption Kick","floor":16},{"not_picked":["ats:Composite Medical Shells","ats:Blood Oath","ats:Assault Order+1"],"picked":"SKIP","floor":18},{"not_picked":["ats:Childhood Dance+1","ats:Leaping Hammer"],"picked":"ats:Flame Of Heaven","floor":20}],"player_experience":252923,"relics_obtained":[{"floor":7,"key":"ats:Originium"},{"floor":7,"key":"Pantograph"},{"floor":9,"key":"Regal Pillow"},{"floor":14,"key":"ats:Originium"},{"floor":14,"key":"PreservedInsect"}],"event_choices":[{"damage_healed":0,"gold_gain":0,"player_choice":"Donut","damage_taken":0,"max_hp_gain":5,"max_hp_loss":0,"event_name":"Big Fish","floor":2,"gold_loss":0},{"damage_healed":0,"gold_gain":0,"player_choice":"Success","damage_taken":3,"relics_obtained":["ats:Spiritual Recovery"],"max_hp_gain":0,"max_hp_loss":0,"event_name":"Scrap Ooze","floor":3,"gold_loss":0},{"damage_healed":0,"gold_gain":0,"player_choice":"Take Damage","damage_taken":19,"relics_obtained":["Golden Idol"],"max_hp_gain":0,"max_hp_loss":0,"event_name":"Golden Idol","floor":5,"gold_loss":0},{"cards_removed":["ats:Strike V"],"damage_healed":0,"gold_gain":0,"player_choice":"Card Removal","damage_taken":7,"max_hp_gain":0,"max_hp_loss":0,"event_name":"Golden Wing","floor":13,"gold_loss":0},{"damage_healed":0,"gold_gain":0,"player_choice":"Became a Ghost","damage_taken":0,"max_hp_gain":0,"max_hp_loss":39,"event_name":"Ghosts","floor":19,"gold_loss":0,"cards_obtained":["Ghostly","Ghostly","Ghostly","Ghostly","Ghostly"]},{"damage_healed":0,"gold_gain":90,"player_choice":"GOLD ","damage_taken":12,"max_hp_gain":0,"max_hp_loss":0,"event_name":"Knowing Skull","floor":21,"potions_obtained":[],"gold_loss":0,"cards_obtained":[]}],"is_beta":false,"boss_relics":[{"not_picked":["Coffee Dripper","Philosopher\u0027s Stone"],"picked":"Black Star"}],"items_purged_floors":[22],"is_endless":false,"potions_floor_spawned":[1,8,11,14],"killed_by":"Book of Stabbing","ascension_level":1}}