{"host":"yfrzjlps46tkbs82","time":1610967638,"event":{"mods":["Aspiration","BaseMod","BetterRewards","Dota2Spire","Hubris","Lobotomy","Marisa£®ÏF”Í°°ƒß¿Ì…≥£©","Minty Spire (QoL Compilation)","MostiFishMod","Replay The Spire","StSLib","SuperFastMode","TestMod","The Alterego","[IsaacMod]“‘»ˆº‚À˛"],"gold_per_floor":[116,116,128,128,128,128,158,158,158,83,101,101,131,145,145,249,249,264,274,289,289,289,289,289,307,356,373,29,91,91,110,110,207,207,218,238,238,292,292,292,324,334,334,354,384,75,91,101,101,41],"floor_reached":51,"language":"ZHS","playtime":1559,"items_purged":["alterego_mod:Strike","alterego_mod:Impale+1","alterego_mod:Defend"],"score":607,"play_id":"35029c4c-23ed-4fd8-a9dd-755ecc9da2eb","local_time":"20210118190038","is_ascension_mode":false,"campfire_choices":[{"data":"alterego_mod:Impale","floor":6,"key":"SMITH"},{"data":"alterego_mod:BiFurious","floor":8,"key":"SMITH"},{"data":"alterego_mod:PerceptionDisorder","floor":12,"key":"SMITH"},{"data":"alterego_mod:BigMeatyClaws","floor":15,"key":"SMITH"},{"data":"alterego_mod:PainIsPleasure","floor":23,"key":"SMITH"},{"data":"Pot Of Greed","floor":30,"key":"SMITH"},{"data":"alterego_mod:Birthday","floor":32,"key":"SMITH"},{"data":"ReplayTheSpireMod:Faulty Equipment","floor":40,"key":"SMITH"},{"data":"alterego_mod:STier","floor":49,"key":"SMITH"}],"circlet_count":0,"master_deck":["alterego_mod:Strike","alterego_mod:Strike","alterego_mod:Defend","alterego_mod:Defend","alterego_mod:Defend","alterego_mod:BigMeatyClaws+1","alterego_mod:BrynhildrsRune","MostiFishMod:SupremeArchaeology+1","alterego_mod:BiFurious+1","alterego_mod:Pet","alterego_mod:PerceptionDisorder+1","alterego_mod:Birthday+1","alterego_mod:STier+1","alterego_mod:GachaTicket+1","alterego_mod:PainIsPleasure+1","alterego_mod:Nekomimi+1","Pot Of Greed","Pot Of Greed+1","alterego_mod:BeGentle+1","alterego_mod:1TonWallop+1","alterego_mod:TrashNCrash+1","alterego_mod:MagicResistance+1","MostiFishMod:StoryBook","Pot Of Greed"],"relics":["alterego_mod:MasochisticConstitution","DaveBox","testmod-TestBox","HushsDoor","HowToJump","testmod-ObsoleteBoomerang","SynthV:TestCard","hubris:Icosahedron","Dota2Spire:Satanic","hubris:MysteriousPyramids","RhineFirstAidKit","Oddly Smooth Stone","Grinning Jar","ReplayTheSpireMod:Ninjato","testmod-Nine","CatCart","MealTicket","Replay:WaspNest","hubris:SphereOfDissonance"],"acts_visited":["Exordium","TheCity","TheBeyond"],"potions_floor_usage":[14,50,50,50],"damage_taken":[{"damage":0,"enemies":"Cultist","floor":1,"turns":3},{"damage":7,"enemies":"2 Louse","floor":3,"turns":2},{"damage":0,"enemies":"Jaw Worm","floor":11,"turns":2},{"damage":19,"enemies":"Lagavulin","floor":13,"turns":3},{"damage":0,"enemies":"Exordium Wildlife","floor":14,"turns":1},{"damage":36,"enemies":"The Guardian","floor":16,"turns":7},{"damage":0,"enemies":"2 Thieves","floor":18,"turns":2},{"damage":0,"enemies":"Chosen","floor":19,"turns":2},{"damage":15,"enemies":"Snake Plant","floor":20,"turns":3},{"damage":0,"enemies":"3 Cultists","floor":25,"turns":4},{"damage":0,"enemies":"Centurion and Healer","floor":27,"turns":3},{"damage":14,"enemies":"Snake Plant","floor":31,"turns":2},{"damage":16,"enemies":"Champ","floor":33,"turns":6},{"damage":1,"enemies":"Orb Walker","floor":35,"turns":2},{"damage":9,"enemies":"3 Darklings","floor":36,"turns":2},{"damage":16,"enemies":"Orin","floor":38,"turns":4},{"damage":2,"enemies":"Nemesis","floor":41,"turns":6},{"damage":10,"enemies":"4 Shapes","floor":42,"turns":2},{"damage":45,"enemies":"Writhing Mass","floor":44,"turns":4},{"damage":48,"enemies":"Reptomancer","floor":45,"turns":4},{"damage":12,"enemies":"Maw","floor":47,"turns":1},{"damage":32,"enemies":"Transient","floor":48,"turns":4},{"damage":28,"enemies":"Replay:Hell Engine","floor":50,"turns":3}],"seed_played":"76248929413618638","potions_obtained":[{"floor":1,"key":"FairyPotion"},{"floor":11,"key":"PowerPotion"},{"floor":14,"key":"testmod-SpacePotion"},{"floor":18,"key":"DuplicationPotion"},{"floor":19,"key":"LifebloodPotion"}],"is_trial":false,"path_per_floor":["M","?","M","?","?","R","?","R","T","$","M","R","E","M","R","B",null,"M","M","M","?","?","R","?","M","T","M","$","?","R","M","R","B",null,"M","M","?","?","?","R","E","M","T","M","E","$","M","M","R","B",null],"character_chosen":"The_Alterego","items_purchased":["alterego_mod:STier","ReplayTheSpireMod:Ninjato","MostiFishMod:StoryBook"],"campfire_rested":0,"item_purchase_floors":[17,28,46],"current_hp_per_floor":[70,70,64,64,64,64,47,47,47,47,47,47,29,30,30,16,70,70,70,56,41,41,41,41,61,61,71,71,56,56,45,45,73,73,73,65,65,53,53,53,73,67,67,41,54,69,61,53,53,83],"gold":41,"neow_bonus":"RANDOM_COLORLESS","is_daily":false,"chose_seed":false,"campfire_upgraded":9,"win_rate":0.0,"timestamp":1610967638,"path_taken":["M","?","?","?","?","R","?","R","T","$","M","R","E","?","R","BOSS","M","M","M","?","?","R","?","M","T","M","$","?","R","M","R","BOSS","M","M","?","?","?","R","E","?","T","?","E","$","M","M","R","BOSS"],"items_purchased_type":["Card","Relic","Card"],"build_version":"2020-12-22","purchased_purges":3,"victory":true,"max_hp_per_floor":[70,70,71,71,71,71,71,71,71,71,71,71,72,73,73,74,70,70,70,71,71,71,71,71,71,71,71,71,71,71,72,72,73,73,74,75,75,76,76,76,77,78,78,79,80,80,81,82,82,83],"card_choices":[{"not_picked":["Bandage Up","Bomb"],"picked":"MostiFishMod:SupremeArchaeology","floor":0},{"not_picked":["alterego_mod:GoddessCore","alterego_mod:Cycle"],"picked":"alterego_mod:BiFurious","floor":1},{"not_picked":["alterego_mod:Belle","alterego_mod:1TonWallop","alterego_mod:Cooking","alterego_mod:HighServant"],"picked":"alterego_mod:Pet","floor":3},{"not_picked":["alterego_mod:GoddessCore","alterego_mod:Rip","alterego_mod:SakuraFive","Bomb"],"picked":"alterego_mod:PerceptionDisorder","floor":11},{"not_picked":["alterego_mod:Complex","alterego_mod:Jiggle","alterego_mod:Support","alterego_mod:BusterCard"],"picked":"alterego_mod:Birthday","floor":13},{"not_picked":["alterego_mod:DustData","alterego_mod:BoobPocket","alterego_mod:Skirt","alterego_mod:Clap"],"picked":"Bomb","floor":14},{"not_picked":["alterego_mod:Santa","alterego_mod:Smother","alterego_mod:Bunnysuit","alterego_mod:GoddessCore","alterego_mod:1TonWallop"],"picked":"SKIP","floor":18},{"not_picked":["alterego_mod:BusterCard","alterego_mod:SakuraFive","alterego_mod:Cooking+1","alterego_mod:1TonWallop","alterego_mod:Skirt"],"picked":"SKIP","floor":19},{"not_picked":["alterego_mod:Cooking","alterego_mod:Undulate","alterego_mod:Bounce","alterego_mod:Rip"],"picked":"alterego_mod:GachaTicket+1","floor":20},{"not_picked":["alterego_mod:Skirt","alterego_mod:Bloomers+1","alterego_mod:DiscoLights","alterego_mod:Cycle"],"picked":"alterego_mod:Nekomimi+1","floor":25},{"not_picked":["alterego_mod:1TonWallop","alterego_mod:Complex+1","alterego_mod:PresenceConcealment","alterego_mod:TrashNCrash","alterego_mod:Valentines"],"picked":"SKIP","floor":27},{"not_picked":["alterego_mod:Cooking","alterego_mod:PresenceConcealment+1","alterego_mod:Skirt","alterego_mod:SakuraLabyrinth+1"],"picked":"alterego_mod:BeGentle+1","floor":31},{"not_picked":["alterego_mod:Pet","alterego_mod:Complex+1","alterego_mod:Punishment","alterego_mod:SakuraLabyrinth+1","alterego_mod:Mirror"],"picked":"SKIP","floor":35},{"not_picked":["alterego_mod:Rip","alterego_mod:Clap","alterego_mod:Antipathy","alterego_mod:MagicResistance"],"picked":"alterego_mod:1TonWallop+1","floor":36},{"not_picked":["alterego_mod:DiscoLights+1","alterego_mod:Pet","alterego_mod:Valentines","alterego_mod:Punishment"],"picked":"alterego_mod:TrashNCrash+1","floor":38},{"not_picked":["alterego_mod:Skirt","alterego_mod:DiscoLights+1","alterego_mod:1TonWallop","alterego_mod:Valentines+1","alterego_mod:Nekomimi+1"],"picked":"SKIP","floor":41},{"not_picked":["alterego_mod:Complex+1","alterego_mod:RidiculouslyBig+1","alterego_mod:BiFurious","alterego_mod:RocketPunch+1","alterego_mod:Stockings"],"picked":"SKIP","floor":42},{"not_picked":["alterego_mod:Rip+1","alterego_mod:Santa+1","alterego_mod:Schoolgirl+1","alterego_mod:BiFurious"],"picked":"alterego_mod:MagicResistance+1","floor":44},{"not_picked":["alterego_mod:Maid+1","alterego_mod:Cooking","alterego_mod:Complex+1","alterego_mod:BustOut+1","alterego_mod:SakuraLabyrinth"],"picked":"SKIP","floor":45},{"not_picked":["alterego_mod:Santa","alterego_mod:Bunnysuit+1","alterego_mod:GachaTicket","alterego_mod:Bloomers+1","alterego_mod:Clap+1"],"picked":"SKIP","floor":47},{"not_picked":["alterego_mod:Exercise","alterego_mod:Cycle+1","alterego_mod:PerceptionDisorder","alterego_mod:GIGAMILK","alterego_mod:Pet+1"],"picked":"SKIP","floor":48}],"player_experience":245800,"relics_obtained":[{"floor":1,"key":"SynthV:TestCard"},{"floor":7,"key":"Dota2Spire:Satanic"},{"floor":13,"key":"hubris:MysteriousPyramids"},{"floor":26,"key":"Grinning Jar"},{"floor":38,"key":"CatCart"},{"floor":41,"key":"MealTicket"},{"floor":43,"key":"Replay:WaspNest"},{"floor":45,"key":"hubris:SphereOfDissonance"}],"event_choices":[{"damage_healed":0,"gold_gain":0,"cards_transformed":["alterego_mod:Strike"],"player_choice":"Transformed","damage_taken":0,"max_hp_gain":0,"max_hp_loss":0,"event_name":"Transmorgrifier","floor":22,"gold_loss":0,"cards_obtained":["alterego_mod:PainIsPleasure"]},{"damage_healed":0,"gold_gain":0,"player_choice":"0 cards matched","damage_taken":0,"max_hp_gain":0,"max_hp_loss":0,"event_name":"Match and Keep!","floor":37,"gold_loss":0,"cards_obtained":[]},{"damage_healed":0,"gold_gain":0,"player_choice":"Fight","damage_taken":0,"max_hp_gain":0,"max_hp_loss":0,"event_name":"OrinTheCat","floor":38,"gold_loss":0},{"damage_healed":0,"gold_gain":0,"player_choice":"Memory 1","damage_taken":0,"max_hp_gain":0,"max_hp_loss":0,"event_name":"SensoryStone","floor":39,"gold_loss":0}],"is_beta":false,"boss_relics":[{"not_picked":["Coffee Dripper","Snecko Eye"],"picked":"RhineFirstAidKit"},{"not_picked":[]},{"not_picked":["testmod-StringDisintegrator","aspiration:SilentSkillbook"],"picked":"testmod-Nine"},{"not_picked":[]}],"items_purged_floors":[10,28,46],"is_endless":false,"potions_floor_spawned":[1,11,14,18,19,20,33,36,38,48],"ascension_level":0}}