{"host":"45go8t6659233n49","time":1610951558,"event":{"mods":["AchievementEnabler","BaseMod","Colored Map","Downfall","Duelist Mod","GifTheSpireLib","Infinite Spire","Minty Spire (QoL Compilation)","StSLib"],"gold_per_floor":[99,113,288,304,304,404,404,504,515,529,529,544,63,63,82,186,186,186,198,216,216,229,329,383,397,415,432,466,492,516,52,69,170,170,70,84,101,101,118,118,118,218,237,251,151,162,162,179,191,288,288,288,288],"floor_reached":51,"language":"ENG","playtime":5442,"items_purged":["downfall:Malfunctioning","Doubt"],"score":717,"play_id":"96d83c4d-0460-47fa-8c6a-0f185f89ae1b","local_time":"20210118173238","is_ascension_mode":false,"campfire_choices":[{"data":"Slimebound:Split","floor":1.0,"key":"SMITH"},{"data":"Slimebound:MassRepurpose","floor":11.0,"key":"SMITH"},{"floor":18.0,"key":"RECALL"},{"data":"Slimebound:Teamwork","floor":35.0,"key":"SMITH"},{"data":"Slimebound:SelfFormingGoo","floor":45,"key":"SMITH"},{"data":"Slimebound:LevelUp","floor":47,"key":"SMITH"}],"circlet_count":0,"master_deck":["Slimebound:Tackle","Slimebound:Defend_Slimebound+1","Slimebound:Split+1","Slimebound:CorrosiveSpit","Slimebound:OneTwoCombo+1","Slimebound:SlimeTap+1","Slimebound:SplitAcid","Slimebound:ServeAndProtect","Slimebound:SplitLeeching","Slimebound:MassRepurpose+1","Slimebound:GoopSpray","Slimebound:SplitBruiser","Slimebound:SplitMire","Slimebound:Gluttony+1","Slimebound:Schlurp","Slimebound:GoopTackle","Slimebound:SplitMire","Slimebound:SplitMire","Slimebound:MinionMaster","Slimebound:LeechEnergy","Slimebound:ItLooksTasty+1","Slimebound:LeechingTouch","J.A.X.","Slimebound:Prepare","Slimebound:LeechingTouch","Slimebound:SplitLeeching+1","Slimebound:SplitBruiser+1","Slimebound:MegaLick","Slimebound:LeadByExample","Slimebound:LevelUp+1","Slimebound:FlameTackle","Slimebound:Teamwork+1","Slimebound:WasteNot","Slimebound:SamplingLick+1","Slimebound:GoopSpray","infinitespire:TheBestDefense","infinitespire:FutureSight","Slimebound:SelfFormingGoo+1","Slimebound:SplitMire","Slimebound:LeechingTouch+1","Slimebound:Overexert","CurseOfTheBell"],"relics":["Slimebound:AbsorbEndCombatUpgraded","infinitespire:EmpoweringShard","Matryoshka","Slimebound:SelfDamagePreventRelic","MutagenicStrength","Vajra","Nunchaku","Red Mask","Akabeko","Oddly Smooth Stone","Ice Cream","Busted Crown","downfall:HeartBlessingRed","Darkstone Periapt","infinitespire:CursedDice","downfall:HeartBlessingBlue","Calling Bell","Pen Nib","Meat on the Bone","Incense Burner"],"acts_visited":["Exordium","TheCity","TheBeyond","Exordium"],"potions_floor_usage":[50,50,50],"damage_taken":[{"damage":1.0,"enemies":"Cultist","floor":2.0,"turns":3.0},{"damage":3.0,"enemies":"Small Slimes","floor":4.0,"turns":3.0},{"damage":25.0,"enemies":"downfall:Heads","floor":8.0,"turns":5.0},{"damage":9.0,"enemies":"2 Louse","floor":9.0,"turns":2.0},{"damage":0.0,"enemies":"2 Fungi Beasts","floor":10.0,"turns":3.0},{"damage":0.0,"enemies":"Exordium Wildlife","floor":12.0,"turns":2.0},{"damage":1.0,"enemies":"downfall:FleeingMerchant","floor":13.0,"turns":4.0},{"damage":1.0,"enemies":"Blue Slaver","floor":15.0,"turns":3.0},{"damage":5.0,"enemies":"IC_STATUS_ARCHETYPE","floor":16.0,"turns":5.0},{"damage":0.0,"enemies":"Spheric Guardian","floor":19.0,"turns":3.0},{"damage":19.0,"enemies":"3 Cultists","floor":20.0,"turns":4.0},{"damage":11.0,"enemies":"Centurion and Healer","floor":22.0,"turns":3.0},{"damage":30.0,"enemies":"downfall:Augmenter","floor":23.0,"turns":5.0},{"damage":12.0,"enemies":"Shelled Parasite and Fungi","floor":25.0,"turns":3.0},{"damage":13.0,"enemies":"Cultist and Chosen","floor":26.0,"turns":4.0},{"damage":6.0,"enemies":"Snake Plant","floor":27.0,"turns":3.0},{"damage":4.0,"enemies":"Masked Bandits","floor":28.0,"turns":2.0},{"damage":22.0,"enemies":"theDuelist:KaibaA2","floor":29.0,"turns":5.0},{"damage":0.0,"enemies":"downfall:FleeingMerchant","floor":31.0,"turns":4.0},{"damage":3.0,"enemies":"Snecko","floor":32.0,"turns":2.0},{"damage":15.0,"enemies":"SI_MIRROR_ARCHETYPE","floor":33.0,"turns":6.0},{"damage":7.0,"enemies":"Orb Walker","floor":36.0,"turns":2.0},{"damage":16.0,"enemies":"3 Shapes","floor":37.0,"turns":3.0},{"damage":3.0,"enemies":"Sphere and 2 Shapes","floor":39.0,"turns":4.0},{"damage":9.0,"enemies":"infinitespire:Three Voidlings","floor":42.0,"turns":2.0},{"damage":50.0,"enemies":"Nightmare_Alpha","floor":42.0,"turns":12.0},{"damage":1,"enemies":"Writhing Mass","floor":43,"turns":5},{"damage":8,"enemies":"Maw","floor":44,"turns":5},{"damage":25,"enemies":"4 Shapes","floor":46,"turns":5},{"damage":12,"enemies":"Jaw Worm Horde","floor":48,"turns":4},{"damage":13,"enemies":"3 Darklings","floor":49,"turns":4},{"damage":62,"enemies":"DF_ARCHETYPE_ORBS","floor":50,"turns":7}],"seed_played":"-7245963858911469862","potions_obtained":[{"floor":2.0,"key":"Ancient Potion"},{"floor":9.0,"key":"Explosive Potion"},{"floor":10.0,"key":"ColorlessPotion"},{"floor":22.0,"key":"SkillPotion"},{"floor":23.0,"key":"hexamod:SoulburnPotion"},{"floor":25.0,"key":"SmokeBomb"},{"floor":28.0,"key":"FearPotion"},{"floor":29.0,"key":"Dexterity Potion"},{"floor":33.0,"key":"infinitespire:BlackPotion"},{"floor":36.0,"key":"DuplicationPotion"},{"floor":43,"key":"Fire Potion"},{"floor":49,"key":"ColorlessPotion"},{"floor":50,"key":"BlessingOfTheForge"}],"is_trial":false,"path_per_floor":["R","M","?","M","?","?","T","?","M","M","R","M","$","?","M","B",null,"R","M","M","AVR","M","?","T","M","M","M","?","E","T","$","M","B",null,"R","M","M","?","M","AVR","T","?","M","M","R","M","R","M","M","B",null],"character_chosen":"SLIMEBOUND","items_purchased":["Slimebound:Gluttony","Matryoshka","Slimebound:Schlurp","Slimebound:GoopTackle","Slimebound:SplitMire","Ice Cream","Slimebound:FlameTackle"],"campfire_rested":0,"item_purchase_floors":[13,13,13,13,13,31,31],"current_hp_per_floor":[65,65,65,62,62,62,62,39,31,33,33,33,36,36,37,35,65,65,65,53,53,52,32,32,32,27,23,27,7,7,19,22,27,65,65,64,54,54,61,61,61,26,33,47,57,40,40,36,41,27,81,81,81],"gold":288,"neow_bonus":"TRANSFORM_CARD","is_daily":false,"chose_seed":false,"campfire_upgraded":5,"win_rate":0.0,"timestamp":1610951558,"path_taken":["R","M","?","M","?","?","T","?","M","M","R","M","$","?","M","BOSS","R","M","M","AVR","M","?","T","M","M","M","?","E","?","$","M","BOSS","R","M","M","?","?","AVR","T","?","M","M","R","M","R","M","M","BOSS"],"items_purchased_type":["Card","Relic","Card","Card","Card","Relic","Card"],"build_version":"2020-12-22","purchased_purges":2,"victory":false,"max_hp_per_floor":[65,65,65,65,65,65,65,65,65,65,65,65,65,65,65,65,65,65,65,65,65,65,65,65,65,65,65,65,65,65,65,65,65,65,65,65,65,65,65,65,65,65,65,65,75,75,75,75,75,75,81,81,81],"card_choices":[{"not_picked":["Slimebound:ItLooksTasty","Slimebound:SamplingLick"],"picked":"Slimebound:SlimeTap","floor":2.0},{"not_picked":["Slimebound:Nibble","Slimebound:GoopTackle"],"picked":"Slimebound:SplitAcid","floor":4.0},{"not_picked":["Slimebound:FinishingTackle","Slimebound:SlimeSpikes"],"picked":"Slimebound:SplitLeeching","floor":8.0},{"not_picked":["Slimebound:ServeAndProtect","Slimebound:SlimeBarrage"],"picked":"Slimebound:MassRepurpose","floor":9.0},{"not_picked":["Slimebound:GrowthPunch","Slimebound:FormOfPuddle"],"picked":"Slimebound:GoopSpray","floor":10.0},{"not_picked":["Slimebound:ServeAndProtect","Slimebound:Prepare"],"picked":"Slimebound:SplitBruiser","floor":12.0},{"not_picked":["Slimebound:GoopTackle","Slimebound:SlimeSpikes"],"picked":"Slimebound:SplitMire","floor":13.0},{"not_picked":["Slimebound:Grow","Slimebound:SlimeSlap"],"picked":"Slimebound:SplitMire","floor":15.0},{"not_picked":["Slimebound:MassRepurpose","Slimebound:PrepareCrush"],"picked":"Slimebound:MinionMaster","floor":16.0},{"not_picked":["Slimebound:FinishingTackle","Slimebound:ComboTackle"],"picked":"Slimebound:LeechEnergy","floor":19.0},{"not_picked":["Slimebound:FormOfPuddle","Slimebound:Prepare"],"picked":"Slimebound:ItLooksTasty+1","floor":20.0},{"not_picked":["Slimebound:SlimeSpikes","Slimebound:PressTheAttack"],"picked":"Slimebound:LeechingTouch","floor":22.0},{"not_picked":[],"picked":"J.A.X.","floor":23.0},{"not_picked":["Slimebound:LeechEnergy","Slimebound:Equalize"],"picked":"Slimebound:SplitLeeching+1","floor":23.0},{"not_picked":["Slimebound:FirmFortitude","Slimebound:Replication"],"picked":"Slimebound:SplitBruiser+1","floor":25.0},{"not_picked":["Slimebound:ItLooksTasty","Slimebound:LivingWall"],"picked":"Slimebound:MegaLick","floor":26.0},{"not_picked":["Slimebound:RollThrough","Slimebound:ItLooksTasty+1","Slimebound:LeechingTouch"],"picked":"SKIP","floor":27.0},{"not_picked":["Slimebound:SlimeBarrage","Slimebound:SplitBruiser+1"],"picked":"Slimebound:LeadByExample","floor":28.0},{"not_picked":["Slimebound:SlimeTap+1","Slimebound:SlimeSpikes"],"picked":"Slimebound:LevelUp","floor":29.0},{"not_picked":["Slimebound:Gluttony+1","Slimebound:SplitBruiser","Slimebound:GoopTackle"],"picked":"SKIP","floor":31.0},{"not_picked":["Slimebound:Prepare","Slimebound:SplitBruiser"],"picked":"Slimebound:Teamwork","floor":32.0},{"not_picked":["Slimebound:MassRepurpose","Slimebound:FirmFortitude"],"picked":"Slimebound:WasteNot","floor":33.0},{"not_picked":[],"picked":"Slimebound:SamplingLick+1","floor":36.0},{"not_picked":[],"picked":"Slimebound:GoopSpray","floor":37.0},{"not_picked":["Slimebound:LeechEnergy"],"picked":"SKIP","floor":39.0},{"not_picked":["infinitespire:Oblivion","infinitespire:SealOfDarkness+"],"picked":"infinitespire:FutureSight","floor":42},{"not_picked":[],"picked":"Slimebound:SelfFormingGoo","floor":43},{"not_picked":[],"picked":"Slimebound:SplitMire","floor":44},{"not_picked":["Slimebound:PressTheAttack+1"],"picked":"SKIP","floor":46},{"not_picked":[],"picked":"Slimebound:LeechingTouch+1","floor":48},{"not_picked":["Slimebound:RollThrough+1"],"picked":"SKIP","floor":49},{"not_picked":[],"picked":"Slimebound:Overexert","floor":50}],"player_experience":279439,"relics_obtained":[{"floor":7.0,"key":"infinitespire:EmpoweringShard"},{"floor":23.0,"key":"MutagenicStrength"},{"floor":24.0,"key":"Vajra"},{"floor":24.0,"key":"Nunchaku"},{"floor":28.0,"key":"Red Mask"},{"floor":29.0,"key":"Akabeko"},{"floor":30.0,"key":"Oddly Smooth Stone"},{"floor":41.0,"key":"Darkstone Periapt"},{"floor":42,"key":"infinitespire:CursedDice"},{"floor":51,"key":"Pen Nib"},{"floor":51,"key":"Meat on the Bone"},{"floor":51,"key":"Incense Burner"}],"event_choices":[{"damage_healed":0.0,"max_hp_gain":0.0,"max_hp_loss":0.0,"gold_gain":0.0,"event_name":"Masked Bandits","player_choice":"Fought Bandits","floor":28.0,"gold_loss":0.0,"damage_taken":0.0},{"damage_healed":0.0,"max_hp_gain":0.0,"max_hp_loss":0.0,"gold_gain":0.0,"event_name":"NoteForYourself","player_choice":"Ignored","floor":38.0,"gold_loss":0.0,"damage_taken":0.0},{"damage_healed":0,"gold_gain":0,"player_choice":"Ignored","damage_taken":0,"max_hp_gain":0,"max_hp_loss":0,"event_name":"NoteForYourself","floor":42,"gold_loss":0}],"is_beta":false,"boss_relics":[{"not_picked":["Slimebound:TarBlob","Cursed Key"],"picked":"Slimebound:AbsorbEndCombatUpgraded"},{"not_picked":["SacredBark","Empty Cage"],"picked":"Busted Crown"},{"not_picked":["Astrolabe","Snecko Eye"],"picked":"Calling Bell"}],"items_purged_floors":[21,31],"is_endless":true,"potions_floor_spawned":[2,9,10,22,23,25,28,29,33,36,39,43,49,50],"ascension_level":0}}