{"host":"q50ttuv713gicbhz","time":1610992700,"event":{"mods":["AchievementEnabler","BaseMod","Bestiary","Minty Spire (QoL Compilation)"],"gold_per_floor":[115,80,99,116,66,95,95,127,127,127,127,137,153,183,183,286,286,299,76,107,107,7,7,19,19,70,70,70,83,83,83],"floor_reached":30,"language":"ENG","playtime":1392,"items_purged":["Strike_R","Havoc+1"],"score":258,"play_id":"76cabfc3-dac0-47a3-8ff0-00065b33287d","local_time":"20210118195820","is_ascension_mode":true,"campfire_choices":[{"data":"Inflame","floor":7,"key":"SMITH"},{"data":"Pommel Strike","floor":11,"key":"SMITH"},{"data":"Flex","floor":15,"key":"SMITH"},{"data":"Limit Break","floor":23,"key":"SMITH"},{"data":"Pummel","floor":25,"key":"SMITH"},{"floor":28,"key":"REST"}],"circlet_count":0,"master_deck":["Strike_R","Defend_R","Defend_R","Defend_R","Defend_R","Bash","Pummel+1","Inflame+1","Flex+1","Clash","Pommel Strike+1","Cleave","Rage","Feel No Pain+1","Limit Break+1","Rupture+1","Bloodletting","Headbutt+1","True Grit+1","Twin Strike"],"relics":["Burning Blood","NeowsBlessing","Omamori","Frozen Egg 2","Toy Ornithopter","Happy Flower","Empty Cage","Red Mask","Darkstone Periapt","Orichalcum","InkBottle"],"acts_visited":["Exordium","TheCity"],"potions_floor_usage":[8,14],"damage_taken":[{"damage":0,"enemies":"Cultist","floor":1,"turns":1},{"damage":0,"enemies":"2 Louse","floor":3,"turns":1},{"damage":0,"enemies":"Jaw Worm","floor":4,"turns":1},{"damage":28,"enemies":"Gremlin Nob","floor":6,"turns":4},{"damage":20,"enemies":"Lagavulin","floor":8,"turns":5},{"damage":0,"enemies":"Exordium Wildlife","floor":12,"turns":2},{"damage":9,"enemies":"Blue Slaver","floor":13,"turns":3},{"damage":13,"enemies":"3 Sentries","floor":14,"turns":6},{"damage":7,"enemies":"Slime Boss","floor":16,"turns":8},{"damage":10,"enemies":"3 Byrds","floor":18,"turns":4},{"damage":69,"enemies":"Masked Bandits","floor":20,"turns":6},{"damage":4,"enemies":"Chosen","floor":24,"turns":4},{"damage":34,"enemies":"Snake Plant","floor":29,"turns":6},{"damage":16,"enemies":"Chosen and Byrds","floor":30,"turns":6}],"seed_played":"3633706534840083493","potions_obtained":[{"floor":1,"key":"BlessingOfTheForge"},{"floor":8,"key":"GamblersBrew"},{"floor":16,"key":"ElixirPotion"},{"floor":29,"key":"Explosive Potion"}],"is_trial":false,"path_per_floor":["M","$","M","M","?","E","R","E","T","?","R","M","M","E","R","B",null,"M","$","?","?","$","R","M","R","T","T","R","M","M"],"character_chosen":"IRONCLAD","items_purchased":["Inflame","Rupture+1","Bloodletting"],"campfire_rested":1,"item_purchase_floors":[2,19,19],"current_hp_per_floor":[80,80,80,80,80,58,58,44,44,64,64,70,67,65,65,64,80,76,76,13,13,13,13,15,15,15,15,39,11,0,0],"gold":83,"neow_bonus":"THREE_ENEMY_KILL","is_daily":false,"chose_seed":false,"campfire_upgraded":5,"win_rate":0.0,"timestamp":1610992700,"path_taken":["M","$","?","M","?","E","R","E","T","?","R","?","M","E","R","BOSS","M","$","?","?","?","R","M","R","T","?","R","M","M"],"items_purchased_type":["Card","Card","Card"],"build_version":"2020-12-22","purchased_purges":2,"victory":false,"max_hp_per_floor":[80,80,80,80,80,80,80,80,80,80,80,80,80,80,80,80,80,80,80,80,80,80,80,80,80,80,80,80,80,80,80],"card_choices":[{"not_picked":["Battle Trance","Wild Strike"],"picked":"Pummel","floor":1},{"not_picked":["Body Slam","Warcry"],"picked":"Flex","floor":3},{"not_picked":["Clothesline","Havoc"],"picked":"Clash","floor":4},{"not_picked":["Clothesline","Havoc","Second Wind"],"picked":"SKIP","floor":6},{"not_picked":["Pummel","Perfected Strike"],"picked":"Pommel Strike","floor":8},{"not_picked":["Pummel","Flex"],"picked":"Cleave","floor":12},{"not_picked":["Searing Blow","Carnage"],"picked":"Rage","floor":13},{"not_picked":["Reckless Charge","Seeing Red"],"picked":"Feel No Pain+1","floor":14},{"not_picked":["Impervious","Corruption+1"],"picked":"Limit Break","floor":16},{"not_picked":["Dark Embrace+1","Clash"],"picked":"Havoc+1","floor":18},{"not_picked":["Clash","Sword Boomerang"],"picked":"Headbutt+1","floor":20},{"not_picked":["Sever Soul+1","Flex"],"picked":"True Grit+1","floor":24},{"not_picked":["Warcry","Second Wind"],"picked":"Twin Strike","floor":29}],"player_experience":104660,"relics_obtained":[{"floor":6,"key":"Omamori"},{"floor":8,"key":"Frozen Egg 2"},{"floor":9,"key":"Toy Ornithopter"},{"floor":14,"key":"Happy Flower"},{"floor":20,"key":"Red Mask"},{"floor":26,"key":"Orichalcum"},{"floor":27,"key":"InkBottle"}],"event_choices":[{"cards_removed":["Strike_R"],"damage_healed":0,"gold_gain":0,"player_choice":"Card Removal","damage_taken":0,"max_hp_gain":0,"max_hp_loss":0,"event_name":"The Cleric","floor":5,"gold_loss":50},{"damage_healed":20,"gold_gain":0,"player_choice":"Healed and dodged fight","damage_taken":0,"max_hp_gain":0,"max_hp_loss":0,"event_name":"Mushrooms","floor":10,"gold_loss":0,"cards_obtained":["Parasite"]},{"damage_healed":0,"gold_gain":0,"player_choice":"Fought Bandits","damage_taken":0,"max_hp_gain":0,"max_hp_loss":0,"event_name":"Masked Bandits","floor":20,"gold_loss":0},{"damage_healed":0,"gold_gain":0,"player_choice":"Stole Relic","damage_taken":0,"relics_obtained":["Darkstone Periapt"],"max_hp_gain":0,"max_hp_loss":0,"event_name":"Addict","floor":21,"gold_loss":0,"cards_obtained":["Shame"]}],"is_beta":false,"boss_relics":[{"not_picked":["Velvet Choker","Busted Crown"],"picked":"Empty Cage"}],"items_purged_floors":[19,22],"is_endless":false,"potions_floor_spawned":[1,8,16,29],"killed_by":"Chosen and Byrds","ascension_level":1}}