{"host":"mcdusr64esz012l0","time":1610930449,"event":{"mods":["BaseMod","Minty Spire (QoL Compilation)","Relic Stats"],"gold_per_floor":[368,3,20,32,32,32,60,70,93,17,32,32,57,74,74,152,152,162,5,5,15,35,35,68,83,83,83,117,117,117,131,131,205,205,219,236,250,300,2,2,31,31,31],"floor_reached":42,"language":"ENG","playtime":2155,"items_purged":["Strike_G+1"],"score":1106,"play_id":"425be798-e63e-40e0-b0d9-a44e95527138","local_time":"20210117194049","is_ascension_mode":true,"campfire_choices":[{"floor":12.0,"key":"REST"},{"floor":15.0,"key":"REST"},{"floor":23,"key":"REST"},{"floor":27,"key":"REST"},{"floor":30,"key":"REST"},{"floor":32,"key":"REST"},{"floor":40,"key":"REST"}],"circlet_count":0,"master_deck":["AscendersBane","Strike_G+1","Strike_G+1","Strike_G+1","Defend_G+1","Defend_G+1","Defend_G+1","Defend_G+1","Defend_G+1","Survivor","Neutralize","Sucker Punch","A Thousand Cuts","Noxious Fumes","PiercingWail","Finisher","Dodge and Roll","Footwork","Deadly Poison","Deadly Poison","Blur","A Thousand Cuts","Footwork","Catalyst+1","Dodge and Roll","Blur","PiercingWail","Poisoned Stab","After Image","After Image","Caltrops+1","Night Terror","Dodge and Roll+1","Dodge and Roll","Leg Sweep+1","Backflip","Envenom"],"relics":["Ring of the Snake","Ninja Scroll","Snake Skull","Toy Ornithopter","Happy Flower","SlaversCollar","Orrery","Centennial Puzzle","Ancient Tea Set","Molten Egg 2","Cursed Key","ClockworkSouvenir","TungstenRod"],"acts_visited":["Exordium","TheCity","TheBeyond"],"potions_floor_usage":[24,25,28,33],"damage_taken":[{"damage":6.0,"enemies":"Cultist","floor":1.0,"turns":5.0},{"damage":0.0,"enemies":"Small Slimes","floor":3.0,"turns":3.0},{"damage":0.0,"enemies":"2 Louse","floor":4.0,"turns":3.0},{"damage":29.0,"enemies":"Lagavulin","floor":7.0,"turns":6.0},{"damage":0.0,"enemies":"Lots of Slimes","floor":8.0,"turns":5.0},{"damage":10.0,"enemies":"Large Slime","floor":11.0,"turns":4.0},{"damage":25.0,"enemies":"Gremlin Nob","floor":13.0,"turns":4.0},{"damage":2.0,"enemies":"Exordium Wildlife","floor":14.0,"turns":6.0},{"damage":5.0,"enemies":"Hexaghost","floor":16.0,"turns":10.0},{"damage":7,"enemies":"3 Byrds","floor":18,"turns":6},{"damage":10,"enemies":"Spheric Guardian","floor":21,"turns":5},{"damage":4,"enemies":"Chosen and Byrds","floor":22,"turns":7},{"damage":16,"enemies":"Slavers","floor":24,"turns":6},{"damage":19,"enemies":"Shelled Parasite and Fungi","floor":25,"turns":7},{"damage":26,"enemies":"Book of Stabbing","floor":28,"turns":5},{"damage":16,"enemies":"Snecko","floor":31,"turns":7},{"damage":25,"enemies":"Collector","floor":33,"turns":8},{"damage":16,"enemies":"3 Darklings","floor":35,"turns":6},{"damage":11,"enemies":"3 Shapes","floor":36,"turns":5},{"damage":12,"enemies":"Writhing Mass","floor":37,"turns":6},{"damage":0,"enemies":"Giant Head","floor":41,"turns":4},{"damage":34,"enemies":"Jaw Worm Horde","floor":42,"turns":8}],"seed_played":"-7673198587431870318","potions_obtained":[{"floor":3.0,"key":"BlessingOfTheForge"},{"floor":11.0,"key":"Fire Potion"},{"floor":13.0,"key":"PowerPotion"},{"floor":18,"key":"AttackPotion"},{"floor":25,"key":"Poison Potion"},{"floor":28,"key":"CultistPotion"},{"floor":33,"key":"SpeedPotion"},{"floor":35,"key":"Ancient Potion"}],"is_trial":false,"path_per_floor":["M","$","M","M","?","?","E","M","T","$","M","R","E","M","R","B",null,"M","$","?","M","M","R","E","M","T","R","E","?","R","M","R","B",null,"M","M","M","?","$","R","E","M"],"character_chosen":"THE_SILENT","items_purchased":["Ninja Scroll","DistilledChaos","Footwork","Orrery","ClockworkSouvenir","Backflip"],"campfire_rested":7,"item_purchase_floors":[2,2,10,19,39,39],"current_hp_per_floor":[53,53,53,53,46,46,17,17,17,17,12,30,5,3,21,21,50,43,43,43,33,29,47,36,22,22,40,19,19,37,21,39,19,50,34,23,11,11,11,29,29,0,0],"gold":31,"neow_bonus":"TWO_FIFTY_GOLD","is_daily":false,"chose_seed":false,"campfire_upgraded":0,"win_rate":0.0,"timestamp":1610930449,"path_taken":["M","$","?","M","?","?","E","M","T","$","M","R","E","M","R","BOSS","M","$","?","M","M","R","E","M","T","R","E","?","R","M","R","BOSS","M","?","M","?","$","R","E","?"],"items_purchased_type":["Relic","Potion","Card","Relic","Relic","Card"],"build_version":"2020-12-22","purchased_purges":1,"victory":false,"max_hp_per_floor":[60,60,60,60,60,60,60,60,60,60,60,60,60,60,60,60,60,60,60,60,60,60,60,60,60,60,60,60,60,60,60,60,60,60,60,60,60,60,60,60,60,60,60],"relic_stats":{"Centennial Puzzle":[24],"Happy Flower":[32],"counters":[22,126],"Snake Skull":[125],"Cursed Key":0,"obtain_stats":[{"Happy Flower":13,"Snake Skull":7,"Ancient Tea Set":26,"Cursed Key":34,"ClockworkSouvenir":39,"SlaversCollar":17,"Centennial Puzzle":24,"Ninja Scroll":2,"Orrery":19,"Molten Egg 2":28,"Toy Ornithopter":9,"TungstenRod":41,"Ring of the Snake":0},{"Happy Flower":7,"Snake Skull":4,"Ancient Tea Set":14,"Cursed Key":17,"ClockworkSouvenir":20,"SlaversCollar":9,"Centennial Puzzle":13,"Ninja Scroll":1,"Orrery":10,"Molten Egg 2":15,"Toy Ornithopter":5,"TungstenRod":21,"Ring of the Snake":0},{"Happy Flower":30,"Snake Skull":17,"Ancient Tea Set":77,"Cursed Key":97,"ClockworkSouvenir":114,"SlaversCollar":46,"Centennial Puzzle":70,"Ninja Scroll":5,"Orrery":52,"Molten Egg 2":82,"Toy Ornithopter":22,"TungstenRod":118,"Ring of the Snake":0}],"Toy Ornithopter":30,"TungstenRod":6,"Ring of the Snake":[44]},"card_choices":[{"not_picked":["Prepared","Deadly Poison"],"picked":"Sucker Punch","floor":1.0},{"not_picked":["Cloak And Dagger","Distraction"],"picked":"A Thousand Cuts","floor":3.0},{"not_picked":["Acrobatics","Choke"],"picked":"Noxious Fumes","floor":4.0},{"not_picked":["Calculated Gamble","Underhanded Strike"],"picked":"Dodge and Roll","floor":7.0},{"not_picked":["Acrobatics","Well Laid Plans","Quick Slash"],"picked":"SKIP","floor":8.0},{"not_picked":["Setup","Escape Plan"],"picked":"Deadly Poison","floor":11.0},{"not_picked":["Backstab","Tactician"],"picked":"Deadly Poison","floor":13.0},{"not_picked":["Prepared","Reflex"],"picked":"Blur","floor":14.0},{"not_picked":["Unload","Tools of the Trade"],"picked":"A Thousand Cuts","floor":16.0},{"not_picked":["Flying Knee","Blade Dance"],"picked":"Footwork","floor":18},{"not_picked":["Acrobatics","Deadly Poison"],"picked":"Catalyst+1","floor":19},{"not_picked":["Underhanded Strike+1","Acrobatics"],"picked":"Dodge and Roll","floor":19},{"not_picked":["Backstab","Glass Knife"],"picked":"Blur","floor":19},{"not_picked":["Outmaneuver","Calculated Gamble"],"picked":"PiercingWail","floor":19},{"not_picked":["Accuracy","Outmaneuver"],"picked":"Poisoned Stab","floor":19},{"not_picked":["Eviscerate","Bane","Slice"],"picked":"SKIP","floor":21},{"not_picked":["Deflect","Concentrate"],"picked":"After Image","floor":22},{"not_picked":["Dash","Sucker Punch"],"picked":"After Image","floor":24},{"not_picked":["Quick Slash","Deadly Poison","Underhanded Strike+1"],"picked":"SKIP","floor":25},{"not_picked":["Heel Hook+1","Accuracy"],"picked":"Caltrops+1","floor":28},{"not_picked":["Flying Knee+1","Tactician","Sucker Punch+1"],"picked":"SKIP","floor":31},{"not_picked":["Grand Finale+1","Malaise"],"picked":"Night Terror","floor":33},{"not_picked":["Terror","Slice+1"],"picked":"Dodge and Roll+1","floor":35},{"not_picked":["Deadly Poison","Bouncing Flask"],"picked":"Dodge and Roll","floor":36},{"not_picked":["Underhanded Strike+1","Bane+1"],"picked":"Leg Sweep+1","floor":37},{"not_picked":["Cloak And Dagger+1","Prepared"],"picked":"Envenom","floor":41}],"player_experience":1049941,"relics_obtained":[{"floor":7.0,"key":"Snake Skull"},{"floor":9.0,"key":"Toy Ornithopter"},{"floor":13.0,"key":"Happy Flower"},{"floor":24,"key":"Centennial Puzzle"},{"floor":26,"key":"Ancient Tea Set"},{"floor":28,"key":"Molten Egg 2"},{"floor":41,"key":"TungstenRod"}],"event_choices":[{"cards_removed":["Strike_G"],"damage_healed":0.0,"max_hp_gain":0.0,"max_hp_loss":0.0,"gold_gain":0.0,"event_name":"Golden Wing","player_choice":"Card Removal","floor":5.0,"gold_loss":0.0,"damage_taken":7.0},{"damage_healed":0.0,"max_hp_gain":0.0,"max_hp_loss":0.0,"gold_gain":0.0,"event_name":"Match and Keep!","player_choice":"2 cards matched","floor":6.0,"gold_loss":0.0,"damage_taken":0.0,"cards_obtained":["PiercingWail","Finisher"]},{"damage_healed":0,"gold_gain":0,"player_choice":"Simplicity","damage_taken":0,"max_hp_gain":0,"max_hp_loss":0,"event_name":"Back to Basics","floor":20,"gold_loss":0,"cards_upgraded":["Strike_G","Strike_G","Strike_G","Strike_G","Defend_G","Defend_G","Defend_G","Defend_G","Defend_G"]},{"damage_healed":0,"gold_gain":0,"player_choice":"Ignored","damage_taken":0,"max_hp_gain":0,"max_hp_loss":0,"event_name":"N\u0027loth","floor":29,"gold_loss":0},{"damage_healed":0,"gold_gain":50,"player_choice":"Pray","damage_taken":0,"max_hp_gain":0,"max_hp_loss":0,"event_name":"Golden Shrine","floor":38,"gold_loss":0}],"is_beta":false,"boss_relics":[{"not_picked":["Black Star","Fusion Hammer"],"picked":"SlaversCollar"},{"not_picked":["Pandora\u0027s Box","Coffee Dripper"],"picked":"Cursed Key"}],"items_purged_floors":[39],"is_endless":false,"potions_floor_spawned":[3,11,13,18,25,28,33,35],"killed_by":"Jaw Worm Horde","ascension_level":20}}