{"host":"1c17lcvl7acx821p","time":1610989433,"event":{"mods":["AchievementEnabler","BaseMod","Colored Map","Minty Spire (QoL Compilation)","StSLib"],"gold_per_floor":[117,45,45,45,57,89,105,105,180,195,213,243,262,288,288,391,391,403,77,77,39,39,72,72,102,147,147,179,194,228,32,32,132,132,149,149,161,172,182,214,214,241,253,292,314,351,144,160,160,160,160,160,37,64,64],"floor_reached":56,"language":"ENG","playtime":4561,"items_purged":["Strike_B","Regret"],"score":1723,"play_id":"a4a42e09-ab58-4694-951d-d0ed9e22fe3f","local_time":"20210118190353","is_ascension_mode":true,"campfire_choices":[{"data":"Defragment","floor":8.0,"key":"SMITH"},{"data":"Capacitor","floor":15.0,"key":"SMITH"},{"data":"Heatsinks","floor":24.0,"key":"SMITH"},{"data":"Capacitor","floor":27.0,"key":"SMITH"},{"floor":32.0,"key":"REST"},{"data":"Coolheaded","floor":41,"key":"SMITH"},{"floor":49,"key":"RECALL"},{"data":"Loop","floor":52,"key":"SMITH"}],"circlet_count":0,"master_deck":["Defend_B","Defend_B","Defend_B","Defend_B","Zap","Dualcast","White Noise","Coolheaded+1","Ball Lightning","Conserve Battery","Defragment+1","Capacitor+1","Hologram+1","Compile Driver","Self Repair","Turbo+1","Fission+1","Heatsinks+1","Hologram+1","Reboot+1","Capacitor+1","Heatsinks+1","Loop+1","Core Surge","Chill+1","Recycle+1","Reboot+1","Ball Lightning+1","Scrape+1","Electrodynamics+1","Fission+1","Coolheaded+1","Reinforced Body+1","Storm+1","Fusion+1","Hologram+1"],"relics":["FrozenCore","NeowsBlessing","Oddly Smooth Stone","Pear","Toxic Egg 2","Singing Bowl","WingedGreaves","HornCleat","Darkstone Periapt","Art of War","InkBottle","Bag of Marbles","ClockworkSouvenir","Astrolabe","Ornamental Fan","MawBank","Letter Opener","Anchor","Membership Card","Bottled Tornado","Lantern"],"acts_visited":["Exordium","TheCity","TheBeyond","TheEnding"],"potions_floor_usage":[33,39,44,55,55,55],"damage_taken":[{"damage":0.0,"enemies":"Jaw Worm","floor":1.0,"turns":1.0},{"damage":0.0,"enemies":"Small Slimes","floor":5.0,"turns":1.0},{"damage":0.0,"enemies":"Gremlin Nob","floor":6.0,"turns":1.0},{"damage":0.0,"enemies":"2 Louse","floor":7.0,"turns":2.0},{"damage":16.0,"enemies":"Lots of Slimes","floor":10.0,"turns":4.0},{"damage":14.0,"enemies":"3 Louse","floor":11.0,"turns":3.0},{"damage":26.0,"enemies":"3 Sentries","floor":12.0,"turns":5.0},{"damage":10.0,"enemies":"Looter","floor":13.0,"turns":4.0},{"damage":9.0,"enemies":"Lagavulin","floor":14.0,"turns":7.0},{"damage":22.0,"enemies":"The Guardian","floor":16.0,"turns":9.0},{"damage":7.0,"enemies":"Shell Parasite","floor":18.0,"turns":7.0},{"damage":18.0,"enemies":"Book of Stabbing","floor":23.0,"turns":7.0},{"damage":23.0,"enemies":"Slavers","floor":25.0,"turns":8.0},{"damage":29.0,"enemies":"Gremlin Leader","floor":28.0,"turns":8.0},{"damage":0.0,"enemies":"Spheric Guardian","floor":29.0,"turns":6.0},{"damage":23.0,"enemies":"Slavers","floor":30.0,"turns":6.0},{"damage":2,"enemies":"Champ","floor":33,"turns":17},{"damage":5,"enemies":"3 Shapes","floor":35,"turns":5},{"damage":0,"enemies":"3 Darklings","floor":37,"turns":2},{"damage":17,"enemies":"Spire Growth","floor":38,"turns":7},{"damage":0,"enemies":"Jaw Worm Horde","floor":39,"turns":2},{"damage":0,"enemies":"Nemesis","floor":40,"turns":7},{"damage":7,"enemies":"Reptomancer","floor":42,"turns":4},{"damage":16,"enemies":"Giant Head","floor":44,"turns":9},{"damage":8,"enemies":"Writhing Mass","floor":45,"turns":3},{"damage":10,"enemies":"Nemesis","floor":46,"turns":7},{"damage":0,"enemies":"3 Darklings","floor":48,"turns":3},{"damage":23,"enemies":"Awakened One","floor":50,"turns":13},{"damage":1,"enemies":"Shield and Spear","floor":54,"turns":2},{"damage":3,"enemies":"The Heart","floor":55,"turns":8}],"seed_played":"7618961451579386591","potions_obtained":[{"floor":10.0,"key":"Energy Potion"},{"floor":11.0,"key":"Energy Potion"},{"floor":12.0,"key":"AttackPotion"},{"floor":13.0,"key":"Weak Potion"},{"floor":16.0,"key":"Explosive Potion"},{"floor":23.0,"key":"EssenceOfDarkness"},{"floor":29.0,"key":"SkillPotion"},{"floor":30.0,"key":"LiquidBronze"},{"floor":35,"key":"FocusPotion"},{"floor":36,"key":"DistilledChaos"},{"floor":36,"key":"Energy Potion"},{"floor":42,"key":"Weak Potion"},{"floor":44,"key":"SteroidPotion"},{"floor":45,"key":"DistilledChaos"},{"floor":46,"key":"PowerPotion"}],"is_trial":false,"path_per_floor":["M","$","?","?","M","E","M","R","T","M","M","E","M","E","R","B",null,"M","$","?","$","?","E","R","E","T","R","E","M","E","$","R","B",null,"M","?","M","M","M","E","R","E","T","E","M","E","$","M","R","B",null,"R","$","E","B",null],"character_chosen":"DEFECT","items_purchased":["Coolheaded","Ball Lightning","Hologram+1","Reboot+1","Capacitor","Loop","ClockworkSouvenir","SkillPotion","Membership Card","Hologram+1","Bottled Tornado"],"campfire_rested":1,"item_purchase_floors":[2,2,19,19,19,21,31,31,47,47,53],"current_hp_per_floor":[75,75,75,75,75,85,85,85,85,69,55,29,26,26,26,11,68,68,68,68,68,68,59,59,43,43,43,23,30,14,14,41,46,80,77,77,86,78,78,85,85,85,85,76,70,67,67,76,76,60,91,91,91,99,103],"gold":64,"neow_bonus":"THREE_ENEMY_KILL","is_daily":false,"chose_seed":false,"campfire_upgraded":6,"win_rate":0.0,"timestamp":1610989433,"path_taken":["M","$","?","?","M","E","M","R","T","M","?","E","M","E","R","BOSS","M","$","?","?","?","E","R","E","T","R","E","M","E","$","R","BOSS","M","?","?","M","M","E","R","E","T","E","M","E","$","M","R","BOSS","R","$","E","BOSS"],"items_purchased_type":["Card","Card","Card","Card","Card","Card","Relic","Potion","Relic","Card","Relic"],"build_version":"2020-12-22","purchased_purges":2,"victory":true,"max_hp_per_floor":[75,75,75,75,75,85,85,85,85,85,85,85,85,87,87,87,87,87,87,87,87,87,89,89,89,89,89,91,91,91,91,91,91,91,93,93,95,97,97,97,97,97,97,97,99,99,99,101,101,101,101,101,101,103,103],"card_choices":[{"not_picked":["Leap","Coolheaded"],"picked":"White Noise","floor":1.0},{"not_picked":["Redo","Tempest"],"picked":"Conserve Battery","floor":5.0},{"not_picked":["Sunder","Rebound"],"picked":"Defragment","floor":6.0},{"not_picked":["Static Discharge","Turbo"],"picked":"Capacitor","floor":7.0},{"not_picked":["Steam+1","Turbo+1"],"picked":"Hologram+1","floor":10.0},{"not_picked":["Turbo+1","Beam Cell"],"picked":"Compile Driver","floor":11.0},{"not_picked":["Compile Driver","Leap+1"],"picked":"Self Repair","floor":12.0},{"not_picked":["Rip and Tear","Heatsinks"],"picked":"Turbo+1","floor":13.0},{"not_picked":["FTL","Sunder","Streamline"],"picked":"Singing Bowl","floor":14.0},{"not_picked":["Electrodynamics","Creative AI"],"picked":"Fission+1","floor":16.0},{"not_picked":["Reinforced Body+1","Stack+1"],"picked":"Heatsinks+1","floor":18.0},{"not_picked":["Gash","Ball Lightning","Leap+1"],"picked":"Singing Bowl","floor":23.0},{"not_picked":["Aggregate+1","Stack+1"],"picked":"Core Surge","floor":25.0},{"not_picked":["Leap+1","Skim+1","Compile Driver"],"picked":"Singing Bowl","floor":28.0},{"not_picked":["Streamline","Rebound"],"picked":"Chill+1","floor":29.0},{"not_picked":["Reprogram+1","Ball Lightning"],"picked":"Recycle+1","floor":30.0},{"not_picked":["Buffer","Multi-Cast+1"],"picked":"Reboot+1","floor":33},{"not_picked":["BootSequence+1","Stack+1","Beam Cell+1"],"picked":"Singing Bowl","floor":35},{"not_picked":["Stack+1","Hologram+1","FTL"],"picked":"Singing Bowl","floor":37},{"not_picked":["Compile Driver+1","FTL","Go for the Eyes+1"],"picked":"Singing Bowl","floor":38},{"not_picked":["Ball Lightning+1","Streamline+1"],"picked":"Fission+1","floor":39},{"not_picked":["Streamline+1","Recycle+1"],"picked":"Coolheaded+1","floor":40},{"not_picked":["Redo+1","Sweeping Beam"],"picked":"Reinforced Body+1","floor":42},{"not_picked":["Auto Shields+1","Ball Lightning+1"],"picked":"Storm+1","floor":44},{"not_picked":["Ball Lightning","Cold Snap","Darkness+1"],"picked":"Singing Bowl","floor":45},{"not_picked":["Compile Driver+1","Machine Learning"],"picked":"Fusion+1","floor":46},{"not_picked":["Redo+1","Stack+1","BootSequence+1"],"picked":"Singing Bowl","floor":48},{"not_picked":["Hologram+1","Coolheaded+1","Streamline+1"],"picked":"Singing Bowl","floor":54}],"player_experience":127106,"relics_obtained":[{"floor":6.0,"key":"Pear"},{"floor":9.0,"key":"Toxic Egg 2"},{"floor":12.0,"key":"Singing Bowl"},{"floor":14.0,"key":"WingedGreaves"},{"floor":23.0,"key":"HornCleat"},{"floor":25.0,"key":"Darkstone Periapt"},{"floor":26.0,"key":"Art of War"},{"floor":28.0,"key":"InkBottle"},{"floor":30.0,"key":"Bag of Marbles"},{"floor":40,"key":"Ornamental Fan"},{"floor":42,"key":"MawBank"},{"floor":44,"key":"Letter Opener"},{"floor":46,"key":"Anchor"},{"floor":54,"key":"Lantern"}],"event_choices":[{"damage_healed":0.0,"max_hp_gain":0.0,"max_hp_loss":0.0,"gold_gain":0.0,"event_name":"The Cleric","player_choice":"Leave","floor":3.0,"gold_loss":0.0,"damage_taken":0.0},{"damage_healed":0.0,"max_hp_gain":0.0,"max_hp_loss":0.0,"gold_gain":0.0,"event_name":"Big Fish","player_choice":"Box","floor":4.0,"gold_loss":0.0,"damage_taken":0.0,"relics_obtained":["Oddly Smooth Stone"],"cards_obtained":["Regret"]},{"damage_healed":0.0,"max_hp_gain":0.0,"max_hp_loss":0.0,"gold_gain":0.0,"event_name":"The Library","player_choice":"Read","floor":20.0,"gold_loss":0.0,"damage_taken":0.0,"cards_obtained":["Heatsinks"]},{"damage_healed":0.0,"max_hp_gain":0.0,"max_hp_loss":0.0,"gold_gain":0.0,"event_name":"Ghosts","player_choice":"Ignored","floor":22.0,"gold_loss":0.0,"damage_taken":0.0},{"damage_healed":0,"gold_gain":0,"player_choice":"Got Potions","damage_taken":0,"max_hp_gain":0,"max_hp_loss":0,"event_name":"Lab","floor":36,"gold_loss":0}],"is_beta":false,"boss_relics":[{"not_picked":["Cursed Key","Ectoplasm"],"picked":"FrozenCore"},{"not_picked":["Inserter","Pandora\u0027s Box"],"picked":"Astrolabe"}],"items_purged_floors":[19,47],"is_endless":false,"potions_floor_spawned":[10,11,12,13,16,23,29,30,35,37,42,44,45,46],"ascension_level":5}}