{"host":"h4qgcirtxz6qax9j","time":1610975733,"event":{"mods":["AchievementEnabler","BaseMod","Colored Powertips","Hermit","Minty Spire (QoL Compilation)","StSLib","SuperFastMode","The Servant 0.9.4"],"gold_per_floor":[119,132,132,152,152,152,175,196,196,196,216,23,23,46,46,165,165,189,189,40,81,81,81,117,137,137,158,173,173,173,192,192,312,312,325,349,349,349],"floor_reached":37,"language":"KOR","playtime":1106,"items_purged":[],"score":402,"play_id":"82662e46-60e2-42f4-b6b6-029b6579d728","local_time":"20210118221533","is_ascension_mode":true,"campfire_choices":[{"data":"Starlight","floor":6.0,"key":"SMITH"},{"floor":10.0,"key":"REST"},{"floor":15.0,"key":"REST"},{"data":"KillingDoll","floor":23.0,"key":"SMITH"},{"floor":30.0,"key":"REST"},{"floor":32.0,"key":"REST"}],"circlet_count":0,"master_deck":["Strike_S","Strike_S","Strike_S","Strike_S","Defend_S","Defend_S","Defend_S","Defend_S","KidneyShot","Exchange","GearUp","Rearm","Starlight+1","Starlight","Moonlight","BottledTime","Solidify","KillingDoll+1","SilverBlades","Rearm","SilverBlades","Duplication","Ricochet+1"],"relics":["SplendidAttire","NeowsBlessing","Golden Idol","Question Card","Vajra","Red Mask","Gambling Chip","Thread and Needle","SlaversCollar"],"acts_visited":["Exordium","TheCity","TheBeyond"],"potions_floor_usage":[36],"damage_taken":[{"damage":0.0,"enemies":"Jaw Worm","floor":1.0,"turns":1.0},{"damage":0.0,"enemies":"Cultist","floor":2.0,"turns":1.0},{"damage":0.0,"enemies":"Small Slimes","floor":4.0,"turns":2.0},{"damage":0.0,"enemies":"2 Fungi Beasts","floor":7.0,"turns":5.0},{"damage":33.0,"enemies":"Large Slime","floor":8.0,"turns":8.0},{"damage":8.0,"enemies":"Lots of Slimes","floor":11.0,"turns":6.0},{"damage":0.0,"enemies":"Blue Slaver","floor":14.0,"turns":4.0},{"damage":20.0,"enemies":"The Guardian","floor":16.0,"turns":7.0},{"damage":0.0,"enemies":"Spheric Guardian","floor":18.0,"turns":2.0},{"damage":30.0,"enemies":"Masked Bandits","floor":21.0,"turns":5.0},{"damage":31.0,"enemies":"Book of Stabbing","floor":24.0,"turns":6.0},{"damage":0.0,"enemies":"Shell Parasite","floor":25.0,"turns":1.0},{"damage":0.0,"enemies":"Shelled Parasite and Fungi","floor":27.0,"turns":3.0},{"damage":0.0,"enemies":"Snake Plant","floor":28.0,"turns":2.0},{"damage":0.0,"enemies":"Sentry and Sphere","floor":31.0,"turns":2.0},{"damage":12,"enemies":"Champ","floor":33,"turns":6},{"damage":62,"enemies":"3 Shapes","floor":35,"turns":5},{"damage":0,"enemies":"Orb Walker","floor":36,"turns":3},{"damage":12,"enemies":"Writhing Mass","floor":37,"turns":2}],"seed_played":"-7035170423206319343","potions_obtained":[{"floor":1.0,"key":"PowerPotion"},{"floor":4.0,"key":"CultistPotion"},{"floor":8.0,"key":"Explosive Potion"},{"floor":22.0,"key":"LiquidMemories"},{"floor":22.0,"key":"EntropicBrew"},{"floor":24.0,"key":"Ancient Potion"}],"is_trial":false,"path_per_floor":["M","M","?","M","?","R","M","M","T","R","M","$","?","M","R","B",null,"M","?","$","?","?","R","E","M","T","M","M","?","R","M","R","B",null,"M","M","M"],"character_chosen":"THE_SERVANT","items_purchased":["Vajra","Moonlight","KillingDoll"],"campfire_rested":4,"item_purchase_floors":[12,12,20],"current_hp_per_floor":[65,65,65,65,49,49,49,16,16,35,27,27,32,32,51,31,65,65,65,65,35,35,35,4,4,4,4,4,4,23,23,42,30,65,3,3,0,0],"gold":349,"neow_bonus":"THREE_ENEMY_KILL","is_daily":false,"chose_seed":false,"campfire_upgraded":2,"win_rate":0.0,"timestamp":1610975733,"path_taken":["M","M","?","M","?","R","M","M","T","R","M","$","?","?","R","BOSS","M","?","$","?","?","R","E","?","T","M","M","?","R","M","R","BOSS","M","M","M"],"items_purchased_type":["Relic","Card","Card"],"build_version":"2020-12-22","purchased_purges":0,"victory":false,"max_hp_per_floor":[65,65,65,65,65,65,65,65,65,65,65,65,65,65,65,65,65,65,65,65,65,65,65,65,65,65,65,65,65,65,65,65,65,65,65,65,65,65],"card_choices":[{"not_picked":["Misdirection","WasteNot"],"picked":"GearUp","floor":1.0},{"not_picked":["Replace","Unruled"],"picked":"Rearm","floor":2.0},{"not_picked":["BottledTime","Misdirection"],"picked":"Starlight","floor":4.0},{"not_picked":["Rewind","Potential"],"picked":"TimeWarp","floor":7.0},{"not_picked":["Potential","Advance","Spin"],"picked":"SKIP","floor":8.0},{"not_picked":["Spin","Gouge","Comet"],"picked":"Starlight","floor":11.0},{"not_picked":["Barrier","Replace","Luminosity"],"picked":"BottledTime","floor":14.0},{"not_picked":["PendulumOfEternity","LightFlow","Deny"],"picked":"Solidify","floor":16.0},{"not_picked":["TimeWarp","ShatteredReality","Shuttle+1","RealityMarble+1"],"picked":"SKIP","floor":18.0},{"not_picked":["Rewind","Spin","FloweringNight","Comet"],"picked":"SKIP","floor":24.0},{"not_picked":["Spin+1","Foresight","TimeWarp+1"],"picked":"SilverBlades","floor":25.0},{"not_picked":["FastForward","Gouge","Unruled","Replace+1"],"picked":"SKIP","floor":27.0},{"not_picked":["SpecialFormula+1","Spin","TimeWarp"],"picked":"Rearm","floor":28.0},{"not_picked":["Ricochet","Rewind+1","Moonlight+1"],"picked":"SilverBlades","floor":31.0},{"not_picked":["SoulSculpture","Deny","ForgedInTime"],"picked":"Duplication","floor":33},{"not_picked":["DoubleEdge","Alleviate+1","Rewind+1"],"picked":"Ricochet+1","floor":35},{"not_picked":["Spin+1","ShatteredReality+1","FastForward","Replace"],"picked":"SKIP","floor":36}],"player_experience":58122,"relics_obtained":[{"floor":9.0,"key":"Question Card"},{"floor":21.0,"key":"Red Mask"},{"floor":24.0,"key":"Gambling Chip"},{"floor":26.0,"key":"Thread and Needle"}],"event_choices":[{"damage_healed":0.0,"max_hp_gain":0.0,"max_hp_loss":0.0,"gold_gain":0.0,"event_name":"Liars Game","player_choice":"Ignored","floor":3.0,"gold_loss":0.0,"damage_taken":0.0},{"damage_healed":0.0,"max_hp_gain":0.0,"max_hp_loss":0.0,"gold_gain":0.0,"event_name":"Golden Idol","player_choice":"Take Damage","floor":5.0,"gold_loss":0.0,"damage_taken":16.0,"relics_obtained":["Golden Idol"]},{"cards_removed":["TimeWarp"],"damage_healed":5.0,"max_hp_gain":0.0,"max_hp_loss":0.0,"gold_gain":0.0,"event_name":"Bonfire Elementals","player_choice":"Offered Common","floor":13.0,"gold_loss":0.0,"damage_taken":0.0},{"cards_removed":["TimeWarp"],"damage_healed":5.0,"max_hp_gain":0.0,"max_hp_loss":0.0,"gold_gain":0.0,"event_name":"Bonfire Elementals","player_choice":"Offered Special","floor":13.0,"gold_loss":0.0,"damage_taken":0.0},{"damage_healed":0.0,"max_hp_gain":0.0,"max_hp_loss":0.0,"gold_gain":0.0,"event_name":"Ghosts","player_choice":"Ignored","floor":19.0,"gold_loss":0.0,"damage_taken":0.0},{"damage_healed":0.0,"max_hp_gain":0.0,"max_hp_loss":0.0,"gold_gain":0.0,"event_name":"Masked Bandits","player_choice":"Fought Bandits","floor":21.0,"gold_loss":0.0,"damage_taken":0.0},{"damage_healed":0.0,"max_hp_gain":0.0,"max_hp_loss":0.0,"gold_gain":0.0,"event_name":"Lab","player_choice":"Got Potions","floor":22.0,"gold_loss":0.0,"damage_taken":0.0},{"damage_healed":0.0,"max_hp_gain":0.0,"max_hp_loss":0.0,"gold_gain":0.0,"event_name":"Cursed Tome","player_choice":"Ignored","floor":29.0,"gold_loss":0.0,"damage_taken":0.0}],"is_beta":false,"boss_relics":[{"not_picked":["Velvet Choker","Cursed Key"],"picked":"SplendidAttire"},{"not_picked":["SacredBark","MysterySword"],"picked":"SlaversCollar"}],"items_purged_floors":[],"is_endless":false,"potions_floor_spawned":[1,4,8,14,24,27,28,31,35],"killed_by":"Writhing Mass","ascension_level":1}}