{"host":"qy6st0zp32tctd9l","time":1610979039,"event":{"mods":["BaseMod","Colored Map","Downfall","GifTheSpireLib","Hermit","Marisa£®ÏF”Í°°ƒß¿Ì…≥£©","Minty Spire (QoL Compilation)","Remilia£®¿Ÿ√◊¿Ú—«£©","StSLib","The Cursed","The Servant 0.9.4","UnlockEverythingMod"],"gold_per_floor":[111,130,55,55,55,88,101,133,133,162,175,187,222,238,238,317,317,331,202,234,269,78,126,126,167,167,167,201,233,233,278,278,365,365,396,422,483,508,1,29,29,54,79,124,136,136,163,181,181,181,181,181,30,59,59],"floor_reached":56,"language":"ZHS","playtime":2696,"items_purged":["Strike_MRS","Strike_MRS","WitchOfGreed"],"score":2548,"play_id":"3548376f-5827-4965-b301-3a32813b26ce","local_time":"20210118221039","is_ascension_mode":true,"campfire_choices":[{"floor":15.0,"key":"REST"},{"floor":24.0,"key":"RECALL"},{"data":"MillisecondPulsars","floor":27.0,"key":"SMITH"},{"data":"DeepEcoloBomb","floor":32.0,"key":"SMITH"},{"floor":41.0,"key":"REST"},{"data":"SporeBomb","floor":49,"key":"SMITH"},{"data":"Acceleration","floor":52,"key":"SMITH"}],"circlet_count":0,"master_deck":["AscendersBane","Defend_MRS","Defend_MRS","Defend_MRS","Defend_MRS","MasterSpark","UpSweep","SporeBomb+1","DeepEcoloBomb+1","EnergyRecoil","GalacticHalo","GravityBeat","StarlightTyphoon","MillisecondPulsars+1","OortCloud","SprinkleStarSeal","Acceleration+1","EventHorizon","StarDustReverie","6A+1","ShootingEcho+1","Occultation+1","OortCloud","MachineGunSpark+1","Acceleration","MeteoricShower+1","StarlightTyphoon+1","EarthLightRay+1","OrrerysSun","UltimateShortwave","MilkyWay"],"relics":["BewitchedHakkero","NeowsBlessing","AmplifyWand","Bottled Lightning","AntiCross","Mummified Hand","Ancient Tea Set","Molten Egg 2","Bag of Preparation","Mercury Hourglass","Nunchaku","The Courier","Smiling Mask","SlaversCollar","CatCart","ScarletDevilRocket","Meat on the Bone","StrikeDummy","Lizard Tail","Pen Nib","Pocketwatch","Unceasing Top","FossilizedHelix"],"acts_visited":["Exordium","TheCity","TheBeyond","TheEnding"],"potions_floor_usage":[55,55],"damage_taken":[{"damage":0.0,"enemies":"2 Louse","floor":1.0,"turns":2.0},{"damage":0.0,"enemies":"Jaw Worm","floor":2.0,"turns":1.0},{"damage":0.0,"enemies":"3 Sentries","floor":6.0,"turns":1.0},{"damage":0.0,"enemies":"Cultist","floor":7.0,"turns":3.0},{"damage":4.0,"enemies":"Lagavulin","floor":8.0,"turns":5.0},{"damage":25.0,"enemies":"3 Sentries","floor":10.0,"turns":6.0},{"damage":9.0,"enemies":"Red Slaver","floor":11.0,"turns":4.0},{"damage":2.0,"enemies":"Looter","floor":12.0,"turns":2.0},{"damage":0.0,"enemies":"Gremlin Nob","floor":13.0,"turns":3.0},{"damage":2.0,"enemies":"Blue Slaver","floor":14.0,"turns":2.0},{"damage":25.0,"enemies":"The Guardian","floor":16.0,"turns":6.0},{"damage":1.0,"enemies":"Spheric Guardian","floor":18.0,"turns":3.0},{"damage":0.0,"enemies":"Chosen","floor":20.0,"turns":2.0},{"damage":3.0,"enemies":"Snecko","floor":21.0,"turns":4.0},{"damage":0.0,"enemies":"Gremlin Leader","floor":23.0,"turns":5.0},{"damage":9.0,"enemies":"Slavers","floor":25.0,"turns":4.0},{"damage":1.0,"enemies":"Centurion and Healer","floor":28.0,"turns":4.0},{"damage":6.0,"enemies":"Book of Stabbing","floor":29.0,"turns":3.0},{"damage":13.0,"enemies":"Slavers","floor":31.0,"turns":3.0},{"damage":2.0,"enemies":"Champ","floor":33.0,"turns":5.0},{"damage":11.0,"enemies":"3 Darklings","floor":35.0,"turns":3.0},{"damage":9.0,"enemies":"3 Shapes","floor":36.0,"turns":4.0},{"damage":34.0,"enemies":"Orin","floor":37.0,"turns":7.0},{"damage":8.0,"enemies":"Maw","floor":38.0,"turns":6.0},{"damage":16.0,"enemies":"Giant Head","floor":40.0,"turns":6.0},{"damage":5.0,"enemies":"Nemesis","floor":42.0,"turns":3.0},{"damage":4.0,"enemies":"2 Orb Walkers","floor":44.0,"turns":3.0},{"damage":7.0,"enemies":"3 Darklings","floor":45.0,"turns":2.0},{"damage":0.0,"enemies":"Reptomancer","floor":47.0,"turns":2.0},{"damage":10,"enemies":"Jaw Worm Horde","floor":48,"turns":3},{"damage":6,"enemies":"Time Eater","floor":50,"turns":7},{"damage":45,"enemies":"Shield and Spear","floor":54,"turns":5},{"damage":91,"enemies":"The Heart","floor":55,"turns":8}],"seed_played":"-1601472913179180285","potions_obtained":[{"floor":6.0,"key":"Guardian:BlockOnCardUsePotion"},{"floor":12.0,"key":"Fire Potion"},{"floor":13.0,"key":"Energy Potion"},{"floor":16.0,"key":"champ:CounterPotion"},{"floor":20.0,"key":"Regen Potion"},{"floor":23.0,"key":"Fire Potion"},{"floor":25.0,"key":"FearPotion"},{"floor":31.0,"key":"ColorlessPotion"},{"floor":31.0,"key":"BlessingOfTheForge"},{"floor":35.0,"key":"Strength Potion"},{"floor":35.0,"key":"ColorlessPotion"},{"floor":36.0,"key":"bronze:BurnAndBuffPotion"},{"floor":36.0,"key":"bronze:BurnAndBuffPotion"}],"is_trial":false,"path_per_floor":["M","M","$","?","?","E","M","E","T","E","M","M","E","M","R","B",null,"M","$","M","M","$","E","R","E","T","R","M","E","?","E","R","B",null,"M","M","?","M","$","E","R","E","T","?","M","?","E","M","R","B",null,"R","$","E","B",null],"character_chosen":"MARISA","items_purchased":["WitchOfGreed","Bag of Preparation","Acceleration","ScarletDevilRocket","Meat on the Bone","OortCloud","MachineGunSpark+1","Acceleration","OrrerysSun","UltimateShortwave"],"campfire_rested":2,"item_purchase_floors":[19,22,22,39,39,39,39,39,53,53],"current_hp_per_floor":[63,63,63,52,52,52,52,48,48,23,14,12,12,10,31,6,54,53,53,53,50,50,50,50,53,53,53,52,46,46,33,33,31,60,49,40,6,4,4,16,37,44,44,40,45,45,51,41,41,41,63,63,63,36,13],"gold":59,"neow_bonus":"THREE_ENEMY_KILL","is_daily":false,"chose_seed":false,"campfire_upgraded":4,"win_rate":0.0,"timestamp":1610979039,"path_taken":["M","M","$","?","?","E","?","E","T","E","M","M","E","M","R","BOSS","M","$","M","M","$","E","R","E","T","R","M","E","?","E","R","BOSS","M","M","?","M","$","E","R","E","T","?","?","?","E","?","R","BOSS","R","$","E","BOSS"],"items_purchased_type":["Card","Relic","Card","Relic","Relic","Card","Card","Card","Card","Card"],"build_version":"2020-12-22","purchased_purges":3,"victory":true,"max_hp_per_floor":[70,70,70,70,70,70,70,70,70,70,70,70,70,70,70,70,70,70,70,70,70,70,70,70,70,70,70,70,70,70,70,70,70,70,70,70,70,70,70,70,70,70,70,70,70,70,70,70,70,70,70,70,70,70,70],"card_choices":[{"not_picked":["IllusionStar","GravityBeat"],"picked":"SporeBomb","floor":1.0},{"not_picked":["DC","6A","UnstableBomb"],"picked":"SKIP","floor":2.0},{"not_picked":["ShootingEcho","PowerUp"],"picked":"EnergyRecoil","floor":6.0},{"not_picked":["ChargingUp","GalacticHalo"],"picked":"PowerUp","floor":7.0},{"not_picked":["CasketOfStar","JA"],"picked":"GalacticHalo","floor":8.0},{"not_picked":["WitchOfGreed","IllusionStar"],"picked":"GravityBeat","floor":10.0},{"not_picked":["DC","NonDirectionalLaser","GrandCross"],"picked":"SKIP","floor":11.0},{"not_picked":["Orbital","FairyDestructionRay","DoubleSpark"],"picked":"SKIP","floor":12.0},{"not_picked":["Acceleration","EnergyFlow"],"picked":"StarlightTyphoon","floor":13.0},{"not_picked":["SporeBomb","LuminesStrike+1","AsteroidBelt"],"picked":"SKIP","floor":14.0},{"not_picked":["ManaRampage","SatelliteIllusion"],"picked":"MillisecondPulsars","floor":16.0},{"not_picked":["IllusionStar","OneTimeOff","DC+1"],"picked":"SKIP","floor":18.0},{"not_picked":["StarBarrage+1","NonDirectionalLaser+1"],"picked":"OortCloud","floor":20.0},{"not_picked":["GrandCross+1","SuperPerseids"],"picked":"SprinkleStarSeal","floor":21.0},{"not_picked":["SatelliteIllusion","GalacticHalo","StarBarrage+1"],"picked":"SKIP","floor":23.0},{"not_picked":["GalacticHalo","AsteroidBelt"],"picked":"EventHorizon","floor":25.0},{"not_picked":["SporeBomb","Robbery+1","AsteroidBelt"],"picked":"SKIP","floor":28.0},{"not_picked":["OneTimeOff","IllusionStar","DoubleSpark+1"],"picked":"SKIP","floor":29.0},{"not_picked":["GravityBeat+1","DoubleSpark+1","EventHorizon"],"picked":"SKIP","floor":31.0},{"not_picked":["ChargingUp","NonDirectionalLaser+1"],"picked":"ShootingEcho+1","floor":35.0},{"not_picked":["SporeBomb+1","PowerUp+1","Occultation"],"picked":"SKIP","floor":36.0},{"not_picked":["BlazeAway","UnstableBomb+1"],"picked":"Occultation+1","floor":37.0},{"not_picked":["SporeBomb+1","ShootingEcho+1","DC+1"],"picked":"SKIP","floor":38.0},{"not_picked":["DragonMeteor+1","MysteriousBeam+1"],"picked":"MeteoricShower+1","floor":40.0},{"not_picked":["NonDirectionalLaser+1","DeepEcoloBomb+1"],"picked":"StarlightTyphoon+1","floor":42.0},{"not_picked":["MillisecondPulsars","ChargeUpSpray+1"],"picked":"EarthLightRay+1","floor":44.0},{"not_picked":["LuminesStrike+1","ChargingUp","FairyDestructionRay+1"],"picked":"SKIP","floor":45.0},{"not_picked":["ChargeUpSpray+1","BigCrunch","PropBag"],"picked":"SKIP","floor":47.0},{"not_picked":["ShootingEcho+1","LuminesStrike+1","WitchOfGreed"],"picked":"SKIP","floor":48},{"not_picked":["GravityBeat+1","AlicesGift+1"],"picked":"MilkyWay","floor":54}],"player_experience":156569,"relics_obtained":[{"floor":6.0,"key":"Bottled Lightning"},{"floor":8.0,"key":"AntiCross"},{"floor":9.0,"key":"Mummified Hand"},{"floor":10.0,"key":"Ancient Tea Set"},{"floor":13.0,"key":"Molten Egg 2"},{"floor":23.0,"key":"Mercury Hourglass"},{"floor":25.0,"key":"Nunchaku"},{"floor":29.0,"key":"The Courier"},{"floor":31.0,"key":"Smiling Mask"},{"floor":37.0,"key":"CatCart"},{"floor":40.0,"key":"StrikeDummy"},{"floor":42.0,"key":"Lizard Tail"},{"floor":43.0,"key":"Pen Nib"},{"floor":44.0,"key":"Pocketwatch"},{"floor":47.0,"key":"Unceasing Top"},{"floor":54,"key":"FossilizedHelix"}],"event_choices":[{"damage_healed":0.0,"max_hp_gain":0.0,"max_hp_loss":0.0,"gold_gain":0.0,"event_name":"Scrap Ooze","player_choice":"Success","floor":4.0,"gold_loss":0.0,"damage_taken":11.0,"relics_obtained":["AmplifyWand"]},{"damage_healed":0.0,"max_hp_gain":0.0,"max_hp_loss":0.0,"gold_gain":0.0,"event_name":"Match and Keep!","player_choice":"1 cards matched","floor":5.0,"gold_loss":0.0,"damage_taken":0.0,"cards_obtained":["DeepEcoloBomb"]},{"damage_healed":0.0,"max_hp_gain":0.0,"max_hp_loss":0.0,"gold_gain":0.0,"cards_transformed":["Strike_MRS","Strike_MRS"],"event_name":"Drug Dealer","player_choice":"Became Test Subject","floor":30.0,"gold_loss":0.0,"damage_taken":0.0,"cards_obtained":["StarDustReverie","6A"]},{"damage_healed":0.0,"max_hp_gain":0.0,"max_hp_loss":0.0,"gold_gain":0.0,"event_name":"OrinTheCat","player_choice":"Fight","floor":37.0,"gold_loss":0.0,"damage_taken":0.0},{"damage_healed":0.0,"max_hp_gain":0.0,"max_hp_loss":0.0,"gold_gain":0.0,"event_name":"Mysterious Sphere","player_choice":"Fight","floor":44.0,"gold_loss":0.0,"damage_taken":0.0},{"cards_removed":["PowerUp"],"damage_healed":0.0,"max_hp_gain":0.0,"max_hp_loss":0.0,"gold_gain":0.0,"event_name":"Purifier","player_choice":"Purged","floor":46.0,"gold_loss":0.0,"damage_taken":0.0}],"is_beta":false,"boss_relics":[{"not_picked":["Busted Crown","Philosopher\u0027s Stone"],"picked":"BewitchedHakkero"},{"not_picked":["Tiny House","SacredBark"],"picked":"SlaversCollar"}],"items_purged_floors":[3,19,39],"is_endless":false,"potions_floor_spawned":[6,12,13,16,23,25,31,33,35,36,40,44,48,54],"ascension_level":18}}