{"host":"g5ztulhog0otympt","time":1610963095,"event":{"mods":["AchievementEnabler","BaseMod","Downfall","Hermit","Minty Spire (QoL Compilation)","StSLib","The Cursed"],"gold_per_floor":[132,132,171,171,208,208,245,245,245,275,307,323,273,24,24,122,122,107,107,124,124,141,141,141,141],"floor_reached":24,"language":"ENG","playtime":842,"items_purged":[],"score":198,"play_id":"02cc14a8-8ca7-4f29-b1d4-e449699ae9d4","local_time":"20210118114455","is_ascension_mode":false,"campfire_choices":[{"floor":6,"key":"REST"},{"floor":15,"key":"REST"},{"floor":23,"key":"REST"}],"circlet_count":0,"master_deck":["Strike_B+1","Strike_B","Strike_B","Strike_B","Defend_B+1","Defend_B","Defend_B","Defend_B","Zap","Dualcast","HandOfGreed","Genetic Algorithm","Doom and Gloom","Go for the Eyes","Melter","Biased Cognition","CurseOfTheBell","Reprogram+1","Gash","Ball Lightning","Madness","Chaos+1"],"relics":["Cracked Core","The Courier","Pocketwatch","StoneCalendar","Calling Bell","Ice Cream","Nunchaku","Frozen Egg 2"],"acts_visited":["Exordium","TheCity"],"potions_floor_usage":[16,16,20,24],"damage_taken":[{"damage":5,"enemies":"Small Slimes","floor":1,"turns":2},{"damage":3,"enemies":"Jaw Worm","floor":3,"turns":2},{"damage":0,"enemies":"Cultist","floor":5,"turns":3},{"damage":4,"enemies":"2 Fungi Beasts","floor":7,"turns":2},{"damage":16,"enemies":"Lagavulin","floor":10,"turns":5},{"damage":0,"enemies":"Blue Slaver","floor":11,"turns":2},{"damage":0,"enemies":"Large Slime","floor":12,"turns":3},{"damage":23,"enemies":"The Guardian","floor":16,"turns":7},{"damage":15,"enemies":"2 Thieves","floor":18,"turns":4},{"damage":23,"enemies":"Shell Parasite","floor":20,"turns":4},{"damage":39,"enemies":"Snake Plant","floor":22,"turns":4},{"damage":32,"enemies":"Slavers","floor":24,"turns":2}],"seed_played":"-8629134123492060007","potions_obtained":[{"floor":3,"key":"FairyPotion"},{"floor":5,"key":"EssenceOfDarkness"},{"floor":7,"key":"DuplicationPotion"},{"floor":18,"key":"DistilledChaos"},{"floor":20,"key":"SteroidPotion"}],"is_trial":false,"path_per_floor":["M","?","M","?","M","R","M","$","T","E","M","M","?","$","R","B",null,"M","?","M","?","M","R","E"],"character_chosen":"DEFECT","items_purchased":["StoneCalendar"],"campfire_rested":3,"item_purchase_floors":[14],"current_hp_per_floor":[70,55,52,52,52,74,70,70,70,54,54,54,54,54,75,52,75,60,60,37,25,8,30,0,0],"gold":141,"neow_bonus":"RANDOM_COLORLESS_2","is_daily":false,"chose_seed":false,"campfire_upgraded":0,"win_rate":0.0,"timestamp":1610963095,"path_taken":["M","?","M","?","?","R","M","?","T","E","M","M","?","$","R","BOSS","M","?","M","?","M","R","E"],"items_purchased_type":["Relic"],"build_version":"2020-12-22","purchased_purges":0,"victory":false,"max_hp_per_floor":[75,75,75,75,75,75,75,75,75,75,75,75,75,75,75,75,75,75,75,75,75,75,75,75,75],"card_choices":[{"not_picked":["Secret Technique","Sadistic Nature"],"picked":"HandOfGreed","floor":0},{"not_picked":["Redo","Leap"],"picked":"Genetic Algorithm","floor":1},{"not_picked":["Cold Snap","Coolheaded"],"picked":"Doom and Gloom","floor":3},{"not_picked":["Capacitor","Sweeping Beam"],"picked":"Go for the Eyes","floor":5},{"not_picked":["Go for the Eyes","Steam","Cold Snap"],"picked":"SKIP","floor":7},{"not_picked":["Tempest","Coolheaded","Reprogram"],"picked":"SKIP","floor":10},{"not_picked":["Tempest","Blizzard"],"picked":"Melter","floor":11},{"not_picked":["Skim","Chill","Undo"],"picked":"SKIP","floor":12},{"not_picked":["Hyperbeam","Creative AI"],"picked":"Biased Cognition","floor":16},{"not_picked":["Fusion","Genetic Algorithm"],"picked":"Reprogram+1","floor":18},{"not_picked":["Sweeping Beam","Steam"],"picked":"Ball Lightning","floor":20},{"not_picked":["Multi-Cast","Turbo"],"picked":"Chaos+1","floor":22}],"player_experience":89934,"relics_obtained":[{"floor":9,"key":"The Courier"},{"floor":10,"key":"Pocketwatch"},{"floor":17,"key":"Ice Cream"},{"floor":17,"key":"Nunchaku"},{"floor":17,"key":"Frozen Egg 2"}],"event_choices":[{"damage_healed":0,"gold_gain":0,"player_choice":"Entered Light","damage_taken":15,"max_hp_gain":0,"max_hp_loss":0,"event_name":"Shining Light","floor":2,"gold_loss":0,"cards_upgraded":["Defend_B","Strike_B"]},{"damage_healed":0,"gold_gain":0,"player_choice":"Ignored","damage_taken":0,"max_hp_gain":0,"max_hp_loss":0,"event_name":"Golden Idol","floor":4,"gold_loss":0},{"cards_removed":["Injury"],"damage_healed":0,"gold_gain":0,"player_choice":"Card Removal","damage_taken":0,"max_hp_gain":0,"max_hp_loss":0,"event_name":"The Cleric","floor":13,"gold_loss":50},{"damage_healed":0,"gold_gain":0,"player_choice":"Read","damage_taken":0,"max_hp_gain":0,"max_hp_loss":0,"event_name":"The Library","floor":19,"gold_loss":0,"cards_obtained":["Gash"]},{"damage_healed":0,"gold_gain":0,"player_choice":"CARD ","damage_taken":12,"max_hp_gain":0,"max_hp_loss":0,"event_name":"Knowing Skull","floor":21,"potions_obtained":[],"gold_loss":0,"cards_obtained":["Madness"]}],"is_beta":false,"boss_relics":[{"not_picked":["Philosopher\u0027s Stone","Black Star"],"picked":"Calling Bell"}],"items_purged_floors":[],"is_endless":false,"potions_floor_spawned":[3,5,7,11,18,20],"killed_by":"Slavers","ascension_level":0}}