{"host":"ygfasg9u7olr7skw","time":1610951184,"event":{"mods":["AchievementEnabler","BaseMod","Better Note","Better Vampires","Colored Powertips","Minty Spire (QoL Compilation)","Replay The Spire","Spicy Shops","StSLib","The IronCluck"],"gold_per_floor":[215,228,248,266,299,299,309,309,309],"floor_reached":8,"language":"ENG","playtime":381,"items_purged":[],"score":50,"play_id":"437e5747-c454-40c4-99de-de8741e2562b","local_time":"20210118012624","is_ascension_mode":false,"campfire_choices":[{"floor":6,"key":"REST"}],"circlet_count":0,"master_deck":["Strike_P","Strike_P","Strike_P","Strike_P","Defend_P","Defend_P","Defend_P","Defend_P","Eruption","Vigilance","Replay:Hum","BowlingBash","Consecrate","ReplayTheSpireMod:Splinters","SignatureMove"],"relics":["PureWater"],"acts_visited":["Exordium"],"potions_floor_usage":[7,8],"damage_taken":[{"damage":0,"enemies":"2 Louse","floor":1,"turns":2},{"damage":6,"enemies":"Small Slimes","floor":2,"turns":2},{"damage":7,"enemies":"Cultist","floor":3,"turns":3},{"damage":10,"enemies":"3 Louse","floor":4,"turns":2},{"damage":15,"enemies":"Exordium Wildlife","floor":7,"turns":2},{"damage":63,"enemies":"Gremlin Nob","floor":8,"turns":3}],"seed_played":"1036708479206371896","potions_obtained":[{"floor":3,"key":"Elixir"},{"floor":4,"key":"Elixir"},{"floor":5,"key":"Adrenaline Potion"},{"floor":5,"key":"Reflective Coating"},{"floor":7,"key":"Strength Potion"}],"is_trial":false,"path_per_floor":["M","M","M","M","?","R","M","E"],"character_chosen":"WATCHER","items_purchased":[],"campfire_rested":1,"item_purchase_floors":[],"current_hp_per_floor":[72,66,59,49,49,70,55,0,0],"gold":309,"neow_bonus":"HUNDRED_GOLD","is_daily":false,"chose_seed":false,"campfire_upgraded":0,"win_rate":0.0,"timestamp":1610951184,"path_taken":["M","M","M","M","?","R","M","E"],"items_purchased_type":[],"build_version":"2020-12-22","purchased_purges":0,"victory":false,"max_hp_per_floor":[72,72,72,72,72,72,72,72,72],"card_choices":[{"not_picked":["Crescendo","Conclude","Evaluate"],"picked":"SKIP","floor":1},{"not_picked":["Evaluate","Halt"],"picked":"Replay:Hum","floor":2},{"not_picked":["Vengeance","Evaluate"],"picked":"BowlingBash","floor":3},{"not_picked":["Replay:ManipulateFuture","Protect"],"picked":"Consecrate","floor":4},{"not_picked":["Collect","TalkToTheHand"],"picked":"SignatureMove","floor":5},{"not_picked":["MentalFortress","Protect","JustLucky"],"picked":"SKIP","floor":7}],"player_experience":325421,"relics_obtained":[],"event_choices":[],"is_beta":false,"boss_relics":[],"items_purged_floors":[],"is_endless":false,"potions_floor_spawned":[3,4,7],"killed_by":"Gremlin Nob","ascension_level":0}}