{"host":"u9h06qdlnp3wgzsw","time":1610942229,"event":{"mods":["BaseMod","Downfall","Hermit","Minty Spire (QoL Compilation)","Rare Cards Sparkle","Shop Mod","StSLib","The Hierophant"],"gold_per_floor":[99,113,124,124,145,145,145,158,236,236,255,269,269,313,338,338,338],"floor_reached":16,"language":"ENG","playtime":614,"items_purged":[],"score":120,"play_id":"4057f794-fc9a-4f47-9e04-c72ccf974f8f","local_time":"20210117225709","is_ascension_mode":true,"campfire_choices":[{"data":"Eruption","floor":1,"key":"SMITH"},{"data":"FlurryOfBlows","floor":10,"key":"SMITH"},{"data":"ForeignInfluence","floor":13,"key":"SMITH"}],"circlet_count":0,"master_deck":["Strike_P","Strike_P","Strike_P","Strike_P","Defend_P","Defend_P","Defend_P","Defend_P","Eruption+1","Vigilance","FlurryOfBlows+1","Crescendo","Injury","Wallop","Protect","ForeignInfluence+1","EmptyMind"],"relics":["PureWater","Bag of Preparation","Golden Idol","Matryoshka","Ancient Tea Set","Juzu Bracelet"],"acts_visited":["Exordium"],"potions_floor_usage":[9,16,16,16],"damage_taken":[{"damage":0,"enemies":"Jaw Worm","floor":2,"turns":1},{"damage":0,"enemies":"2 Louse","floor":3,"turns":1},{"damage":6,"enemies":"Cultist","floor":5,"turns":3},{"damage":4,"enemies":"Looter","floor":8,"turns":3},{"damage":0,"enemies":"Gremlin Nob","floor":9,"turns":2},{"damage":0,"enemies":"Exordium Thugs","floor":11,"turns":2},{"damage":0,"enemies":"Blue Slaver","floor":12,"turns":2},{"damage":15,"enemies":"3 Sentries","floor":14,"turns":5},{"damage":3,"enemies":"3 Louse","floor":15,"turns":3},{"damage":54,"enemies":"The Guardian","floor":16,"turns":3}],"seed_played":"-2639184952041159630","potions_obtained":[{"floor":5,"key":"DuplicationPotion"},{"floor":8,"key":"AttackPotion"},{"floor":12,"key":"SteroidPotion"},{"floor":15,"key":"SkillPotion"}],"is_trial":false,"path_per_floor":["R","M","M","?","M","?","T","M","?","R","M","M","R","E","M","B"],"character_chosen":"WATCHER","items_purchased":[],"campfire_rested":0,"item_purchase_floors":[],"current_hp_per_floor":[72,72,72,72,66,71,71,67,67,67,67,67,67,52,49,0,0],"gold":338,"neow_bonus":"RANDOM_COMMON_RELIC","is_daily":false,"chose_seed":false,"campfire_upgraded":3,"win_rate":0.0,"timestamp":1610942229,"path_taken":["R","M","M","?","M","?","T","M","?","R","M","M","R","E","M","BOSS"],"items_purchased_type":[],"build_version":"2020-12-22","purchased_purges":0,"victory":false,"max_hp_per_floor":[72,72,72,72,72,77,77,77,77,77,77,77,77,77,77,77,77],"card_choices":[{"not_picked":["Protect","Nirvana"],"picked":"FlurryOfBlows","floor":2},{"not_picked":["Weave","JustLucky"],"picked":"Crescendo","floor":3},{"not_picked":["WreathOfFlame","TalkToTheHand"],"picked":"Wallop","floor":5},{"not_picked":["InnerPeace","CutThroughFate","Worship"],"picked":"SKIP","floor":8},{"not_picked":["InnerPeace","Meditate"],"picked":"Protect","floor":11},{"not_picked":["BowlingBash","FollowUp"],"picked":"ForeignInfluence","floor":12},{"not_picked":["FearNoEvil","FollowUp"],"picked":"EmptyMind","floor":14},{"not_picked":["JustLucky","WaveOfTheHand","Collect"],"picked":"SKIP","floor":15}],"player_experience":806098,"relics_obtained":[{"floor":7,"key":"Matryoshka"},{"floor":9,"key":"Ancient Tea Set"},{"floor":14,"key":"Juzu Bracelet"}],"event_choices":[{"damage_healed":0,"gold_gain":0,"player_choice":"Take Wound","damage_taken":0,"relics_obtained":["Golden Idol"],"max_hp_gain":0,"max_hp_loss":0,"event_name":"Golden Idol","floor":4,"gold_loss":0,"cards_obtained":["Injury"]},{"damage_healed":0,"gold_gain":0,"player_choice":"Donut","damage_taken":0,"max_hp_gain":5,"max_hp_loss":0,"event_name":"Big Fish","floor":6,"gold_loss":0},{"damage_healed":0,"gold_gain":0,"player_choice":"Searched \u00271\u0027 times","damage_taken":0,"max_hp_gain":0,"max_hp_loss":0,"event_name":"Dead Adventurer","floor":9,"gold_loss":0}],"is_beta":false,"boss_relics":[],"items_purged_floors":[],"is_endless":false,"potions_floor_spawned":[5,8,12,15],"killed_by":"The Guardian","ascension_level":3}}