{"host":"f5gffvlv6a66yqkd","time":1610987227,"event":{"mods":["2.2 Compatiblity","Alarm Clock","BaseMod","Colored Map","Custom Start","DeckTracker","Keyboard Shortcuts","Minty Spire (QoL Compilation)","Permanent Neow","Quick Restart","Relic Stats","StSLib","SuperFastMode"],"gold_per_floor":[111,130,130,141,158,158,158,158,158,186,27,55,68,97,97,170,170,181,181,191,210,228,228,239,239,239,239,239,639,7,7,7,81,81,93,118,118,118,137,137,152,152,152,162,85,85,85],"floor_reached":46,"language":"KOR","playtime":1421,"items_purged":["Strike_G"],"score":901,"play_id":"295511fe-5a19-4a80-bdab-68822453c527","local_time":"20210119012707","is_ascension_mode":true,"campfire_choices":[{"data":"Blade Dance","floor":6.0,"key":"SMITH"},{"floor":8.0,"key":"REST"},{"data":"Accuracy","floor":15.0,"key":"SMITH"},{"floor":23.0,"key":"REST"},{"floor":25.0,"key":"REST"},{"data":"After Image","floor":28.0,"key":"SMITH"},{"floor":32.0,"key":"REST"},{"data":"After Image","floor":40.0,"key":"SMITH"},{"data":"Backflip","floor":42.0,"key":"SMITH"}],"circlet_count":0,"master_deck":["AscendersBane","Survivor","Neutralize+1","Blade Dance+1","Poisoned Stab","PiercingWail","Dagger Throw+1","Accuracy+1","Acrobatics","Phantasmal Killer","Catalyst","After Image+1","Bouncing Flask","Quick Slash","Finisher","All Out Attack","Acrobatics+1","Backflip+1","Footwork","After Image+1","Backflip+1","Deflect+1","Footwork+1","Blade Dance+1","Tactician+1"],"relics":["Ring of the Serpent","Mercury Hourglass","Whetstone","Nunchaku","StoneCalendar","Pandora\u0027s Box","Lizard Tail","Old Coin","Shuriken","Kunai","Toxic Egg 2","Unceasing Top"],"acts_visited":["Exordium","TheCity","TheBeyond"],"potions_floor_usage":[46],"damage_taken":[{"damage":2.0,"enemies":"2 Louse","floor":1.0,"turns":4.0},{"damage":0.0,"enemies":"Small Slimes","floor":2.0,"turns":3.0},{"damage":3.0,"enemies":"Jaw Worm","floor":4.0,"turns":4.0},{"damage":3.0,"enemies":"Blue Slaver","floor":5.0,"turns":4.0},{"damage":6.0,"enemies":"Lagavulin","floor":10.0,"turns":5.0},{"damage":7.0,"enemies":"Gremlin Nob","floor":12.0,"turns":3.0},{"damage":0.0,"enemies":"Gremlin Gang","floor":13.0,"turns":3.0},{"damage":5.0,"enemies":"Lagavulin","floor":14.0,"turns":7.0},{"damage":17.0,"enemies":"Slime Boss","floor":16.0,"turns":6.0},{"damage":10.0,"enemies":"3 Byrds","floor":18.0,"turns":4.0},{"damage":17.0,"enemies":"Shell Parasite","floor":20.0,"turns":3.0},{"damage":14.0,"enemies":"3 Cultists","floor":21.0,"turns":5.0},{"damage":56.0,"enemies":"Cultist and Chosen","floor":22.0,"turns":6.0},{"damage":17.0,"enemies":"Centurion and Healer","floor":24.0,"turns":5.0},{"damage":17.0,"enemies":"Colosseum Slavers","floor":29.0,"turns":3.0},{"damage":51.0,"enemies":"Colosseum Nobs","floor":29.0,"turns":4.0},{"damage":40.0,"enemies":"Automaton","floor":33.0,"turns":6.0},{"damage":15.0,"enemies":"Orb Walker","floor":35.0,"turns":3.0},{"damage":5.0,"enemies":"Mind Bloom Boss Battle","floor":36.0,"turns":7.0},{"damage":50.0,"enemies":"3 Darklings","floor":39.0,"turns":6.0},{"damage":0.0,"enemies":"Maw","floor":41.0,"turns":6.0},{"damage":29.0,"enemies":"Writhing Mass","floor":44.0,"turns":7.0},{"damage":21,"enemies":"3 Darklings","floor":46,"turns":1}],"seed_played":"7371256791778699786","potions_obtained":[{"floor":2.0,"key":"Fruit Juice"},{"floor":4.0,"key":"FearPotion"},{"floor":13.0,"key":"SteroidPotion"},{"floor":14.0,"key":"SneckoOil"},{"floor":16.0,"key":"Weak Potion"},{"floor":20.0,"key":"EntropicBrew"},{"floor":24.0,"key":"Weak Potion"},{"floor":29.0,"key":"AttackPotion"},{"floor":39.0,"key":"Swift Potion"},{"floor":44.0,"key":"Strength Potion"}],"is_trial":false,"path_per_floor":["M","M","?","M","M","R","?","R","T","E","$","E","M","E","R","B",null,"M","?","M","M","M","R","M","R","T","?","R","?","$","?","R","B",null,"M","?","?","?","M","R","M","R","T","M","$","M"],"character_chosen":"THE_SILENT","items_purchased":["Accuracy","Kunai","Toxic Egg 2","Footwork","Tactician+1"],"campfire_rested":4,"item_purchase_floors":[11,30,30,30,45],"current_hp_per_floor":[54,54,31,28,25,30,30,54,54,48,48,41,41,36,36,19,67,57,57,40,26,13,37,20,44,44,44,44,41,41,17,43,3,67,52,47,47,98,48,48,48,48,48,19,19,0,0],"gold":85,"neow_bonus":"TWENTY_PERCENT_HP_BONUS","is_daily":false,"chose_seed":false,"campfire_upgraded":5,"win_rate":0.0,"timestamp":1610987227,"path_taken":["M","M","?","M","M","R","?","R","T","E","$","E","M","E","R","BOSS","M","?","M","M","M","R","M","R","T","?","R","?","$","?","R","BOSS","M","?","?","?","?","R","M","R","T","M","$","M"],"items_purchased_type":["Card","Relic","Relic","Card","Card"],"build_version":"2020-12-22","purchased_purges":1,"victory":false,"max_hp_per_floor":[78,78,78,78,78,83,83,83,83,83,83,83,83,83,83,83,83,83,83,83,83,83,83,83,83,83,83,83,83,83,88,88,88,88,88,88,88,98,98,98,98,98,98,98,98,98,98],"relic_stats":{"Nunchaku":[21],"Lizard Tail":41,"counters":[23,104],"Shuriken":[20],"StoneCalendar":[52],"Pandora\u0027s Box":["Catalyst","After Image","Bouncing Flask","Envenom","Quick Slash","Finisher","Eviscerate","All Out Attack"],"Whetstone":["Dagger Throw","Strike_G"],"Kunai":[20],"obtain_stats":[{"StoneCalendar":14,"Whetstone":10,"Mercury Hourglass":9,"Old Coin":29,"Nunchaku":12,"Lizard Tail":26,"Shuriken":29,"Pandora\u0027s Box":17,"Kunai":30,"Toxic Egg 2":30,"Ring of the Serpent":34,"Unceasing Top":36,"Ring of the Snake":0},{"StoneCalendar":8,"Whetstone":5,"Mercury Hourglass":4,"Old Coin":16,"Nunchaku":6,"Lizard Tail":14,"Shuriken":16,"Pandora\u0027s Box":9,"Kunai":16,"Toxic Egg 2":16,"Ring of the Serpent":17,"Unceasing Top":19,"Ring of the Snake":0},{"StoneCalendar":33,"Whetstone":20,"Mercury Hourglass":15,"Old Coin":69,"Nunchaku":23,"Lizard Tail":62,"Shuriken":69,"Pandora\u0027s Box":39,"Kunai":69,"Toxic Egg 2":69,"Ring of the Serpent":75,"Unceasing Top":85,"Ring of the Snake":0}],"Unceasing Top":[0],"Mercury Hourglass":[380]},"card_choices":[{"not_picked":["Cloak And Dagger","Deadly Poison"],"picked":"Blade Dance","floor":1.0},{"not_picked":["Acrobatics","Backflip"],"picked":"Poisoned Stab","floor":2.0},{"not_picked":["Sucker Punch","Escape Plan"],"picked":"PiercingWail","floor":4.0},{"not_picked":["Storm of Steel","Quick Slash","PiercingWail"],"picked":"SKIP","floor":5.0},{"not_picked":["Dodge and Roll","Quick Slash","Flying Knee"],"picked":"SKIP","floor":10.0},{"not_picked":["Blade Dance","Eviscerate"],"picked":"Acrobatics","floor":12.0},{"not_picked":["Riddle With Holes","Outmaneuver","Caltrops"],"picked":"SKIP","floor":13.0},{"not_picked":["Dagger Spray","Dagger Throw","Backflip"],"picked":"SKIP","floor":14.0},{"not_picked":["Envenom","Doppelganger"],"picked":"Phantasmal Killer","floor":16.0},{"not_picked":["Bouncing Flask","Dagger Spray+1"],"picked":"Acrobatics+1","floor":18.0},{"not_picked":["Noxious Fumes+1","Dagger Spray","Quick Slash"],"picked":"SKIP","floor":20.0},{"not_picked":["Bane+1","Acrobatics","Slice"],"picked":"SKIP","floor":21.0},{"not_picked":["Slice","Outmaneuver","Choke"],"picked":"SKIP","floor":22.0},{"not_picked":["Calculated Gamble","Dodge and Roll"],"picked":"Backflip","floor":24.0},{"not_picked":["Night Terror+1","Envenom"],"picked":"After Image","floor":33.0},{"not_picked":["Dagger Spray","Quick Slash"],"picked":"Backflip+1","floor":35.0},{"not_picked":["Heel Hook+1","Flying Knee"],"picked":"Deflect+1","floor":36.0},{"not_picked":["Infinite Blades","Catalyst+1","Sucker Punch+1"],"picked":"SKIP","floor":39.0},{"not_picked":["Endless Agony","Underhanded Strike"],"picked":"Footwork+1","floor":41.0},{"not_picked":["Acrobatics+1","Dagger Throw"],"picked":"Blade Dance+1","floor":44.0}],"player_experience":1589891,"relics_obtained":[{"floor":9.0,"key":"Mercury Hourglass"},{"floor":10.0,"key":"Whetstone"},{"floor":12.0,"key":"Nunchaku"},{"floor":14.0,"key":"StoneCalendar"},{"floor":26.0,"key":"Lizard Tail"},{"floor":29.0,"key":"Old Coin"},{"floor":29.0,"key":"Shuriken"},{"floor":36.0,"key":"Unceasing Top"}],"event_choices":[{"damage_healed":0.0,"max_hp_gain":0.0,"max_hp_loss":0.0,"gold_gain":0.0,"event_name":"Shining Light","player_choice":"Entered Light","floor":3.0,"gold_loss":0.0,"damage_taken":23.0,"cards_upgraded":["Neutralize","Strike_G"]},{"damage_healed":0.0,"max_hp_gain":0.0,"max_hp_loss":0.0,"gold_gain":0.0,"cards_transformed":["Strike_G"],"event_name":"Living Wall","player_choice":"Change","floor":7.0,"gold_loss":0.0,"damage_taken":0.0,"cards_obtained":["Dagger Throw"]},{"damage_healed":0.0,"max_hp_gain":0.0,"max_hp_loss":0.0,"gold_gain":0.0,"event_name":"The Mausoleum","player_choice":"Ignored","floor":19.0,"gold_loss":0.0,"damage_taken":0.0},{"damage_healed":0.0,"max_hp_gain":0.0,"max_hp_loss":0.0,"gold_gain":0.0,"event_name":"Vampires","player_choice":"Ignored","floor":27.0,"gold_loss":0.0,"damage_taken":0.0},{"damage_healed":0.0,"max_hp_gain":0.0,"max_hp_loss":0.0,"gold_gain":0.0,"event_name":"Colosseum","player_choice":"Fight","floor":29.0,"gold_loss":0.0,"damage_taken":0.0},{"damage_healed":0.0,"max_hp_gain":0.0,"max_hp_loss":0.0,"gold_gain":0.0,"event_name":"Colosseum","player_choice":"Fought Nobs","floor":29.0,"gold_loss":0.0,"damage_taken":0.0},{"damage_healed":0.0,"max_hp_gain":5.0,"max_hp_loss":0.0,"gold_gain":0.0,"event_name":"Forgotten Altar","player_choice":"Shed Blood","floor":31.0,"gold_loss":0.0,"damage_taken":29.0},{"damage_healed":0.0,"max_hp_gain":0.0,"max_hp_loss":0.0,"gold_gain":0.0,"event_name":"MindBloom","player_choice":"Fight","floor":36.0,"gold_loss":0.0,"damage_taken":0.0},{"cards_removed":["Eviscerate"],"damage_healed":0.0,"max_hp_gain":0.0,"max_hp_loss":0.0,"gold_gain":0.0,"event_name":"Falling","player_choice":"Removed Attack","floor":37.0,"gold_loss":0.0,"damage_taken":0.0},{"cards_removed":["Envenom"],"damage_healed":41.0,"max_hp_gain":10.0,"max_hp_loss":0.0,"gold_gain":0.0,"event_name":"Bonfire Elementals","player_choice":"Offered Rare","floor":38.0,"gold_loss":0.0,"damage_taken":0.0}],"is_beta":false,"boss_relics":[{"not_picked":["Black Star","Calling Bell"],"picked":"Pandora\u0027s Box"},{"not_picked":["Busted Crown","Runic Dome"],"picked":"Ring of the Serpent"}],"items_purged_floors":[11],"is_endless":false,"potions_floor_spawned":[2,4,13,14,16,20,24,29,39,44],"killed_by":"3 Darklings","ascension_level":20}}