{"host":"6pgtslebjnyv5xmi","time":1610984093,"event":{"mods":["AchievementEnabler","BaseMod","Colored Map","Minty Spire (QoL Compilation)","Rare Cards Sparkle","StSLib","SuperFastMode","The Cursed","everything is the same but u backflip on backflip"],"gold_per_floor":[118,118,118,134,284,319,319,78,101,101,1,51,69,69,69,146,146,164,176,22,41,41,41,41],"floor_reached":23,"language":"KOR","playtime":729,"items_purged":["Doubt","Strike_R"],"score":371,"play_id":"b497de7c-62ba-4fc2-8a8d-ab96b07756e6","local_time":"20210119003453","is_ascension_mode":true,"campfire_choices":[{"data":"Reaper","floor":7.0,"key":"SMITH"},{"data":"Battle Trance","floor":10.0,"key":"SMITH"},{"data":"Bash","floor":15,"key":"SMITH"}],"circlet_count":0,"master_deck":["AscendersBane","Strike_R","Strike_R","Strike_R","Strike_R","Defend_R","Defend_R","Defend_R","Defend_R","Bash+1","Armaments+1","Battle Trance+1","Reaper+1","Heavy Blade+1","Sword Boomerang+1","Limit Break","Spot Weakness","Sword Boomerang+1","Sword Boomerang+1","Thunderclap+1"],"relics":["Burning Blood","NeowsBlessing","Ornamental Fan","Molten Egg 2","Happy Flower","Mark of Pain"],"acts_visited":["Exordium","TheCity"],"potions_floor_usage":[16,21],"damage_taken":[{"damage":0.0,"enemies":"Small Slimes","floor":1.0,"turns":1.0},{"damage":0.0,"enemies":"2 Louse","floor":4.0,"turns":2.0},{"damage":0.0,"enemies":"Gremlin Nob","floor":6.0,"turns":1.0},{"damage":2,"enemies":"Jaw Worm","floor":13,"turns":4},{"damage":67,"enemies":"The Guardian","floor":16,"turns":14},{"damage":34,"enemies":"3 Byrds","floor":18,"turns":6},{"damage":34,"enemies":"2 Thieves","floor":19,"turns":4},{"damage":13,"enemies":"Centurion and Healer","floor":21,"turns":4},{"damage":51,"enemies":"Slavers","floor":23,"turns":3}],"seed_played":"-1289486817047920444","potions_obtained":[{"floor":4.0,"key":"Dexterity Potion"},{"floor":6.0,"key":"Ancient Potion"},{"floor":13,"key":"BloodPotion"},{"floor":19,"key":"SpeedPotion"}],"is_trial":false,"path_per_floor":["M","?","?","M","?","E","R","$","T","R","$","?","M","$","R","B",null,"M","M","$","M","$","E"],"character_chosen":"IRONCLAD","items_purchased":["Molten Egg 2","Heavy Blade+1","Sword Boomerang+1"],"campfire_rested":0,"item_purchase_floors":[8,11,20],"current_hp_per_floor":[74,74,79,80,80,80,80,80,80,80,80,72,80,80,80,42,71,47,41,41,34,34,0,0],"gold":41,"neow_bonus":"THREE_ENEMY_KILL","is_daily":false,"chose_seed":false,"campfire_upgraded":3,"win_rate":0.0,"timestamp":1610984093,"path_taken":["M","?","?","M","?","E","R","$","T","R","?","?","?","?","R","BOSS","M","M","$","?","$","E"],"items_purchased_type":["Relic","Card","Card"],"build_version":"2020-12-22","purchased_purges":2,"victory":false,"max_hp_per_floor":[75,75,80,80,80,80,80,80,80,80,80,80,80,80,80,80,80,80,80,80,80,80,80,80],"card_choices":[{"not_picked":["Anger","Uppercut"],"picked":"Armaments","floor":1.0},{"not_picked":["Body Slam","Pommel Strike"],"picked":"Battle Trance","floor":4.0},{"not_picked":["Twin Strike","Metallicize"],"picked":"Reaper","floor":6.0},{"not_picked":["Armaments","Clash+1"],"picked":"Sword Boomerang+1","floor":13},{"not_picked":["Reaper+1","Feed+1"],"picked":"Limit Break","floor":16},{"not_picked":["Pommel Strike+1","Clothesline+1"],"picked":"Spot Weakness","floor":18},{"not_picked":["Twin Strike+1","Flex"],"picked":"Sword Boomerang+1","floor":19},{"not_picked":["Perfected Strike+1","Brutality"],"picked":"Thunderclap+1","floor":21}],"player_experience":972906,"relics_obtained":[{"floor":6.0,"key":"Ornamental Fan"},{"floor":9.0,"key":"Happy Flower"}],"event_choices":[{"damage_healed":0.0,"max_hp_gain":0.0,"max_hp_loss":0.0,"gold_gain":0.0,"event_name":"Living Wall","player_choice":"Grow","floor":2.0,"gold_loss":0.0,"damage_taken":0.0,"cards_upgraded":["Armaments"]},{"damage_healed":0.0,"max_hp_gain":5.0,"max_hp_loss":0.0,"gold_gain":0.0,"event_name":"Big Fish","player_choice":"Donut","floor":3.0,"gold_loss":0.0,"damage_taken":0.0},{"damage_healed":0.0,"max_hp_gain":0.0,"max_hp_loss":0.0,"gold_gain":150.0,"event_name":"Liars Game","player_choice":"AGREE","floor":5.0,"gold_loss":0.0,"damage_taken":0.0,"cards_obtained":["Doubt"]},{"damage_healed":0,"gold_gain":50,"player_choice":"Touch","damage_taken":8,"max_hp_gain":0,"max_hp_loss":0,"event_name":"FaceTrader","floor":12,"gold_loss":0}],"is_beta":false,"boss_relics":[{"not_picked":["Black Blood","Runic Pyramid"],"picked":"Mark of Pain"}],"items_purged_floors":[11,20],"is_endless":false,"potions_floor_spawned":[4,6,13,19],"killed_by":"Slavers","ascension_level":15}}