{"host":"zxd2l8an9de7z7b9","time":1610963469,"event":{"mods":["100% Spire Juice","2.2 Compatiblity","Arknights The Spire","BaseMod","CapriCore","Colored Map","Colored Powertips","GungeonMod","Lobotomy","Marisa£¨Ùöéë¡¡Øª×âÞÞ£©","Minty Spire (QoL Compilation)","Rare Cards Sparkle","StSLib","The Bug Knight","The Jungle"],"gold_per_floor":[117,117,61,72,82,115,115,143,216,216,236,256,316,316,316],"floor_reached":14,"language":"KOR","playtime":821,"items_purged":[],"score":100,"play_id":"aa30f671-8a60-42c4-9dfa-764dff9d6693","local_time":"20210118185109","is_ascension_mode":false,"campfire_choices":[{"floor":7,"key":"REST"},{"floor":10,"key":"REST"}],"circlet_count":0,"master_deck":["DemoMod:Strike_Huntress","DemoMod:Strike_Huntress","DemoMod:Strike_Huntress","DemoMod:Defend_Huntress","DemoMod:Defend_Huntress","DemoMod:Defend_Huntress","DemoMod:Defend_Huntress","DemoMod:Roll","DemoMod:ManualReload","DemoMod:RustySidearm","DemoMod:CrossBow+1","DemoMod:BoxingGlove","DemoMod:CursedBullets","DemoMod:MachoBrace","DemoMod:Desperate","DemoMod:HighKaliber","DemoMod:HungryBullets","DemoMod:StickyCrossBow","DemoMod:ConditionalReflex","DemoMod:BulletBore"],"relics":["DemoMod:Dog","Ornamental Fan","Gambling Chip","HollowMod:StagPassRelic","DemoMod:CrisisStone","The Courier"],"acts_visited":["Exordium"],"potions_floor_usage":[6,13,13],"damage_taken":[{"damage":6,"enemies":"Jaw Worm","floor":1,"turns":2},{"damage":3,"enemies":"Small Slimes","floor":4,"turns":3},{"damage":0,"enemies":"Cultist","floor":5,"turns":3},{"damage":47,"enemies":"Gremlin Nob","floor":6,"turns":7},{"damage":15,"enemies":"Lagavulin","floor":8,"turns":6},{"damage":13,"enemies":"Exordium Wildlife","floor":11,"turns":3},{"damage":0,"enemies":"Large Slime","floor":12,"turns":4},{"damage":30,"enemies":"Lagavulin Event","floor":13,"turns":5},{"damage":0,"enemies":"Gremlin Nob","floor":14,"turns":2}],"seed_played":"4343212836795784698","potions_obtained":[{"floor":5,"key":"DemoMod:LeadSkinPotion"},{"floor":8,"key":"LiquidBronze"},{"floor":11,"key":"Fire Potion"},{"floor":12,"key":"Dexterity Potion"}],"is_trial":false,"path_per_floor":["M","?","?","M","M","E","R","E","T","R","M","M","?","E"],"character_chosen":"HUNTRESS","items_purchased":[],"campfire_rested":2,"item_purchase_floors":[],"current_hp_per_floor":[64,69,69,66,66,19,41,26,26,48,35,35,5,5,5],"gold":316,"neow_bonus":"UPGRADE_CARD","is_daily":false,"chose_seed":false,"campfire_upgraded":0,"win_rate":0.0,"timestamp":1610963469,"path_taken":["M","?","?","M","M","E","R","E","T","R","M","?","?","E"],"items_purchased_type":[],"build_version":"2020-12-22","purchased_purges":0,"victory":false,"max_hp_per_floor":[70,75,75,75,75,75,75,75,75,75,75,75,75,75,75],"card_choices":[{"not_picked":["DemoMod:DirectionalPad","DemoMod:JK47"],"picked":"DemoMod:BoxingGlove","floor":1},{"not_picked":["DemoMod:SniperShot","DemoMod:EasyReloadBullets"],"picked":"DemoMod:CursedBullets","floor":4},{"not_picked":["DemoMod:ChanceBullets","DemoMod:FastSwitch"],"picked":"DemoMod:MachoBrace","floor":5},{"not_picked":["DemoMod:Polaris","DemoMod:Ejector"],"picked":"DemoMod:Desperate","floor":6},{"not_picked":["DemoMod:BlankBullets","DemoMod:BoxingGlove","DemoMod:HighKaliber"],"picked":"SKIP","floor":6},{"not_picked":["DemoMod:BlankBullets","DemoMod:BoxingGlove"],"picked":"DemoMod:HighKaliber","floor":6},{"not_picked":["DemoMod:SkilledReload","DemoMod:RadGun"],"picked":"DemoMod:HungryBullets","floor":8},{"not_picked":["DemoMod:DoubleSwitch","DemoMod:Ejector"],"picked":"DemoMod:StickyCrossBow","floor":11},{"not_picked":["DemoMod:CombinedRifle","DemoMod:FastSwitch"],"picked":"DemoMod:ConditionalReflex","floor":12},{"not_picked":["DemoMod:GunstockTap","DemoMod:PracticeMakesPerfect"],"picked":"DemoMod:BulletBore","floor":13}],"player_experience":358807,"relics_obtained":[{"floor":6,"key":"Gambling Chip"},{"floor":8,"key":"HollowMod:StagPassRelic"},{"floor":9,"key":"DemoMod:CrisisStone"}],"event_choices":[{"damage_healed":0,"gold_gain":0,"player_choice":"Donut","damage_taken":0,"max_hp_gain":5,"max_hp_loss":0,"event_name":"Big Fish","floor":2,"gold_loss":0},{"damage_healed":0,"gold_gain":0,"player_choice":"Paid Gold","damage_taken":0,"relics_obtained":["Ornamental Fan"],"max_hp_gain":0,"max_hp_loss":0,"event_name":"WeMeetAgain","floor":3,"gold_loss":56},{"damage_healed":0,"gold_gain":0,"player_choice":"Searched \u00272\u0027 times","damage_taken":0,"relics_obtained":["The Courier"],"max_hp_gain":0,"max_hp_loss":0,"event_name":"Dead Adventurer","floor":13,"gold_loss":0}],"is_beta":false,"boss_relics":[],"items_purged_floors":[],"is_endless":false,"potions_floor_spawned":[5,8,11,12],"killed_by":"Gremlin Nob","ascension_level":0}}