{"host":"jb40sdn36ct36hhv","time":1610935097,"event":{"mods":["Act Like it!","BaseMod","Better Third Choice","Minty Spire (QoL Compilation)","QueenMod","StSLib"],"gold_per_floor":[116,116,133,153,171,197,208,208,231,231,247,273,292,340,340,444,444,472,483,583,508,423,453,478,514,514,514,534,534,142,142,142,247,247,267,494,404,150,168,168,202,217,243,260,80,100,119,155,155,155,155,155,10,47,47],"floor_reached":56,"language":"ENG","playtime":6138,"items_purged":["QueenMod:Strike","QueenMod:Strike"],"score":1484,"play_id":"e9e2f45f-3523-4859-add9-18cd14066fa6","local_time":"20210117175817","is_ascension_mode":false,"campfire_choices":[{"data":"QueenMod:Recruit","floor":8.0,"key":"SMITH"},{"data":"QueenMod:Incubate","floor":10.0,"key":"SMITH"},{"data":"QueenMod:PopulateOrder","floor":15.0,"key":"SMITH"},{"data":"QueenMod:Infest","floor":27,"key":"SMITH"},{"floor":29,"key":"RECALL"},{"data":"QueenMod:GatheringSwarm","floor":32,"key":"SMITH"},{"data":"QueenMod:ForcedMarch","floor":40,"key":"SMITH"},{"data":"Panache","floor":49,"key":"SMITH"},{"data":"QueenMod:QuickJabs","floor":52,"key":"SMITH"}],"circlet_count":0,"master_deck":["QueenMod:Defend","QueenMod:Defend","QueenMod:Defend+1","QueenMod:Defend","QueenMod:QuickJabs+1","QueenMod:Recruit+1","QueenMod:Conscripts","QueenMod:Conscripts","QueenMod:Incubate+1","QueenMod:Conscripts","QueenMod:Conscripts","QueenMod:Conscripts","QueenMod:Infest+1","QueenMod:PopulateOrder+1","QueenMod:ForcedMarch+1","QueenMod:Incubate+1","QueenMod:Conscripts","QueenMod:Conscripts","QueenMod:Conscripts","QueenMod:Charge+1","QueenMod:Feast+1","QueenMod:GatheringSwarm+1","QueenMod:MilitaryHandbook+1","QueenMod:DignifiedSlap+1","QueenMod:WarTrumpet+1","QueenMod:BirthingCells+1","QueenMod:Incubate+1","Panache+1","QueenMod:Gather+1","QueenMod:Gather+1"],"relics":["QueenMod:QueensBanner","MealTicket","Matryoshka","Pen Nib","Nunchaku","CeramicFish","Akabeko","QueenMod:DraftNotice","SlaversCollar","HornCleat","Torii","StoneCalendar","Du-Vu Doll","Pear","Calipers","Potion Belt","Black Star","Lizard Tail","Thread and Needle","Vajra","Kunai","Orichalcum","Turnip","Incense Burner","TheAbacus","Art of War","War Paint"],"acts_visited":["TheBeyond","TheEnding"],"potions_floor_usage":[55,55,55,55],"damage_taken":[{"damage":1.0,"enemies":"Jaw Worm","floor":1.0,"turns":4.0},{"damage":1.0,"enemies":"Cultist","floor":3.0,"turns":4.0},{"damage":0.0,"enemies":"Small Slimes","floor":4.0,"turns":3.0},{"damage":7.0,"enemies":"3 Louse","floor":5.0,"turns":4.0},{"damage":14.0,"enemies":"Gremlin Nob","floor":6.0,"turns":5.0},{"damage":0.0,"enemies":"Exordium Wildlife","floor":7.0,"turns":4.0},{"damage":9.0,"enemies":"Large Slime","floor":11.0,"turns":5.0},{"damage":5.0,"enemies":"3 Sentries","floor":12.0,"turns":6.0},{"damage":3.0,"enemies":"Red Slaver","floor":13.0,"turns":4.0},{"damage":0.0,"enemies":"The Guardian","floor":16.0,"turns":8.0},{"damage":3.0,"enemies":"2 Thieves","floor":18.0,"turns":4.0},{"damage":0.0,"enemies":"Spheric Guardian","floor":19.0,"turns":7.0},{"damage":1.0,"enemies":"Slavers","floor":23.0,"turns":4.0},{"damage":1.0,"enemies":"3 Cultists","floor":24.0,"turns":5.0},{"damage":0.0,"enemies":"Book of Stabbing","floor":25.0,"turns":6.0},{"damage":8,"enemies":"Snake Plant","floor":28,"turns":4},{"damage":9,"enemies":"Collector","floor":33,"turns":5},{"damage":0,"enemies":"3 Shapes","floor":35,"turns":3},{"damage":1,"enemies":"3 Darklings","floor":39,"turns":3},{"damage":0,"enemies":"Reptomancer","floor":41,"turns":3},{"damage":0,"enemies":"Jaw Worm Horde","floor":42,"turns":3},{"damage":0,"enemies":"Transient","floor":44,"turns":5},{"damage":0,"enemies":"4 Shapes","floor":46,"turns":2},{"damage":0,"enemies":"Jaw Worm Horde","floor":47,"turns":2},{"damage":0,"enemies":"Giant Head","floor":48,"turns":6},{"damage":1,"enemies":"Donu and Deca","floor":50,"turns":8},{"damage":0,"enemies":"Shield and Spear","floor":54,"turns":7},{"damage":44,"enemies":"The Heart","floor":55,"turns":8}],"seed_played":"88695618792585210","potions_obtained":[{"floor":3.0,"key":"LiquidMemories"},{"floor":5.0,"key":"BlessingOfTheForge"},{"floor":12.0,"key":"Energy Potion"},{"floor":16.0,"key":"SteroidPotion"},{"floor":18.0,"key":"Block Potion"},{"floor":23.0,"key":"DuplicationPotion"},{"floor":33,"key":"FairyPotion"},{"floor":35,"key":"LiquidMemories"},{"floor":41,"key":"Ancient Potion"},{"floor":47,"key":"Regen Potion"}],"is_trial":false,"path_per_floor":["M","?","M","M","M","E","M","R","T","R","M","E","M","T","R","B",null,"M","M","?","?","?","E","M","E","T","R","M","R","$","T","R","B",null,"M","?","?","$","M","R","E","M","T","M","$","M","M","E","R","B",null,"R","$","E","B",null],"character_chosen":"THE_QUEEN","items_purchased":["Calipers","QueenMod:GatheringSwarm","Vajra","Panache","TheAbacus"],"campfire_rested":0,"item_purchase_floors":[30,30,38,45,53],"current_hp_per_floor":[74,74,73,73,66,52,52,52,52,52,43,38,35,35,35,35,75,72,72,72,72,72,71,70,70,80,80,72,72,85,85,85,76,85,85,85,85,85,84,84,84,84,84,84,85,85,85,85,85,84,85,85,85,85,56],"gold":47,"neow_bonus":"RANDOM_COMMON_RELIC","is_daily":false,"chose_seed":false,"campfire_upgraded":8,"win_rate":0.0,"timestamp":1610935097,"path_taken":["M","?","M","M","M","E","M","R","T","R","M","E","M","?","R","BOSS","BOSS","M","M","?","?","?","E","M","E","T","R","M","R","$","?","R","BOSS","M","?","?","$","M","R","E","M","T","M","$","?","M","E","R","BOSS","R","$","E","BOSS"],"items_purchased_type":["Relic","Card","Relic","Card","Relic"],"build_version":"2020-12-22","purchased_purges":2,"victory":true,"max_hp_per_floor":[75,75,75,75,75,75,75,75,75,75,75,75,75,75,75,75,75,75,75,75,75,75,75,75,75,85,85,85,85,85,85,85,85,85,85,85,85,85,85,85,85,85,85,85,85,85,85,85,85,85,85,85,85,85,85],"card_choices":[{"not_picked":["QueenMod:Gather","QueenMod:Parry"],"picked":"QueenMod:Conscripts","floor":1.0},{"not_picked":["QueenMod:SplitStrike","QueenMod:HoneycombSmash"],"picked":"QueenMod:Incubate","floor":3.0},{"not_picked":["QueenMod:HoneycombSmash","QueenMod:Feast"],"picked":"QueenMod:Conscripts","floor":4.0},{"not_picked":["QueenMod:Ravage","QueenMod:Knighting"],"picked":"QueenMod:Infest","floor":5.0},{"not_picked":["QueenMod:Mark","QueenMod:Parry","QueenMod:HoneycombSmash"],"picked":"SKIP","floor":6.0},{"not_picked":["QueenMod:SplitStrike","QueenMod:Parry"],"picked":"QueenMod:Incubate","floor":7.0},{"not_picked":["QueenMod:Gather","QueenMod:Fleche","QueenMod:HexGuard"],"picked":"SKIP","floor":11.0},{"not_picked":["QueenMod:PerfectLanding","QueenMod:SplitStrike","QueenMod:WorkerDrones"],"picked":"SKIP","floor":12.0},{"not_picked":["QueenMod:Gather","QueenMod:PollenBlast"],"picked":"QueenMod:PopulateOrder","floor":13.0},{"not_picked":["QueenMod:EliteSoldiers","QueenMod:TortureDance"],"picked":"QueenMod:ForcedMarch","floor":16.0},{"not_picked":["QueenMod:Parry","QueenMod:OverwhelmingForce"],"picked":"QueenMod:Incubate+1","floor":18.0},{"not_picked":["QueenMod:PerfectLanding","QueenMod:Flyby","QueenMod:HoneyTrap"],"picked":"SKIP","floor":19.0},{"not_picked":["QueenMod:WarBuzz","QueenMod:Mark","QueenMod:PopulateOrder"],"picked":"SKIP","floor":23.0},{"not_picked":["QueenMod:CrossGuard+1","QueenMod:Rally"],"picked":"QueenMod:Conscripts","floor":24.0},{"not_picked":["QueenMod:Honeyblaster","QueenMod:HexGuard"],"picked":"QueenMod:Charge+1","floor":25},{"not_picked":["QueenMod:AttackOrder","QueenMod:HexGuard"],"picked":"QueenMod:Feast","floor":28},{"not_picked":["QueenMod:RoyalOrder","QueenMod:TortureDance"],"picked":"QueenMod:MilitaryHandbook","floor":33},{"not_picked":["QueenMod:DefendOrder","QueenMod:ChainStrike+1"],"picked":"QueenMod:DignifiedSlap+1","floor":35},{"not_picked":["QueenMod:HexGuard","QueenMod:HiveDefenses"],"picked":"QueenMod:WarTrumpet+1","floor":36},{"not_picked":["QueenMod:WarTrumpet","QueenMod:Flyby+1"],"picked":"QueenMod:BirthingCells+1","floor":36},{"not_picked":["QueenMod:WarriorDrones+1","QueenMod:Conscripts"],"picked":"QueenMod:Incubate+1","floor":36},{"not_picked":["QueenMod:Flyby","QueenMod:SplitStrike","QueenMod:HexGuard+1"],"picked":"SKIP","floor":39},{"not_picked":["QueenMod:Incubate","QueenMod:HoneyShield","QueenMod:Regroup+1"],"picked":"SKIP","floor":41},{"not_picked":["QueenMod:HexGuard+1","QueenMod:FlankingStrike","QueenMod:Garrison"],"picked":"SKIP","floor":42},{"not_picked":["QueenMod:AttackOrder+1","QueenMod:Flyby","QueenMod:FullRetreat"],"picked":"SKIP","floor":44},{"not_picked":["QueenMod:Ambush","QueenMod:HexGuard+1","QueenMod:HoldPosition"],"picked":"SKIP","floor":46},{"not_picked":["QueenMod:AttackOrder","QueenMod:Advisor","QueenMod:GatheringSwarm"],"picked":"SKIP","floor":47},{"not_picked":["QueenMod:DignifiedSlap","QueenMod:GatheringSwarm+1"],"picked":"QueenMod:Gather+1","floor":48},{"not_picked":["QueenMod:Regroup+1","QueenMod:SwarmTactics"],"picked":"QueenMod:Gather+1","floor":54}],"player_experience":944506,"relics_obtained":[{"floor":6.0,"key":"Matryoshka"},{"floor":9.0,"key":"Pen Nib"},{"floor":9.0,"key":"Nunchaku"},{"floor":12.0,"key":"CeramicFish"},{"floor":14.0,"key":"Akabeko"},{"floor":14.0,"key":"QueenMod:DraftNotice"},{"floor":20.0,"key":"HornCleat"},{"floor":23.0,"key":"StoneCalendar"},{"floor":25,"key":"Du-Vu Doll"},{"floor":26,"key":"Pear"},{"floor":31,"key":"Potion Belt"},{"floor":36,"key":"Lizard Tail"},{"floor":36,"key":"Thread and Needle"},{"floor":41,"key":"Kunai"},{"floor":41,"key":"Orichalcum"},{"floor":48,"key":"Turnip"},{"floor":48,"key":"Incense Burner"},{"floor":54,"key":"Art of War"},{"floor":54,"key":"War Paint"}],"event_choices":[{"cards_removed":["QueenMod:Strike"],"damage_healed":0.0,"max_hp_gain":0.0,"max_hp_loss":0.0,"gold_gain":0.0,"event_name":"Beggar","player_choice":"Gave Gold","floor":21.0,"gold_loss":75.0,"damage_taken":0.0},{"damage_healed":0.0,"max_hp_gain":0.0,"max_hp_loss":0.0,"gold_gain":0.0,"event_name":"Addict","player_choice":"Obtained Relic","floor":22.0,"gold_loss":85.0,"damage_taken":0.0,"relics_obtained":["Torii"]},{"cards_removed":["QueenMod:Strike"],"damage_healed":0,"gold_gain":0,"player_choice":"Upgrade and Remove","damage_taken":0,"max_hp_gain":0,"max_hp_loss":0,"event_name":"Designer","floor":37,"gold_loss":90,"cards_upgraded":["QueenMod:Feast"]}],"is_beta":false,"boss_relics":[{"not_picked":["QueenMod:Medal","Ectoplasm"],"picked":"SlaversCollar"},{"not_picked":["Calling Bell","Velvet Choker"],"picked":"Black Star"}],"items_purged_floors":[30,38],"is_endless":false,"potions_floor_spawned":[3,5,12,16,18,23,33,35,41,44,47,48],"ascension_level":0}}