{"host":"bq4pt811tk9yrmjl","time":1610976307,"event":{"mods":["AchievementEnabler","BaseMod","Colored Map","Colored Powertips","Defuse TimeMaze Blight","Hermit","Minty Spire (QoL Compilation)","StSLib","SuperFastMode"],"gold_per_floor":[115,115,115,126,126,126,151,168,220,234,234,234,253,263,263,263,263],"floor_reached":16,"language":"ENG","playtime":255,"items_purged":[],"score":133,"play_id":"eadf6fa2-12c7-42c1-81e5-f365610bfda5","local_time":"20210118112507","is_ascension_mode":true,"campfire_choices":[{"data":"Neutralize","floor":6,"key":"SMITH"},{"data":"Footwork","floor":11,"key":"SMITH"},{"data":"Escape Plan","floor":15,"key":"SMITH"}],"circlet_count":0,"master_deck":["Strike_G","Strike_G+1","Strike_G","Strike_G","Strike_G+1","Defend_G","Defend_G+1","Defend_G","Defend_G","Defend_G","Survivor+1","Neutralize+1","Escape Plan+1","Footwork+1"],"relics":["Ring of the Snake","NeowsBlessing","War Paint","Pear"],"acts_visited":["Exordium"],"potions_floor_usage":[10,14,16,16],"damage_taken":[{"damage":0.0,"enemies":"2 Louse","floor":1.0,"turns":1.0},{"damage":0,"enemies":"Jaw Worm","floor":4,"turns":1},{"damage":0,"enemies":"Gremlin Nob","floor":7,"turns":1},{"damage":0,"enemies":"Cultist","floor":8,"turns":4},{"damage":0,"enemies":"Blue Slaver","floor":10,"turns":5},{"damage":0,"enemies":"3 Louse","floor":13,"turns":5},{"damage":3,"enemies":"Lots of Slimes","floor":14,"turns":6},{"damage":8,"enemies":"Hexaghost","floor":16,"turns":9}],"seed_played":"5724195045626486598","potions_obtained":[{"floor":1.0,"key":"GamblersBrew"},{"floor":4,"key":"Weak Potion"},{"floor":13,"key":"AttackPotion"},{"floor":14,"key":"Swift Potion"}],"is_trial":false,"path_per_floor":["M","?","?","M","?","R","E","M","T","M","R","?","M","M","R","B"],"character_chosen":"THE_SILENT","items_purchased":[],"campfire_rested":0,"item_purchase_floors":[],"current_hp_per_floor":[70,67,67,67,53,53,63,63,63,63,63,68,68,65,65,57,57],"gold":263,"neow_bonus":"THREE_ENEMY_KILL","is_daily":false,"chose_seed":false,"campfire_upgraded":3,"win_rate":0.0,"timestamp":1610976307,"path_taken":["M","?","?","?","?","R","E","M","T","M","R","?","M","M","R","BOSS"],"items_purchased_type":[],"build_version":"2020-12-22","purchased_purges":0,"victory":false,"max_hp_per_floor":[70,70,70,70,70,70,80,80,80,80,80,80,80,80,80,80,80],"card_choices":[{"not_picked":["Prepared","Deadly Poison"],"picked":"Escape Plan","floor":1.0},{"not_picked":["PiercingWail","Distraction","Finisher"],"picked":"SKIP","floor":4},{"not_picked":["Tools of the Trade","Backflip","Cloak And Dagger"],"picked":"SKIP","floor":7},{"not_picked":["Tools of the Trade","Backflip"],"picked":"Cloak And Dagger","floor":7},{"not_picked":["Poisoned Stab","Calculated Gamble"],"picked":"Footwork","floor":8},{"not_picked":["Riddle With Holes","Terror","Prepared"],"picked":"SKIP","floor":10},{"not_picked":["Tactician","Catalyst","Deadly Poison"],"picked":"SKIP","floor":13},{"not_picked":["Deflect","Footwork","Outmaneuver"],"picked":"SKIP","floor":14}],"player_experience":181576,"relics_obtained":[{"floor":7,"key":"Pear"}],"event_choices":[{"damage_healed":0.0,"max_hp_gain":0.0,"max_hp_loss":0.0,"gold_gain":0.0,"event_name":"Scrap Ooze","player_choice":"Success","floor":2.0,"gold_loss":0.0,"damage_taken":3.0,"relics_obtained":["War Paint"]},{"damage_healed":0,"gold_gain":0,"player_choice":"Ignored","damage_taken":0,"max_hp_gain":0,"max_hp_loss":0,"event_name":"Purifier","floor":3,"gold_loss":0},{"damage_healed":0,"gold_gain":0,"player_choice":"Entered Light","damage_taken":14,"max_hp_gain":0,"max_hp_loss":0,"event_name":"Shining Light","floor":5,"gold_loss":0,"cards_upgraded":["Strike_G","Strike_G"]},{"cards_removed":["Cloak And Dagger"],"damage_healed":5,"gold_gain":0,"player_choice":"Offered Common","damage_taken":0,"max_hp_gain":0,"max_hp_loss":0,"event_name":"Bonfire Elementals","floor":12,"gold_loss":0},{"cards_removed":["Cloak And Dagger"],"damage_healed":5,"gold_gain":0,"player_choice":"Offered Special","damage_taken":0,"max_hp_gain":0,"max_hp_loss":0,"event_name":"Bonfire Elementals","floor":12,"gold_loss":0}],"is_beta":false,"boss_relics":[],"items_purged_floors":[],"is_endless":false,"potions_floor_spawned":[1,4,13,14],"killed_by":"Hexaghost","ascension_level":1}}