{"host":"b995t17pt6d05w8c","time":1610990697,"event":{"mods":["AchievementEnabler","BaseMod","Colored Map","DeckTracker","Keyboard Shortcuts","Minty Spire (QoL Compilation)","Permanent Neow","SuperFastMode"],"gold_per_floor":[116,116,127,52,65,65,129,129,178,204,204,229,253,153,153,238,265,275,293,328,52,79,79,99,108,108,135,135,159,194,213,213,296,296,325,343,343,367,386,386,434,37,37,37,74,124,146,164,164,164],"floor_reached":51,"language":"KOR","playtime":1669,"items_purged":["Strike_G","Strike_G","Strike_G"],"score":1341,"play_id":"ca1a0ce9-ca61-48d5-8773-f4983203f311","local_time":"20210119022457","is_ascension_mode":true,"campfire_choices":[{"data":"Neutralize","floor":6.0,"key":"SMITH"},{"data":"Catalyst","floor":8.0,"key":"SMITH"},{"data":"Deadly Poison","floor":11.0,"key":"SMITH"},{"data":"Poisoned Stab","floor":15.0,"key":"SMITH"},{"data":"Cloak And Dagger","floor":23.0,"key":"SMITH"},{"floor":28.0,"key":"REST"},{"floor":32.0,"key":"REST"},{"data":"Envenom","floor":40,"key":"SMITH"},{"data":"Well Laid Plans","floor":44,"key":"SMITH"},{"floor":49,"key":"REST"}],"circlet_count":0,"master_deck":["AscendersBane","Defend_G","Defend_G","Survivor","Neutralize+1","Quick Slash","Backflip","Poisoned Stab+1","Catalyst+1","Deadly Poison+1","Backstab","Malaise","Masterful Stab+1","Riddle With Holes+1","Finisher","Escape Plan","Cloak And Dagger+1","Cloak And Dagger+1","Blade Dance","Blur","Envenom+1","Escape Plan+1","Madness","Madness","Well Laid Plans+1","Escape Plan+1","Accuracy+1"],"relics":["Ring of the Snake","Vajra","CaptainsWheel","CeramicFish","PreservedInsect","Odd Mushroom","Astrolabe","Red Mask","Kunai","Oddly Smooth Stone","Dead Branch","Sozu","Calipers","Eternal Feather","Pear","Tingsha"],"acts_visited":["Exordium","TheCity","TheBeyond"],"potions_floor_usage":[41],"damage_taken":[{"damage":0.0,"enemies":"Jaw Worm","floor":1.0,"turns":5.0},{"damage":4.0,"enemies":"Small Slimes","floor":3.0,"turns":4.0},{"damage":0.0,"enemies":"2 Louse","floor":5.0,"turns":3.0},{"damage":12.0,"enemies":"Gremlin Nob","floor":7.0,"turns":4.0},{"damage":3.0,"enemies":"Blue Slaver","floor":10.0,"turns":5.0},{"damage":3.0,"enemies":"3 Louse","floor":12.0,"turns":4.0},{"damage":9.0,"enemies":"The Mushroom Lair","floor":13.0,"turns":5.0},{"damage":2.0,"enemies":"The Guardian","floor":16.0,"turns":9.0},{"damage":2.0,"enemies":"3 Byrds","floor":18.0,"turns":5.0},{"damage":16.0,"enemies":"Masked Bandits","floor":20.0,"turns":4.0},{"damage":8.0,"enemies":"Chosen","floor":22.0,"turns":3.0},{"damage":20.0,"enemies":"Shelled Parasite and Fungi","floor":24.0,"turns":5.0},{"damage":7.0,"enemies":"Sentry and Sphere","floor":27.0,"turns":5.0},{"damage":0.0,"enemies":"Centurion and Healer","floor":29.0,"turns":5.0},{"damage":9.0,"enemies":"Gremlin Leader","floor":30.0,"turns":3.0},{"damage":0.0,"enemies":"Snake Plant","floor":31.0,"turns":1.0},{"damage":19,"enemies":"Champ","floor":33,"turns":10},{"damage":0,"enemies":"Orb Walker","floor":35,"turns":3},{"damage":0,"enemies":"3 Shapes","floor":38,"turns":6},{"damage":1,"enemies":"Writhing Mass","floor":39,"turns":6},{"damage":15,"enemies":"2 Orb Walkers","floor":41,"turns":3},{"damage":12,"enemies":"Reptomancer","floor":45,"turns":5},{"damage":2,"enemies":"4 Shapes","floor":47,"turns":5},{"damage":11,"enemies":"Jaw Worm Horde","floor":48,"turns":4},{"damage":38,"enemies":"Donu and Deca","floor":50,"turns":8}],"seed_played":"-8788046225147537266","potions_obtained":[{"floor":1.0,"key":"Dexterity Potion"},{"floor":5.0,"key":"Fire Potion"},{"floor":10.0,"key":"Fruit Juice"},{"floor":12.0,"key":"PowerPotion"},{"floor":16.0,"key":"CunningPotion"},{"floor":27.0,"key":"Swift Potion"},{"floor":33,"key":"Regen Potion"}],"is_trial":false,"path_per_floor":["M","?","M","$","M","R","?","R","T","M","R","M","?","$","R","B",null,"M","?","?","$","M","R","M","?","T","M","R","M","E","M","R","B",null,"M","?","?","M","M","R","?","$","T","R","E","?","M","M","R","B",null],"character_chosen":"THE_SILENT","items_purchased":["Kunai","Eternal Feather"],"campfire_rested":3,"item_purchase_floors":[21,42],"current_hp_per_floor":[59,48,44,44,44,44,32,32,32,29,29,31,22,22,22,20,58,56,56,40,40,32,32,12,12,12,5,26,26,17,17,38,19,58,58,45,45,45,44,44,41,41,51,66,54,54,52,41,80,42],"gold":164,"neow_bonus":"RANDOM_COMMON_RELIC","is_daily":false,"chose_seed":false,"campfire_upgraded":7,"win_rate":0.0,"timestamp":1610990697,"path_taken":["M","?","M","$","M","R","?","R","T","M","R","M","?","?","R","BOSS","M","?","?","$","M","R","M","?","T","M","R","M","E","M","R","BOSS","M","?","?","M","M","R","?","$","T","R","E","?","?","M","R","BOSS"],"items_purchased_type":["Relic","Relic"],"build_version":"2020-12-22","purchased_purges":3,"victory":true,"max_hp_per_floor":[66,66,66,66,66,66,66,66,66,66,66,71,71,71,71,71,71,71,71,71,71,71,71,71,71,71,71,71,71,71,71,71,71,71,71,71,71,71,71,71,71,71,81,81,81,81,81,81,81,81],"card_choices":[{"not_picked":["Leg Sweep","Footwork"],"picked":"Quick Slash","floor":1.0},{"not_picked":["Sucker Punch","Dagger Throw"],"picked":"Backflip","floor":3.0},{"not_picked":["Cloak And Dagger","Flying Knee"],"picked":"Poisoned Stab","floor":5.0},{"not_picked":["Prepared","Expertise"],"picked":"Catalyst","floor":7.0},{"not_picked":["Deflect","Dash"],"picked":"Deadly Poison","floor":10.0},{"not_picked":["Deadly Poison","Dagger Throw"],"picked":"Backstab","floor":12.0},{"not_picked":["Envenom","Glass Knife"],"picked":"Malaise","floor":16.0},{"not_picked":["Poisoned Stab","Dagger Throw","Bane"],"picked":"SKIP","floor":18.0},{"not_picked":["Finisher","Dagger Spray","Cloak And Dagger"],"picked":"SKIP","floor":22.0},{"not_picked":["Finisher","Dagger Spray"],"picked":"Cloak And Dagger","floor":22.0},{"not_picked":["Crippling Poison","Deadly Poison","Catalyst"],"picked":"SKIP","floor":24.0},{"not_picked":["Reflex","Skewer"],"picked":"Blade Dance","floor":27.0},{"not_picked":["Deadly Poison","Dagger Spray"],"picked":"Blur","floor":29.0},{"not_picked":["Deflect","Envenom","Backflip"],"picked":"SKIP","floor":30.0},{"not_picked":["Riddle With Holes","Dodge and Roll","Cloak And Dagger"],"picked":"SKIP","floor":31.0},{"not_picked":["Die Die Die","Storm of Steel"],"picked":"Envenom","floor":33},{"not_picked":["Flying Knee+1","Quick Slash+1"],"picked":"Escape Plan+1","floor":35},{"not_picked":["Finisher+1","Quick Slash"],"picked":"Well Laid Plans","floor":38},{"not_picked":["Heel Hook+1","Dagger Throw","Setup+1"],"picked":"SKIP","floor":39},{"not_picked":["Bane","Flechettes+1"],"picked":"Escape Plan+1","floor":45},{"not_picked":["Blade Dance","Acrobatics"],"picked":"Accuracy+1","floor":47},{"not_picked":["Backflip","Cloak And Dagger","Concentrate"],"picked":"SKIP","floor":48}],"player_experience":151346,"relics_obtained":[{"floor":7.0,"key":"CeramicFish"},{"floor":9.0,"key":"PreservedInsect"},{"floor":13.0,"key":"Odd Mushroom"},{"floor":20.0,"key":"Red Mask"},{"floor":26.0,"key":"Oddly Smooth Stone"},{"floor":30.0,"key":"Dead Branch"},{"floor":41,"key":"Calipers"},{"floor":43,"key":"Pear"},{"floor":45,"key":"Tingsha"}],"event_choices":[{"damage_healed":0.0,"max_hp_gain":0.0,"max_hp_loss":0.0,"gold_gain":0.0,"event_name":"Scrap Ooze","player_choice":"Success","floor":2.0,"gold_loss":0.0,"damage_taken":11.0,"relics_obtained":["CaptainsWheel"]},{"damage_healed":0.0,"max_hp_gain":0.0,"max_hp_loss":0.0,"gold_gain":30.0,"event_name":"Dead Adventurer","player_choice":"Searched \u00273\u0027 times","floor":7.0,"gold_loss":0.0,"damage_taken":0.0},{"damage_healed":0.0,"max_hp_gain":0.0,"max_hp_loss":0.0,"gold_gain":0.0,"event_name":"Mushrooms","player_choice":"Fought Mushrooms","floor":13.0,"gold_loss":0.0,"damage_taken":0.0},{"damage_healed":0.0,"max_hp_gain":0.0,"max_hp_loss":0.0,"gold_gain":0.0,"cards_transformed":["Defend_G","Eviscerate"],"event_name":"Drug Dealer","player_choice":"Became Test Subject","floor":19.0,"gold_loss":0.0,"damage_taken":0.0,"cards_obtained":["Finisher","Escape Plan"]},{"damage_healed":0.0,"max_hp_gain":0.0,"max_hp_loss":0.0,"gold_gain":0.0,"event_name":"Masked Bandits","player_choice":"Fought Bandits","floor":20.0,"gold_loss":0.0,"damage_taken":0.0},{"damage_healed":0.0,"max_hp_gain":0.0,"max_hp_loss":0.0,"gold_gain":0.0,"event_name":"Duplicator","player_choice":"Copied","floor":25.0,"gold_loss":0.0,"damage_taken":0.0,"cards_obtained":["Cloak And Dagger"]},{"damage_healed":0,"gold_gain":0,"player_choice":"Embrace Madness","damage_taken":13,"max_hp_gain":0,"max_hp_loss":0,"event_name":"Winding Halls","floor":36,"gold_loss":0,"cards_obtained":["Madness","Madness"]},{"cards_removed":["Defend_G"],"damage_healed":0,"gold_gain":0,"player_choice":"Removed Skill","damage_taken":0,"max_hp_gain":0,"max_hp_loss":0,"event_name":"Falling","floor":37,"gold_loss":0},{"damage_healed":0,"gold_gain":0,"player_choice":"Fight","damage_taken":0,"max_hp_gain":0,"max_hp_loss":0,"event_name":"Mysterious Sphere","floor":41,"gold_loss":0},{"damage_healed":0,"gold_gain":50,"player_choice":"Pray","damage_taken":0,"max_hp_gain":0,"max_hp_loss":0,"event_name":"Golden Shrine","floor":46,"gold_loss":0}],"is_beta":false,"boss_relics":[{"not_picked":["Ring of the Serpent","Cursed Key"],"picked":"Astrolabe"},{"not_picked":["Velvet Choker","Fusion Hammer"],"picked":"Sozu"}],"items_purged_floors":[4,14,42],"is_endless":false,"potions_floor_spawned":[1,5,10,12,16,27,29,33,39,41,45],"ascension_level":19}}