{"host":"1a3cjta80tad0aqj","time":1610987917,"event":{"mods":["2.2 Compatiblity","AchievementEnabler","BaseMod","Colored Map","DeckTracker","KOR Keyword Fix","Keyboard Shortcuts","Minty Spire (QoL Compilation)","Permanent Neow","Quick Restart","Random Character Button","StSLib","SuperFastMode","everything is the same but u backflip on backflip"],"gold_per_floor":[210,220,239,259,259,259,259,259],"floor_reached":7,"language":"KOR","playtime":251,"items_purged":[],"score":77,"play_id":"ee15306a-c836-4363-8741-e64792f31be5","local_time":"20210119013837","is_ascension_mode":true,"campfire_choices":[{"data":"Judgement","floor":6,"key":"SMITH"}],"circlet_count":0,"master_deck":["AscendersBane","Strike_P","Strike_P","Strike_P","Strike_P","Defend_P","Defend_P","Defend_P","Defend_P","Eruption+1","Vigilance","BowlingBash","Evaluate","ClearTheMind","Judgement+1"],"relics":["PureWater"],"acts_visited":["Exordium"],"potions_floor_usage":[],"damage_taken":[{"damage":0.0,"enemies":"Jaw Worm","floor":1.0,"turns":2.0},{"damage":0.0,"enemies":"Small Slimes","floor":2.0,"turns":2.0},{"damage":0.0,"enemies":"2 Louse","floor":3.0,"turns":3.0},{"damage":12.0,"enemies":"Lots of Slimes","floor":4.0,"turns":5.0},{"damage":41,"enemies":"Lagavulin","floor":7,"turns":6}],"seed_played":"-312052693752545592","potions_obtained":[{"floor":4.0,"key":"Ambrosia"}],"is_trial":false,"path_per_floor":["M","M","M","M","?","R","E"],"character_chosen":"WATCHER","items_purchased":[],"campfire_rested":0,"item_purchase_floors":[],"current_hp_per_floor":[61,61,61,49,49,49,8,8],"gold":259,"neow_bonus":"HUNDRED_GOLD","is_daily":false,"chose_seed":false,"campfire_upgraded":1,"win_rate":0.0,"timestamp":1610987917,"path_taken":["M","M","M","M","?","R","E"],"items_purchased_type":[],"build_version":"2020-12-22","purchased_purges":0,"victory":false,"max_hp_per_floor":[68,68,68,68,68,68,68,68],"card_choices":[{"not_picked":["Evaluate","EmptyBody"],"picked":"BowlingBash","floor":1.0},{"not_picked":["ThirdEye","Vengeance"],"picked":"Evaluate","floor":2.0},{"not_picked":["EmptyMind","FlyingSleeves"],"picked":"ClearTheMind","floor":3.0},{"not_picked":["EmptyFist","EmptyBody"],"picked":"Judgement","floor":4.0}],"player_experience":746587,"relics_obtained":[],"event_choices":[{"damage_healed":0,"gold_gain":0,"player_choice":"Grow","damage_taken":0,"max_hp_gain":0,"max_hp_loss":0,"event_name":"Living Wall","floor":5,"gold_loss":0,"cards_upgraded":["Eruption"]}],"is_beta":false,"boss_relics":[],"items_purged_floors":[],"is_endless":false,"potions_floor_spawned":[4],"killed_by":"Lagavulin","ascension_level":16}}