{"host":"e2ju6k0wppswbhbd","time":1610979833,"event":{"mods":["BaseMod","Minty Spire (QoL Compilation)","Rare Cards Sparkle","StSLib"],"gold_per_floor":[212,228,17,31,42,70,70,86,86,105,117,147,43,43,43,142,142,171,183,215,152,181,226,256,279,291,319,331,343,372,417,429,546,558,582,594,24,0,100,125,139,139,164,164,164,164,164,164],"floor_reached":47,"language":"FRA","playtime":5895,"items_purged":[],"score":607,"play_id":"9a09dde4-3348-46c9-a96d-1e3785373688","local_time":"20210118152353","is_ascension_mode":false,"campfire_choices":[{"floor":7,"key":"RECALL"},{"floor":15,"key":"REST"},{"floor":28,"key":"REST"},{"data":"Eruption","floor":32,"key":"SMITH"},{"data":"Vigilance","floor":44,"key":"SMITH"},{"data":"Protect","floor":46,"key":"SMITH"}],"circlet_count":0,"master_deck":["Strike_P","Defend_P","Eruption+1","Vigilance+1","JustLucky","ClearTheMind","Crescendo","BattleHymn","TalkToTheHand","Evaluate","FearNoEvil","Devotion","Wallop","WheelKick+1","Protect+1","Finesse","BowlingBash+1","Brilliance+1","CurseOfTheBell","EmptyBody+1","FlurryOfBlows+1","DeceiveReality","DeceiveReality+1","MentalFortress","FlyingSleeves+1","Sanctity+1","Vault","Alpha+1","Wish+1","Wireheading+1","Conclude+1","Protect","Apotheosis","Study","Mind Blast+1","Halt+1","FollowUp+1","Madness+1","EmptyMind"],"relics":["PureWater","Mercury Hourglass","Molten Egg 2","TeardropLocket","Juzu Bracelet","Calling Bell","MawBank","HornCleat","Thread and Needle","Ice Cream","Strawberry","Astrolabe","Pear","Red Mask","Yang","War Paint"],"acts_visited":["Exordium","TheCity","TheBeyond"],"potions_floor_usage":[5,6,16,22,40,40,41,47],"damage_taken":[{"damage":0,"enemies":"Cultist","floor":1,"turns":4},{"damage":0,"enemies":"Small Slimes","floor":2,"turns":2},{"damage":1,"enemies":"Jaw Worm","floor":4,"turns":3},{"damage":0,"enemies":"Lots of Slimes","floor":5,"turns":1},{"damage":9,"enemies":"3 Sentries","floor":6,"turns":5},{"damage":21,"enemies":"Exordium Thugs","floor":8,"turns":5},{"damage":0,"enemies":"Large Slime","floor":10,"turns":4},{"damage":0,"enemies":"3 Louse","floor":11,"turns":2},{"damage":6,"enemies":"Gremlin Nob","floor":12,"turns":4},{"damage":11,"enemies":"Hexaghost","floor":16,"turns":6},{"damage":0,"enemies":"Chosen","floor":18,"turns":4},{"damage":0,"enemies":"Shell Parasite","floor":20,"turns":4},{"damage":10,"enemies":"Snake Plant","floor":22,"turns":4},{"damage":13,"enemies":"Book of Stabbing","floor":23,"turns":6},{"damage":15,"enemies":"Centurion and Healer","floor":24,"turns":4},{"damage":0,"enemies":"Cultist and Chosen","floor":25,"turns":4},{"damage":0,"enemies":"Snecko","floor":27,"turns":4},{"damage":0,"enemies":"Shelled Parasite and Fungi","floor":30,"turns":6},{"damage":0,"enemies":"Gremlin Leader","floor":31,"turns":7},{"damage":19,"enemies":"Automaton","floor":33,"turns":7},{"damage":0,"enemies":"3 Shapes","floor":35,"turns":3},{"damage":12,"enemies":"Reptomancer","floor":40,"turns":9},{"damage":0,"enemies":"3 Darklings","floor":41,"turns":7},{"damage":87,"enemies":"Giant Head","floor":47,"turns":11}],"seed_played":"-3170171906472570497","potions_obtained":[{"floor":4,"key":"AttackPotion"},{"floor":8,"key":"ColorlessPotion"},{"floor":10,"key":"Explosive Potion"},{"floor":12,"key":"LiquidMemories"},{"floor":18,"key":"FairyPotion"},{"floor":24,"key":"SkillPotion"},{"floor":25,"key":"Weak Potion"},{"floor":30,"key":"FearPotion"},{"floor":35,"key":"GamblersBrew"},{"floor":40,"key":"Explosive Potion"},{"floor":41,"key":"FearPotion"}],"is_trial":false,"path_per_floor":["M","M","$","M","M","E","R","M","T","M","M","E","$","?","R","B",null,"M","?","M","?","M","E","M","M","T","M","R","?","M","E","R","B",null,"M","?","$","?","?","E","M","?","T","R","?","R","E"],"character_chosen":"WATCHER","items_purchased":["Crescendo","BattleHymn","TalkToTheHand","BlessingOfTheForge","Finesse","BowlingBash+1","Apotheosis","Study","Mind Blast+1","Pear"],"campfire_rested":2,"item_purchase_floors":[3,3,3,3,13,13,37,37,37,37],"current_hp_per_floor":[72,72,72,71,71,62,62,41,41,41,41,35,35,35,56,45,72,72,72,72,72,62,49,34,34,34,34,55,55,55,62,62,43,79,79,79,89,89,89,77,77,66,66,66,66,66,0,0],"gold":164,"neow_bonus":"HUNDRED_GOLD","is_daily":false,"chose_seed":false,"campfire_upgraded":3,"win_rate":0.0,"timestamp":1610979833,"path_taken":["M","M","$","M","M","E","R","M","T","M","M","E","?","?","R","BOSS","M","?","M","?","M","E","M","M","T","M","R","?","M","E","R","BOSS","M","?","$","?","?","E","M","?","T","R","?","R","E"],"items_purchased_type":["Card","Card","Card","Potion","Card","Card","Card","Card","Card","Relic"],"build_version":"2020-12-22","purchased_purges":0,"victory":false,"max_hp_per_floor":[72,72,72,72,72,72,72,72,72,72,72,72,72,72,72,72,72,72,72,72,72,72,72,72,72,72,72,72,72,72,79,79,79,79,79,79,89,89,89,89,89,89,89,89,89,89,89,89],"card_choices":[{"not_picked":["EmptyFist","SignatureMove"],"picked":"JustLucky","floor":1},{"not_picked":["FlyingSleeves","WreathOfFlame"],"picked":"ClearTheMind","floor":2},{"not_picked":["Halt","Fasting2"],"picked":"Evaluate","floor":4},{"not_picked":["PathToVictory","ClearTheMind"],"picked":"FearNoEvil","floor":5},{"not_picked":["Consecrate","Vengeance"],"picked":"Devotion","floor":6},{"not_picked":["Crescendo","Swivel"],"picked":"Wallop","floor":8},{"not_picked":["CrushJoints+1","SashWhip+1"],"picked":"WheelKick+1","floor":10},{"not_picked":["SandsOfTime+1","Meditate"],"picked":"Protect","floor":11},{"not_picked":["Halt","BattleHymn"],"picked":"EmptyFist+1","floor":12},{"not_picked":["Omniscience","Establishment"],"picked":"Brilliance+1","floor":16},{"not_picked":["FlyingSleeves+1","CrushJoints+1"],"picked":"EmptyBody+1","floor":18},{"not_picked":["BowlingBash+1","PathToVictory"],"picked":"FlurryOfBlows+1","floor":20},{"not_picked":["JustLucky+1","Tantrum+1"],"picked":"DeceiveReality","floor":22},{"not_picked":["Scrawl","ClearTheMind","CrushJoints+1"],"picked":"SKIP","floor":23},{"not_picked":["Perseverance","PathToVictory"],"picked":"DeceiveReality+1","floor":24},{"not_picked":["BowlingBash+1","ClearTheMind"],"picked":"MentalFortress","floor":25},{"not_picked":["FlurryOfBlows+1","EmptyBody"],"picked":"FlyingSleeves+1","floor":27},{"not_picked":["EmptyMind","BowlingBash+1"],"picked":"Sanctity+1","floor":30},{"not_picked":["JustLucky+1","SashWhip+1"],"picked":"Vault","floor":31},{"not_picked":["Wish","DeusExMachina"],"picked":"Alpha","floor":33},{"not_picked":["FlyingSleeves+1","Meditate+1"],"picked":"Protect","floor":35},{"not_picked":["FearNoEvil+1","Crescendo+1"],"picked":"Halt+1","floor":40},{"not_picked":["EmptyMind","FlyingSleeves+1"],"picked":"FollowUp+1","floor":41}],"player_experience":2706136,"relics_obtained":[{"floor":6,"key":"Mercury Hourglass"},{"floor":9,"key":"Molten Egg 2"},{"floor":12,"key":"TeardropLocket"},{"floor":17,"key":"MawBank"},{"floor":17,"key":"HornCleat"},{"floor":17,"key":"Thread and Needle"},{"floor":23,"key":"Ice Cream"},{"floor":31,"key":"Strawberry"},{"floor":40,"key":"Yang"},{"floor":43,"key":"War Paint"}],"event_choices":[{"damage_healed":0,"gold_gain":0,"player_choice":"Gave Potion","damage_taken":0,"relics_obtained":["Juzu Bracelet"],"max_hp_gain":0,"max_hp_loss":0,"event_name":"WeMeetAgain","floor":14,"gold_loss":0},{"cards_removed":["Strike_P"],"damage_healed":0,"gold_gain":0,"player_choice":"Purged","damage_taken":0,"max_hp_gain":0,"max_hp_loss":0,"event_name":"Purifier","floor":19,"gold_loss":0},{"cards_removed":["Defend_P"],"damage_healed":0,"gold_gain":0,"player_choice":"Gave Gold","damage_taken":0,"max_hp_gain":0,"max_hp_loss":0,"event_name":"Beggar","floor":21,"gold_loss":75},{"cards_removed":["Strike_P"],"damage_healed":0,"gold_gain":0,"player_choice":"Offered Basic","damage_taken":0,"max_hp_gain":0,"max_hp_loss":0,"event_name":"Bonfire Elementals","floor":29,"gold_loss":0},{"cards_removed":["EmptyFist"],"damage_healed":0,"gold_gain":0,"player_choice":"Removed Attack","damage_taken":0,"max_hp_gain":0,"max_hp_loss":0,"event_name":"Falling","floor":36,"gold_loss":0},{"damage_healed":0,"gold_gain":0,"player_choice":"Paid","damage_taken":0,"relics_obtained":["Red Mask"],"max_hp_gain":0,"max_hp_loss":0,"event_name":"Tomb of Lord Red Mask","floor":38,"gold_loss":24},{"damage_healed":0,"gold_gain":100,"player_choice":"Pray","damage_taken":0,"max_hp_gain":0,"max_hp_loss":0,"event_name":"Golden Shrine","floor":39,"gold_loss":0},{"damage_healed":0,"gold_gain":0,"player_choice":"Embrace Madness","damage_taken":11,"max_hp_gain":0,"max_hp_loss":0,"event_name":"Winding Halls","floor":42,"gold_loss":0,"cards_obtained":["Madness","Madness"]},{"cards_removed":["Madness"],"damage_healed":0,"gold_gain":0,"player_choice":"Took Card","damage_taken":0,"max_hp_gain":0,"max_hp_loss":0,"event_name":"NoteForYourself","floor":45,"gold_loss":0,"cards_obtained":["EmptyMind"]}],"is_beta":false,"boss_relics":[{"not_picked":["Tiny House","SacredBark"],"picked":"Calling Bell"},{"not_picked":["Coffee Dripper","Busted Crown"],"picked":"Astrolabe"}],"items_purged_floors":[],"is_endless":false,"potions_floor_spawned":[4,8,10,12,18,24,25,30,31,35,40,41],"killed_by":"Giant Head","ascension_level":0}}