{"host":"l84l8xigz5v5foa2","time":1610953117,"event":{"mods":["2.2 Compatiblity","AchievementEnabler","BaseMod","Better Note","Better Vampires","Card Filter","Colored Map","DeckTracker","Downfall","Gremlin Skip","Highlight Path","Keyboard Shortcuts","Minty Spire (QoL Compilation)","Permanent Neow","Quick Restart","Relic Filter","Relic Stats","StSLib","SuperFastMode","Transform Curses","Unknown Chances"],"gold_per_floor":[99,109,109,109,134,147,171,24,42,42,61,161,161,161,161,161],"floor_reached":14,"language":"ENG","playtime":390,"items_purged":["champ:Defend"],"score":156,"play_id":"f6751a60-af0f-4aa1-a902-91a404df71fe","local_time":"20210118155837","is_ascension_mode":true,"campfire_choices":[{"data":"champ:Taunt","floor":1.0,"key":"SMITH"},{"data":"champ:Backstep","floor":10,"key":"SMITH"},{"floor":13,"key":"REST"}],"circlet_count":0,"master_deck":["AscendersBane","champ:Strike","champ:Strike","champ:Strike","champ:Defend","champ:Defend","champ:Execute","champ:Taunt+1","champ:ViciousMockery","champ:RageSigil","champ:SkillfulDodge","champ:Backstep+1","champ:EnragedBash","champ:StanceDance"],"relics":["champ:ChampionCrown","Vajra","Tiny Chest","Happy Flower"],"acts_visited":["Exordium"],"potions_floor_usage":[11],"damage_taken":[{"damage":10.0,"enemies":"2 Louse","floor":2.0,"turns":3.0},{"damage":14,"enemies":"Jaw Worm","floor":6,"turns":4},{"damage":30,"enemies":"downfall:FleeingMerchant","floor":8,"turns":4},{"damage":10,"enemies":"Cultist","floor":9,"turns":4},{"damage":22,"enemies":"Exordium Wildlife","floor":11,"turns":5},{"damage":48,"enemies":"Gremlin Nob","floor":14,"turns":3}],"seed_played":"3062251569966746207","potions_obtained":[{"floor":2.0,"key":"Strength Potion"},{"floor":9,"key":"Weak Potion"},{"floor":11,"key":"BlessingOfTheForge"}],"is_trial":false,"path_per_floor":["R","M","?","?","T","M","T","$","M","R","M","?","R","E"],"character_chosen":"THE_CHAMP","items_purchased":["champ:Backstep"],"campfire_rested":1,"item_purchase_floors":[8],"current_hp_per_floor":[52,52,17,27,27,23,23,23,23,23,13,13,40,0,0,0],"gold":161,"neow_bonus":"REMOVE_TWO","is_daily":false,"chose_seed":false,"campfire_upgraded":2,"win_rate":0.0,"timestamp":1610953117,"path_taken":["R","M","?","?","?","M","T","?","?","R","M","?","R","E"],"items_purchased_type":["Card"],"build_version":"2020-12-22","purchased_purges":1,"victory":false,"max_hp_per_floor":[81,81,81,91,91,91,91,91,91,91,91,91,91,91,91,91],"relic_stats":{"Happy Flower":[5],"counters":[6,23],"Tiny Chest":0,"obtain_stats":[{"Happy Flower":7,"Vajra":3,"champ:ChampionCrown":0,"Tiny Chest":5},{"Happy Flower":2,"Vajra":1,"champ:ChampionCrown":0,"Tiny Chest":1},{"Happy Flower":7,"Vajra":3,"champ:ChampionCrown":0,"Tiny Chest":3}]},"card_choices":[{"not_picked":["champ:ArenaPreparation","champ:SetATrap"],"picked":"champ:ViciousMockery","floor":2.0},{"not_picked":["champ:FaceSlap","champ:BerserkersShout"],"picked":"champ:RageSigil","floor":6},{"not_picked":["champ:TornadoPunch","champ:BerserkerStyle"],"picked":"champ:SkillfulDodge","floor":8},{"not_picked":["champ:FanOfKnives","champ:BringItOn"],"picked":"champ:EnragedBash","floor":9},{"not_picked":["champ:PreciseThrust","champ:ShieldSigil"],"picked":"champ:StanceDance","floor":11}],"player_experience":3306326,"relics_obtained":[{"floor":5.0,"key":"Tiny Chest"},{"floor":7,"key":"Happy Flower"}],"event_choices":[{"damage_healed":0.0,"max_hp_gain":0.0,"max_hp_loss":0.0,"gold_gain":0.0,"event_name":"Scrap Ooze","player_choice":"Success","floor":3.0,"gold_loss":0.0,"damage_taken":35.0,"relics_obtained":["Vajra"]}],"is_beta":false,"boss_relics":[],"items_purged_floors":[8],"is_endless":false,"potions_floor_spawned":[2,9,11],"killed_by":"Gremlin Nob","ascension_level":20}}