{"host":"y89x8uui45kcjy42","time":1610966501,"event":{"mods":["2.2 Compatiblity","BaseMod","CapriCore","Colored Map","Colored Powertips","Custom Start","Friendly Minions","Keyboard Shortcuts","Minty Spire (QoL Compilation)","Relic Stats","Replay The Spire","Slay the Relics Exporter","StSLib","SuperFastMode","Uncapped"],"gold_per_floor":[11,11,30,30,30,30,65,65,65,84,95,121,121,121,121],"floor_reached":14,"language":"KOR","playtime":263,"items_purged":[],"score":196,"play_id":"bb9b5672-5d60-44e5-9cfb-10091a9d7f89","local_time":"20210118194141","is_ascension_mode":true,"campfire_choices":[{"data":"Replay:AllIn","floor":6,"key":"SMITH"}],"circlet_count":0,"master_deck":["AscendersBane","Strike_P","Strike_P","Strike_P","Strike_P","Defend_P","Defend_P","Defend_P","Eruption+1","Vigilance","Replay:AllIn+1","Tantrum","Replay:BluntJabs","Replay:AtTheReady"],"relics":["PureWater","Iron Hammer","Ornamental Fan","Mummified Hand"],"acts_visited":["Exordium"],"potions_floor_usage":[7,12],"damage_taken":[{"damage":4,"enemies":"Jaw Worm","floor":1,"turns":5},{"damage":17,"enemies":"Small Slimes","floor":3,"turns":3},{"damage":80,"enemies":"Lagavulin","floor":7,"turns":6},{"damage":0,"enemies":"Cultist","floor":10,"turns":1},{"damage":16,"enemies":"Large Slime","floor":11,"turns":4},{"damage":1,"enemies":"Replay:BlueRogue","floor":12,"turns":2},{"damage":8,"enemies":"3 Sentries","floor":14,"turns":1}],"seed_played":"-1674674338832945101","potions_obtained":[{"floor":3,"key":"AttackPotion"},{"floor":5,"key":"FairyPotion"},{"floor":5,"key":"LiquidMemories"},{"floor":10,"key":"ColorlessPotion"},{"floor":11,"key":"DistilledChaos"}],"is_trial":false,"path_per_floor":["M","?","M","?","?","R","E","$","T","M","M","E","$","E"],"character_chosen":"WATCHER","items_purchased":[],"campfire_rested":0,"item_purchase_floors":[],"current_hp_per_floor":[57,57,40,33,33,33,20,20,20,20,4,3,3,0,0],"gold":121,"neow_bonus":"THREE_RARE_CARDS","is_daily":false,"chose_seed":false,"campfire_upgraded":1,"win_rate":0.0,"timestamp":1610966501,"path_taken":["M","?","M","?","?","R","E","$","T","?","M","E","$","E"],"items_purchased_type":[],"build_version":"2020-12-22","purchased_purges":0,"victory":false,"max_hp_per_floor":[68,68,68,68,68,68,68,68,68,68,68,68,68,68,68],"relic_stats":{"counters":[7,22],"Ornamental Fan":[24],"Mummified Hand":[0],"obtain_stats":[{"Ornamental Fan":9,"Mummified Hand":12,"Iron Hammer":7,"PureWater":0},{"Ornamental Fan":3,"Mummified Hand":6,"Iron Hammer":3,"PureWater":0},{"Ornamental Fan":14,"Mummified Hand":21,"Iron Hammer":14,"PureWater":0}]},"card_choices":[{"not_picked":["LessonLearned","MasterReality"],"picked":"Replay:AllIn","floor":0},{"not_picked":["Prostrate","ThirdEye","CrushJoints"],"picked":"SKIP","floor":1},{"not_picked":["Prostrate","EmptyBody"],"picked":"Tantrum","floor":3},{"not_picked":["Prostrate","Study","BowlingBash"],"picked":"SKIP","floor":7},{"not_picked":["Prostrate","Consecrate"],"picked":"Replay:BluntJabs","floor":10},{"not_picked":["SandsOfTime","FollowUp"],"picked":"Replay:AtTheReady","floor":11},{"not_picked":["FlurryOfBlows","WreathOfFlame","Perseverance"],"picked":"SKIP","floor":12}],"player_experience":628164,"relics_obtained":[{"floor":7,"key":"Iron Hammer"},{"floor":9,"key":"Ornamental Fan"},{"floor":12,"key":"Mummified Hand"}],"event_choices":[{"damage_healed":0,"gold_gain":0,"player_choice":"Grow","damage_taken":0,"max_hp_gain":0,"max_hp_loss":0,"event_name":"Living Wall","floor":2,"gold_loss":0,"cards_upgraded":["Eruption"]},{"cards_removed":["Defend_P"],"damage_healed":0,"gold_gain":0,"player_choice":"Card Removal","damage_taken":7,"max_hp_gain":0,"max_hp_loss":0,"event_name":"Golden Wing","floor":4,"gold_loss":0},{"damage_healed":0,"gold_gain":0,"player_choice":"Got Potions","damage_taken":0,"max_hp_gain":0,"max_hp_loss":0,"event_name":"Lab","floor":5,"gold_loss":0}],"is_beta":false,"boss_relics":[],"items_purged_floors":[],"is_endless":false,"potions_floor_spawned":[3,10,11],"killed_by":"3 Sentries","ascension_level":20}}