{"host":"g5ztulhog0otympt","time":1610999321,"event":{"mods":["AchievementEnabler","BaseMod","Downfall","Hermit","Minty Spire (QoL Compilation)","StSLib","The Cursed"],"gold_per_floor":[114,114,126,146,162,192,192,219,219,219,230,241,241,258,258,359,359,377,392,143,143,143,143,68,102,148,159,159,176,188,148,148,243,243,263,263,283,111,111,111,127,144,197,197,217,217,230,240,240,240,240],"floor_reached":50,"language":"ENG","playtime":1426,"items_purged":[],"score":533,"play_id":"7e5372ab-dc09-442d-b132-dd021f3fa252","local_time":"20210118214841","is_ascension_mode":false,"campfire_choices":[{"floor":7,"key":"REST"},{"floor":13,"key":"REST"},{"data":"Gash","floor":15,"key":"SMITH"},{"floor":23,"key":"REST"},{"floor":28,"key":"REST"},{"floor":32,"key":"REST"},{"floor":44,"key":"REST"},{"floor":46,"key":"REST"},{"floor":49,"key":"REST"}],"circlet_count":0,"master_deck":["Strike_B","Strike_B","Strike_B","Defend_B","Defend_B","Defend_B","Defend_B","Zap","Dualcast","BootSequence","Cold Snap","Beam Cell","Conserve Battery","Loop","Go for the Eyes","Gash+1","Reboot","Auto Shields","The Bomb","Blizzard","Gash","FTL","Cold Snap","Sunder","White Noise+1","Loop+1","Panache","Redo","Coolheaded+1","Parasite","Auto Shields","Self Repair+1","Conserve Battery+1","Sunder+1"],"relics":["Cracked Core","Bottled Lightning","Centennial Puzzle","Anchor","Black Star","sneckomod:BabySnecko","Enchiridion","Question Card","Shuriken","Boot","SlaversCollar","Strawberry"],"acts_visited":["Exordium","TheCity","TheBeyond"],"potions_floor_usage":[8,8,12,16,33,33,40,50],"damage_taken":[{"damage":2,"enemies":"2 Louse","floor":1,"turns":2},{"damage":6,"enemies":"Cultist","floor":3,"turns":3},{"damage":0,"enemies":"Small Slimes","floor":4,"turns":3},{"damage":3,"enemies":"Red Slaver","floor":5,"turns":3},{"damage":31,"enemies":"3 Sentries","floor":6,"turns":8},{"damage":11,"enemies":"Gremlin Nob","floor":8,"turns":4},{"damage":11,"enemies":"2 Fungi Beasts","floor":11,"turns":3},{"damage":3,"enemies":"Blue Slaver","floor":12,"turns":4},{"damage":0,"enemies":"Looter","floor":14,"turns":3},{"damage":8,"enemies":"Slime Boss","floor":16,"turns":9},{"damage":11,"enemies":"Shell Parasite","floor":18,"turns":7},{"damage":0,"enemies":"Chosen","floor":19,"turns":4},{"damage":39,"enemies":"Book of Stabbing","floor":25,"turns":6},{"damage":14,"enemies":"Snake Plant","floor":27,"turns":4},{"damage":10,"enemies":"Chosen and Byrds","floor":29,"turns":5},{"damage":3,"enemies":"Centurion and Healer","floor":30,"turns":5},{"damage":66,"enemies":"Champ","floor":33,"turns":12},{"damage":0,"enemies":"Orb Walker","floor":35,"turns":3},{"damage":12,"enemies":"3 Darklings","floor":37,"turns":4},{"damage":0,"enemies":"Reptomancer","floor":40,"turns":1},{"damage":20,"enemies":"4 Shapes","floor":41,"turns":4},{"damage":23,"enemies":"Writhing Mass","floor":42,"turns":5},{"damage":42,"enemies":"Jaw Worm Horde","floor":45,"turns":4},{"damage":33,"enemies":"Spire Growth","floor":47,"turns":5},{"damage":25,"enemies":"Writhing Mass","floor":48,"turns":5},{"damage":37,"enemies":"Time Eater","floor":50,"turns":3}],"seed_played":"958284690223334474","potions_obtained":[{"floor":4,"key":"Block Potion"},{"floor":6,"key":"Block Potion"},{"floor":8,"key":"Swift Potion"},{"floor":11,"key":"Fruit Juice"},{"floor":12,"key":"Fire Potion"},{"floor":19,"key":"hexamod:SoulburnPotion"},{"floor":29,"key":"Guardian:BlockOnCardUsePotion"},{"floor":30,"key":"SmokeBomb"},{"floor":37,"key":"Ancient Potion"},{"floor":45,"key":"Swift Potion"}],"is_trial":false,"path_per_floor":["M","?","M","M","M","E","R","E","T","?","M","M","R","M","R","B",null,"M","M","$","?","?","R","?","E","T","M","R","M","M","$","R","B",null,"M","?","M","$","?","E","M","M","T","R","M","R","M","M","R","B"],"character_chosen":"DEFECT","items_purchased":["The Bomb","Blizzard","Sunder","Panache"],"campfire_rested":8,"item_purchase_floors":[20,20,31,38],"current_hp_per_floor":[80,80,74,74,71,40,64,53,53,53,42,44,70,70,70,62,87,76,76,76,76,60,86,86,47,47,33,59,49,46,46,72,6,87,87,87,75,75,75,75,55,32,39,67,25,53,30,5,33,0,0],"gold":240,"neow_bonus":"TEN_PERCENT_HP_BONUS","is_daily":false,"chose_seed":false,"campfire_upgraded":1,"win_rate":0.0,"timestamp":1610999321,"path_taken":["M","?","?","M","M","E","R","E","T","?","M","M","R","?","R","BOSS","M","M","$","?","?","R","?","E","T","M","R","M","M","$","R","BOSS","M","?","M","$","?","E","M","M","T","R","?","R","M","M","R","BOSS"],"items_purchased_type":["Card","Card","Card","Card"],"build_version":"2020-12-22","purchased_purges":0,"victory":false,"max_hp_per_floor":[82,82,82,82,82,82,82,82,82,82,82,87,87,87,87,87,87,87,87,87,87,87,87,87,87,87,87,87,87,87,87,87,87,87,87,87,87,87,87,87,87,87,94,94,94,94,94,94,94,94,94],"card_choices":[{"not_picked":["Redo","Reinforced Body","Chaos"],"picked":"SKIP","floor":1},{"not_picked":["Rebound","Tempest"],"picked":"BootSequence","floor":3},{"not_picked":["Lockon","Fusion","Leap"],"picked":"SKIP","floor":4},{"not_picked":["Melter","Genetic Algorithm"],"picked":"Cold Snap","floor":5},{"not_picked":["Ball Lightning","Barrage"],"picked":"Beam Cell","floor":6},{"not_picked":["Compile Driver","Amplify"],"picked":"Conserve Battery","floor":8},{"not_picked":["Redo","Hologram"],"picked":"Loop","floor":11},{"not_picked":["Rebound","Ball Lightning"],"picked":"Go for the Eyes","floor":12},{"not_picked":["Conserve Battery","Rip and Tear"],"picked":"Gash","floor":14},{"not_picked":["Rainbow","Biased Cognition"],"picked":"Reboot","floor":16},{"not_picked":["Go for the Eyes","Stack"],"picked":"Auto Shields","floor":18},{"not_picked":["Tempest","Turbo","Force Field"],"picked":"SKIP","floor":19},{"not_picked":["Scrape","Barrage","Ball Lightning"],"picked":"SKIP","floor":25},{"not_picked":["Beam Cell","Ball Lightning","Coolheaded"],"picked":"Gash","floor":27},{"not_picked":["Static Discharge","Coolheaded","Sweeping Beam"],"picked":"FTL","floor":29},{"not_picked":["Rebound","Aggregate","White Noise"],"picked":"Cold Snap","floor":30},{"not_picked":["Fission","Amplify","Multi-Cast"],"picked":"Echo Form","floor":33},{"not_picked":["Go for the Eyes","Turbo","Force Field"],"picked":"White Noise+1","floor":35},{"not_picked":["Recycle+1","Leap+1","Fusion+1"],"picked":"Loop+1","floor":37},{"not_picked":["Compile Driver+1","Conserve Battery","Barrage+1"],"picked":"Coolheaded+1","floor":41},{"not_picked":["Steam+1","Recycle","Self Repair"],"picked":"Auto Shields","floor":42},{"not_picked":["Hologram","Doom and Gloom+1","Darkness"],"picked":"Self Repair+1","floor":45},{"not_picked":["Streamline+1","Scrape","Doom and Gloom"],"picked":"Conserve Battery+1","floor":47},{"not_picked":["Thunder Strike","Coolheaded+1","Force Field"],"picked":"Sunder+1","floor":48}],"player_experience":98255,"relics_obtained":[{"floor":6,"key":"Bottled Lightning"},{"floor":8,"key":"Centennial Puzzle"},{"floor":9,"key":"Anchor"},{"floor":22,"key":"Enchiridion"},{"floor":25,"key":"Question Card"},{"floor":25,"key":"Shuriken"},{"floor":26,"key":"Boot"},{"floor":43,"key":"Strawberry"}],"event_choices":[{"damage_healed":0,"gold_gain":0,"player_choice":"Bought 0 Potions","damage_taken":0,"max_hp_gain":0,"max_hp_loss":0,"event_name":"The Woman in Blue","floor":2,"gold_loss":0},{"damage_healed":0,"gold_gain":0,"player_choice":"Ignored","damage_taken":0,"max_hp_gain":0,"max_hp_loss":0,"event_name":"NoteForYourself","floor":10,"gold_loss":0},{"damage_healed":0,"gold_gain":0,"player_choice":"Obtained Book","damage_taken":16,"max_hp_gain":0,"max_hp_loss":0,"event_name":"Cursed Tome","floor":22,"gold_loss":0},{"cards_removed":["downfall:Bewildered"],"damage_healed":0,"gold_gain":0,"player_choice":"Gave Gold","damage_taken":0,"max_hp_gain":0,"max_hp_loss":0,"event_name":"Beggar","floor":24,"gold_loss":75},{"cards_removed":["Strike_B"],"damage_healed":0,"gold_gain":0,"player_choice":"Removed Attack","damage_taken":0,"max_hp_gain":0,"max_hp_loss":0,"event_name":"Falling","floor":36,"gold_loss":0},{"damage_healed":0,"gold_gain":0,"cards_transformed":["Echo Form"],"player_choice":"Transformed","damage_taken":0,"max_hp_gain":0,"max_hp_loss":0,"event_name":"Transmorgrifier","floor":39,"gold_loss":0,"cards_obtained":["Redo"]}],"is_beta":false,"boss_relics":[{"not_picked":["Empty Cage","Ectoplasm"],"picked":"Black Star"},{"not_picked":["Tiny House","Snecko Eye"],"picked":"SlaversCollar"}],"items_purged_floors":[],"is_endless":false,"potions_floor_spawned":[4,6,8,11,12,19,29,30,37,45,47],"killed_by":"Time Eater","ascension_level":0}}