{"host":"oigynbtg272c19pw","time":1610973150,"event":{"mods":["BaseMod","Colored Map","Minty Spire (QoL Compilation)","Relic Stats","Slay the Relics Exporter","StSLib"],"gold_per_floor":[111,130,145,145,165,165,194,194,194,194,23,23,42,72,72,149,149,168,180,180,192,19,19,39,74,74,74,74],"floor_reached":27,"playtime":1273,"items_purged":[],"score":536,"play_id":"28d66010-a4b9-4770-a6f9-7c318680d4f0","local_time":"20210118133230","is_ascension_mode":true,"campfire_choices":[{"data":"Glacier","floor":6.0,"key":"SMITH"},{"data":"Tempest","floor":8.0,"key":"SMITH"},{"data":"Darkness","floor":10.0,"key":"SMITH"},{"data":"Undo","floor":12.0,"key":"SMITH"},{"data":"Defragment","floor":15.0,"key":"SMITH"},{"data":"Buffer","floor":23.0,"key":"SMITH"}],"circlet_count":0,"master_deck":["AscendersBane","Strike_B","Strike_B","Strike_B","Defend_B","Defend_B","Defend_B","Defend_B","Zap","Dualcast","Tempest+1","Darkness+1","Gash","Glacier+1","Undo+1","Cold Snap","Defragment+1","Buffer+1","Skim","Chill","Leap","Static Discharge+1","Barrage","Gash"],"relics":["Nuclear Battery","MealTicket","Blue Candle","Omamori","DataDisk","Juzu Bracelet","Runic Pyramid","ClockworkSouvenir","Darkstone Periapt","Molten Egg 2"],"acts_visited":["Exordium","TheCity"],"potions_floor_usage":[27],"damage_taken":[{"damage":7.0,"enemies":"Cultist","floor":1.0,"turns":4.0},{"damage":1.0,"enemies":"Small Slimes","floor":2.0,"turns":3.0},{"damage":7.0,"enemies":"Jaw Worm","floor":3.0,"turns":2.0},{"damage":10.0,"enemies":"3 Louse","floor":5.0,"turns":3.0},{"damage":15.0,"enemies":"3 Sentries","floor":7.0,"turns":9.0},{"damage":7.0,"enemies":"Lots of Slimes","floor":13.0,"turns":5.0},{"damage":0.0,"enemies":"Gremlin Nob","floor":14.0,"turns":3.0},{"damage":30.0,"enemies":"Slime Boss","floor":16.0,"turns":9.0},{"damage":0.0,"enemies":"Spheric Guardian","floor":18.0,"turns":6.0},{"damage":6.0,"enemies":"3 Byrds","floor":19.0,"turns":5.0},{"damage":16.0,"enemies":"Snake Plant","floor":21.0,"turns":3.0},{"damage":0.0,"enemies":"Sentry and Sphere","floor":24.0,"turns":11.0},{"damage":43.0,"enemies":"Slavers","floor":25.0,"turns":6.0},{"damage":12,"enemies":"Book of Stabbing","floor":27,"turns":3}],"seed_played":"-6721462698154624035","potions_obtained":[{"floor":1.0,"key":"Energy Potion"},{"floor":3.0,"key":"FearPotion"},{"floor":18.0,"key":"LiquidMemories"},{"floor":25.0,"key":"Weak Potion"}],"is_trial":false,"path_per_floor":["M","M","M","?","M","R","E","R","T","R","$","R","M","E","R","B",null,"M","M","?","M","$","R","M","E","T","E"],"character_chosen":"DEFECT","items_purchased":["DataDisk","ClockworkSouvenir"],"campfire_rested":0,"item_purchase_floors":[11,22],"current_hp_per_floor":[57,56,49,49,39,39,24,24,24,24,39,39,32,32,32,2,54,54,48,48,32,47,47,47,4,4,0,0],"gold":74,"neow_bonus":"BOSS_RELIC","is_daily":false,"chose_seed":false,"campfire_upgraded":6,"win_rate":0.0,"timestamp":1610973150,"path_taken":["M","M","?","?","M","R","E","R","T","R","$","R","M","E","R","BOSS","M","M","?","M","$","R","M","E","T","E"],"items_purchased_type":["Relic","Relic"],"build_version":"2020-12-13","purchased_purges":0,"victory":false,"max_hp_per_floor":[71,71,71,71,71,71,71,71,71,71,71,71,71,71,71,71,71,71,71,71,71,71,71,71,71,71,71,71],"relic_stats":{"Darkstone Periapt":0,"counters":[14,72],"Blue Candle":[0],"MealTicket":30,"Juzu Bracelet":1,"obtain_stats":[{"Darkstone Periapt":25,"DataDisk":11,"Blue Candle":7,"MealTicket":4,"Molten Egg 2":26,"Omamori":9,"Juzu Bracelet":14,"Cracked Core":0,"Nuclear Battery":0,"Runic Pyramid":17,"ClockworkSouvenir":22},{"Darkstone Periapt":13,"DataDisk":5,"Blue Candle":5,"MealTicket":3,"Molten Egg 2":13,"Omamori":5,"Juzu Bracelet":7,"Cracked Core":0,"Nuclear Battery":0,"Runic Pyramid":8,"ClockworkSouvenir":11},{"Darkstone Periapt":69,"DataDisk":21,"Blue Candle":21,"MealTicket":9,"Molten Egg 2":69,"Omamori":21,"Juzu Bracelet":29,"Cracked Core":0,"Nuclear Battery":0,"Runic Pyramid":38,"ClockworkSouvenir":52}]},"card_choices":[{"not_picked":["Cold Snap","Double Energy"],"picked":"Tempest","floor":1.0},{"not_picked":["Leap","Compile Driver"],"picked":"Darkness","floor":2.0},{"not_picked":["Steam","Compile Driver"],"picked":"Gash","floor":3.0},{"not_picked":["Coolheaded","Fusion"],"picked":"Glacier","floor":5.0},{"not_picked":["Darkness","Compile Driver"],"picked":"Undo","floor":7.0},{"not_picked":["Redo","Go for the Eyes"],"picked":"Cold Snap","floor":13.0},{"not_picked":["Steam","Rebound"],"picked":"Defragment","floor":14.0},{"not_picked":["Seek","Rainbow"],"picked":"Buffer","floor":16.0},{"not_picked":["Rebound","Ball Lightning"],"picked":"Skim","floor":18.0},{"not_picked":["Reprogram","Scrape"],"picked":"Chill","floor":19.0},{"not_picked":["Barrage+1","Ball Lightning"],"picked":"Static Discharge+1","floor":21.0},{"not_picked":["Glacier","Ball Lightning"],"picked":"Barrage","floor":24.0},{"not_picked":["Doom and Gloom","Heatsinks"],"picked":"Gash","floor":25.0}],"player_experience":1431306,"relics_obtained":[{"floor":7.0,"key":"Blue Candle"},{"floor":9.0,"key":"Omamori"},{"floor":14.0,"key":"Juzu Bracelet"},{"floor":25.0,"key":"Darkstone Periapt"},{"floor":26.0,"key":"Molten Egg 2"}],"event_choices":[{"damage_healed":0.0,"max_hp_gain":0.0,"max_hp_loss":0.0,"gold_gain":0.0,"event_name":"WeMeetAgain","player_choice":"Gave Potion","floor":4.0,"gold_loss":0.0,"damage_taken":0.0,"relics_obtained":["MealTicket"]},{"damage_healed":0.0,"max_hp_gain":0.0,"max_hp_loss":0.0,"gold_gain":0.0,"cards_transformed":["Strike_B"],"event_name":"Transmorgrifier","player_choice":"Transformed","floor":20.0,"gold_loss":0.0,"damage_taken":0.0,"cards_obtained":["Leap"]}],"is_beta":false,"boss_relics":[{"not_picked":["Philosopher\u0027s Stone","Sozu"],"picked":"Runic Pyramid"}],"items_purged_floors":[],"is_endless":false,"potions_floor_spawned":[1,3,18,25],"killed_by":"Book of Stabbing","ascension_level":20}}