{"host":"o7j6aatxjwpw1421","time":1610974939,"event":{"mods":["2.2 Compatiblity","AchievementEnabler","BaseMod","Colored Map","DeckTracker","Highlight Path","Keyboard Shortcuts","Minty Spire (QoL Compilation)","Permanent Neow","Quick Restart","StSLib","SuperFastMode","everything is the same but u backflip on backflip"],"gold_per_floor":[115,134,134,59,74,109,109,128,128,155,173,173,173],"floor_reached":12,"language":"KOR","playtime":531,"items_purged":["Defend_P"],"score":144,"play_id":"5c9a9be7-3614-41e5-8186-3ca8c878bbd4","local_time":"20210118220219","is_ascension_mode":true,"campfire_choices":[{"floor":7.0,"key":"REST"}],"circlet_count":0,"master_deck":["AscendersBane","Strike_P","Strike_P","Strike_P","Defend_P","Defend_P","Eruption+1","Vigilance","TalkToTheHand","Halt","FlurryOfBlows","ReachHeaven","DeusExMachina"],"relics":["PureWater","Smiling Mask","Centennial Puzzle"],"acts_visited":["Exordium"],"potions_floor_usage":[12],"damage_taken":[{"damage":0.0,"enemies":"Cultist","floor":1.0,"turns":2.0},{"damage":2.0,"enemies":"Jaw Worm","floor":2.0,"turns":4.0},{"damage":4.0,"enemies":"2 Louse","floor":5.0,"turns":3.0},{"damage":29.0,"enemies":"3 Sentries","floor":6.0,"turns":12.0},{"damage":3.0,"enemies":"Blue Slaver","floor":8.0,"turns":5.0},{"damage":8.0,"enemies":"Gremlin Nob","floor":10.0,"turns":3.0},{"damage":10,"enemies":"Exordium Wildlife","floor":11,"turns":3},{"damage":5,"enemies":"3 Sentries","floor":12,"turns":3}],"seed_played":"-1171724179257173128","potions_obtained":[{"floor":1.0,"key":"Ancient Potion"},{"floor":2.0,"key":"BottledMiracle"},{"floor":5.0,"key":"DuplicationPotion"},{"floor":11,"key":"Strength Potion"}],"is_trial":false,"path_per_floor":["M","M","?","$","M","E","R","M","T","E","M","E"],"character_chosen":"WATCHER","items_purchased":[],"campfire_rested":1,"item_purchase_floors":[],"current_hp_per_floor":[47,45,45,45,41,12,33,30,30,22,12,7,7],"gold":173,"neow_bonus":"REMOVE_TWO","is_daily":false,"chose_seed":false,"campfire_upgraded":0,"win_rate":0.0,"timestamp":1610974939,"path_taken":["M","?","?","$","M","E","R","M","T","E","M","E"],"items_purchased_type":[],"build_version":"2020-12-22","purchased_purges":1,"victory":false,"max_hp_per_floor":[72,72,72,72,72,72,72,72,72,72,72,72,72],"card_choices":[{"not_picked":["FlurryOfBlows","ClearTheMind"],"picked":"TalkToTheHand","floor":1.0},{"not_picked":["Consecrate","Wireheading","Crescendo"],"picked":"SKIP","floor":2.0},{"not_picked":["ClearTheMind","CutThroughFate"],"picked":"Halt","floor":5.0},{"not_picked":["Prostrate","JustLucky"],"picked":"FlurryOfBlows","floor":6.0},{"not_picked":["CutThroughFate","Prostrate"],"picked":"ReachHeaven","floor":8.0},{"not_picked":["ThirdEye","Wallop","FlurryOfBlows"],"picked":"SKIP","floor":10},{"not_picked":["Halt","EmptyBody"],"picked":"DeusExMachina","floor":11}],"player_experience":566158,"relics_obtained":[{"floor":6.0,"key":"Smiling Mask"},{"floor":9.0,"key":"Centennial Puzzle"}],"event_choices":[{"damage_healed":0.0,"max_hp_gain":0.0,"max_hp_loss":0.0,"gold_gain":0.0,"event_name":"Upgrade Shrine","player_choice":"Upgraded","floor":3.0,"gold_loss":0.0,"damage_taken":0.0,"cards_upgraded":["Eruption"]}],"is_beta":false,"boss_relics":[],"items_purged_floors":[4],"is_endless":false,"potions_floor_spawned":[1,2,5,11],"killed_by":"3 Sentries","ascension_level":12}}