{"host":"0997y4wz57mwz0jp","time":1610961591,"event":{"mods":["2.2 Compatiblity","AchievementEnabler","BaseMod","CapriCore","Hermit","Koishi","Marisa£¨Ùöéë¡¡Øª×âÞÞ£©","Minty Spire (QoL Compilation)","StSLib","The Cursed","The Dragon Tamer","The Gatherer","The Hierophant","The Immortal"],"gold_per_floor":[114,289,299,299,314,350,350,368,368,403,404,369,405,427,427,501,501,520,205,226,253,282,325,325,340,340,340,340],"floor_reached":27,"language":"KOR","playtime":3166,"items_purged":[],"score":282,"play_id":"68b32c92-7248-4519-87f5-cfc616ceec2a","local_time":"20210118181951","is_ascension_mode":false,"campfire_choices":[{"floor":7.0,"key":"REST"},{"data":"hierophant:OrnateBuckler","floor":15,"key":"SMITH"},{"data":"hierophant:Martyrdom","floor":24,"key":"SMITH"}],"circlet_count":0,"master_deck":["hierophant:Strike_Hierophant","hierophant:Strike_Hierophant","hierophant:Strike_Hierophant","hierophant:Strike_Hierophant","hierophant:Punish","hierophant:Defend_Hierophant","hierophant:Defend_Hierophant","hierophant:Defend_Hierophant","hierophant:Defend_Hierophant","hierophant:ChurchCoffers","hierophant:Zeal","hierophant:Sermon","hierophant:OrnateBuckler+1","hierophant:Rebuild+1","hierophant:Exaltation+1","hierophant:Kindle+1","hierophant:Shelter+1","hierophant:Repentance+1","hierophant:Doubloon+1","hierophant:ConvertCurrency+1","hierophant:DeathKnell+1","hierophant:ThreeLashes+1","hierophant:RepressedViolence","hierophant:PristineSoul+1","hierophant:ThreeLashes","hierophant:SealAway+1","hierophant:Martyrdom+1"],"relics":["hierophant:PropheticMaskRelic","Toxic Egg 2","Pear","Incense Burner","Peace Pipe","Busted Crown","Chemical X","Centennial Puzzle","Smiling Mask","Question Card"],"acts_visited":["Exordium","TheCity"],"potions_floor_usage":[14,14,16,25,27],"damage_taken":[{"damage":0.0,"enemies":"Cultist","floor":1.0,"turns":4.0},{"damage":0.0,"enemies":"Jaw Worm","floor":3.0,"turns":4.0},{"damage":0.0,"enemies":"Small Slimes","floor":5.0,"turns":3.0},{"damage":39.0,"enemies":"Gremlin Nob","floor":6.0,"turns":5.0},{"damage":0,"enemies":"2 Fungi Beasts","floor":8,"turns":4},{"damage":47,"enemies":"Lagavulin","floor":10,"turns":13},{"damage":0,"enemies":"Looter","floor":11,"turns":2},{"damage":10,"enemies":"Gremlin Nob","floor":13,"turns":5},{"damage":0,"enemies":"Large Slime","floor":14,"turns":3},{"damage":23,"enemies":"Slime Boss","floor":16,"turns":6},{"damage":0,"enemies":"3 Byrds","floor":18,"turns":5},{"damage":5,"enemies":"Chosen","floor":20,"turns":4},{"damage":10,"enemies":"Centurion and Healer","floor":21,"turns":6},{"damage":0,"enemies":"Shelled Parasite and Fungi","floor":22,"turns":4},{"damage":9,"enemies":"Gremlin Leader","floor":23,"turns":3},{"damage":47,"enemies":"Cultist and Chosen","floor":25,"turns":11},{"damage":27,"enemies":"Slavers","floor":27,"turns":4}],"seed_played":"4432012295842975030","potions_obtained":[{"floor":1.0,"key":"FearPotion"},{"floor":11,"key":"Block Potion"},{"floor":13,"key":"AttackPotion"},{"floor":14,"key":"Fruit Juice"},{"floor":21,"key":"LiquidMemories"},{"floor":23,"key":"EssenceOfSteel"}],"is_trial":false,"path_per_floor":["M","?","M","?","M","E","R","M","T","E","M","?","E","M","R","B",null,"M","$","M","M","M","E","R","M","T","E"],"character_chosen":"HIEROPHANT","items_purchased":["hierophant:RepressedViolence","Chemical X","Centennial Puzzle"],"campfire_rested":1,"item_purchase_floors":[19,19,19],"current_hp_per_floor":[82,82,82,82,82,43,67,67,77,30,30,53,43,48,48,25,97,97,97,92,82,82,73,73,26,26,0,0],"gold":340,"neow_bonus":"TEN_PERCENT_HP_BONUS","is_daily":false,"chose_seed":false,"campfire_upgraded":2,"win_rate":0.0,"timestamp":1610961591,"path_taken":["M","?","M","?","M","E","R","M","T","E","?","?","E","M","R","BOSS","M","$","M","M","M","E","R","M","T","E"],"items_purchased_type":["Card","Relic","Relic"],"build_version":"2020-12-22","purchased_purges":0,"victory":false,"max_hp_per_floor":[82,82,82,82,82,82,82,82,92,92,92,92,92,97,97,97,97,97,97,97,97,97,97,97,97,97,97,97],"card_choices":[{"not_picked":["hierophant:Upheaval","hierophant:Flagellation"],"picked":"hierophant:Zeal","floor":1.0},{"not_picked":["hierophant:PassingBell","hierophant:FlamingChariot"],"picked":"hierophant:Sermon","floor":3.0},{"not_picked":["hierophant:MorningPrayer","hierophant:Zeal"],"picked":"hierophant:OrnateBuckler","floor":5.0},{"not_picked":["hierophant:OrnateJavelin","hierophant:BulkyChest+1"],"picked":"hierophant:Rebuild+1","floor":6.0},{"not_picked":["hierophant:Encroach+1","hierophant:Zeal"],"picked":"hierophant:Exaltation+1","floor":8},{"not_picked":["hierophant:AuricForm","hierophant:PassingBell"],"picked":"hierophant:Kindle+1","floor":10},{"not_picked":["hierophant:Remorse","hierophant:FieryStrike"],"picked":"hierophant:Shelter+1","floor":11},{"not_picked":["hierophant:EyeForCoin+1","hierophant:DisplayOfPower"],"picked":"hierophant:Repentance+1","floor":13},{"not_picked":["hierophant:CursedGold","hierophant:PassingBell"],"picked":"hierophant:ConvertCurrency+1","floor":14},{"not_picked":["hierophant:Levitation+1","hierophant:WrathOfGod"],"picked":"hierophant:DeathKnell+1","floor":16},{"not_picked":[],"picked":"hierophant:ThreeLashes+1","floor":18},{"not_picked":[],"picked":"hierophant:PristineSoul+1","floor":20},{"not_picked":[],"picked":"hierophant:ThreeLashes","floor":21},{"not_picked":[],"picked":"hierophant:SealAway+1","floor":22},{"not_picked":[],"picked":"hierophant:Martyrdom","floor":23},{"not_picked":["hierophant:MirrorShield+1"],"picked":"SKIP","floor":25}],"player_experience":115936,"relics_obtained":[{"floor":6.0,"key":"Toxic Egg 2"},{"floor":9,"key":"Pear"},{"floor":10,"key":"Incense Burner"},{"floor":13,"key":"Peace Pipe"},{"floor":23,"key":"Smiling Mask"},{"floor":26,"key":"Question Card"}],"event_choices":[{"damage_healed":0.0,"max_hp_gain":0.0,"max_hp_loss":0.0,"gold_gain":175.0,"event_name":"Liars Game","player_choice":"AGREE","floor":2.0,"gold_loss":0.0,"damage_taken":0.0,"cards_obtained":["Doubt"]},{"cards_removed":["Doubt"],"damage_healed":0.0,"max_hp_gain":0.0,"max_hp_loss":0.0,"gold_gain":0.0,"event_name":"Wheel of Change","player_choice":"Card Removal","floor":4.0,"gold_loss":0.0,"damage_taken":0.0},{"damage_healed":23,"gold_gain":0,"player_choice":"Healed","damage_taken":0,"max_hp_gain":0,"max_hp_loss":0,"event_name":"The Cleric","floor":12,"gold_loss":35}],"is_beta":false,"boss_relics":[{"not_picked":["Runic Dome","Empty Cage"],"picked":"Busted Crown"}],"items_purged_floors":[],"is_endless":false,"potions_floor_spawned":[1,11,13,14,21,23],"killed_by":"Slavers","ascension_level":0}}