{"host":"ky7z67tg8zpdk0g7","time":1610952973,"event":{"mods":["2.2 Compatiblity","BaseMod","Better Third Choice","CapriCore","Displayed Cursed Tome","Energized Spire","Halation","Hubris","Minty Spire (QoL Compilation)","Replay The Spire","Shade Mod","Shop Mod","StSLib","The Animator"],"gold_per_floor":[376,395,345,42,42,42,81,81,158,178,178,178],"floor_reached":11,"language":"RUS","playtime":879,"items_purged":["animator:Strike"],"score":75,"play_id":"b7a654fa-1cd6-43e8-97ed-1318f0a43e3e","local_time":"20210118135613","is_ascension_mode":true,"campfire_choices":[{"data":"animator:Hibiki","floor":6,"key":"SMITH"},{"data":"animator:Shalltear","floor":8,"key":"SMITH"}],"circlet_count":0,"master_deck":["animator:Strike_Katanagatari","animator:Defend_Katanagatari","animator:Strike","animator:Strike","animator:Defend","animator:Defend","animator:Defend","animator:Azekura","animator:Emonzaemon","animator:ZankiKiguchi","animator:Jibril+1","animator:Shalltear+1","animator:Hibiki+1","animator:Kyubey","animator:Shichika"],"relics":["animator:LivingPicture","animator:TheMissingPiece","animator:PurgingStone","Oddly Smooth Stone","Replay:Bottled Eggs","Ornamental Fan"],"acts_visited":["Exordium"],"potions_floor_usage":[7,11],"damage_taken":[{"damage":1,"enemies":"Jaw Worm","floor":1,"turns":8},{"damage":0,"enemies":"Small Slimes","floor":2,"turns":6},{"damage":30,"enemies":"Lagavulin","floor":7,"turns":19},{"damage":0,"enemies":"Cultist","floor":10,"turns":4},{"damage":42,"enemies":"Gremlin Nob","floor":11,"turns":4}],"seed_played":"7817425100236700162","potions_obtained":[{"floor":1,"key":"DistilledChaos"},{"floor":7,"key":"AttackPotion"}],"is_trial":false,"path_per_floor":["M","M","?","$","?","R","E","R","T","M","E"],"character_chosen":"THE_ANIMATOR","items_purchased":["animator:Shalltear","Oddly Smooth Stone"],"campfire_rested":0,"item_purchase_floors":[4,4],"current_hp_per_floor":[65,65,65,65,65,65,35,35,35,36,0,0],"gold":178,"neow_bonus":"TWO_FIFTY_GOLD","is_daily":false,"chose_seed":false,"campfire_upgraded":2,"win_rate":0.0,"timestamp":1610952973,"path_taken":["M","M","?","$","?","R","E","R","T","M","E"],"items_purchased_type":["Card","Relic"],"build_version":"2020-12-22","purchased_purges":1,"victory":false,"max_hp_per_floor":[66,66,66,66,66,66,66,66,66,67,67,67],"card_choices":[{"not_picked":["animator:Caster","animator:TsurugaMeisai"],"picked":"animator:ZankiKiguchi","floor":1},{"not_picked":["animator:Geryuganshoop","animator:Illya"],"picked":"animator:Jibril","floor":2},{"not_picked":["animator:RoyMustang","animator:SuzuneAmano"],"picked":"animator:Kyubey","floor":7},{"not_picked":["animator:Azekura","animator:Nanami"],"picked":"animator:Shichika","floor":10}],"player_experience":87982,"relics_obtained":[{"floor":7,"key":"Replay:Bottled Eggs"},{"floor":9,"key":"Ornamental Fan"}],"event_choices":[{"cards_removed":["Defend_P"],"damage_healed":0,"gold_gain":0,"player_choice":"Card Removal","damage_taken":0,"max_hp_gain":0,"max_hp_loss":0,"event_name":"The Cleric","floor":3,"gold_loss":50},{"damage_healed":0,"gold_gain":0,"cards_transformed":["animator:Defend_AccelWorld"],"player_choice":"Transformed","damage_taken":0,"max_hp_gain":0,"max_hp_loss":0,"event_name":"Transmorgrifier","floor":5,"gold_loss":0,"cards_obtained":["animator:Hibiki"]}],"is_beta":false,"boss_relics":[],"items_purged_floors":[4],"is_endless":false,"potions_floor_spawned":[1,7],"killed_by":"Gremlin Nob","ascension_level":1}}