{"host":"uyrebrj0204enqpc","time":1610946819,"event":{"mods":["Act Like it!","Bard","BaseMod","Block Reminder","Challenge The Spire","Colored Map","Colored Powertips","DeckTracker","Downfall","GifTheSpireLib","HexUI Lib","Highlight Path","Hubris","Infinite Spire","Minty Spire (QoL Compilation)","Pale of the Ancients","Quick Restart","Random Character Button","Relic Sorter","Relic Stats","Shop Mod","StSLib","The Blue Laboratory","The Bug Knight","The Cursed","The Jungle","The Marked","Wandering Minibosses"],"gold_per_floor":[115,85,99,24,47,47,73,73,147,160,160,187,262,294,294,397,397,410,423,348,348,360,360,393,407,433,452,485,496,526,542,542,642,642,661,661,661,707,753,771,804,836,863,890,907,922,951,975,975,1076,1076,1086,1101,1008,952,952,970,970,460,460,560,560,563,614,618,602,677,677,674,674,754,619,609,610,610,601,601,673,673,671,821,821,821,821,826,798,460,460,465,465,462,475,500,500,570,570,565,565,140,140,131,133,133,114,186,105,79,73,73,73,73,150,150,115,83,43,50,50,16,16,68,68,41,41],"floor_reached":123,"language":"ENG","playtime":8055,"items_purged":["bronze:Defend","bronze:Format","bronze:Turbo","bronze:ItsAFeature+1","bronze:FineTuning","bronze:FineTuning"],"score":3548,"play_id":"5bcf0a3f-b5a1-4e80-adb8-3c4757da29c0","local_time":"20210118001339","is_ascension_mode":false,"campfire_choices":[{"data":"bronze:Replicate","floor":6.0,"key":"SMITH"},{"data":"bronze:DelayedGuard","floor":8.0,"key":"SMITH"},{"data":"bronze:Goto","floor":15.0,"key":"SMITH"},{"data":"bronze:Constructor","floor":23.0,"key":"SMITH"},{"data":"bronze:Terminator","floor":32.0,"key":"SMITH"},{"data":"bronze:Philosophize","floor":49.0,"key":"SMITH"},{"data":"bronze:Philosophize","floor":56.0,"key":"SMITH"},{"data":"bronze:Verify","floor":58.0,"key":"SMITH"},{"data":"bronze:ItsAFeature","floor":68.0,"key":"SMITH"},{"data":"bronze:Shell","floor":70.0,"key":"SMITH"},{"data":"bronze:Iterate","floor":77.0,"key":"SMITH"},{"data":"infinitespire:FutureSight","floor":90.0,"key":"SMITH"},{"floor":94.0,"key":"RECALL"},{"data":"infinitespire:NeuralNetwork","floor":103.0,"key":"SMITH"},{"data":"bronze:Turbo","floor":109.0,"key":"SMITH"}],"circlet_count":1,"master_deck":["bronze:Goto+1","bronze:Terminator+1","bronze:Iterate+1","bronze:Constructor+1","bronze:Shell+1","bronze:Philosophize+1","bronze:ClassDefault+1","bronze:Philosophize+1","bronze:Verify+1","infinitespire:NeuralNetwork+1","bronze:Turbo+1","infinitespire:FutureSight+1","bronze:Flail+1"],"relics":["bronze:BronzeCore","wanderingMiniBosses:Inkheart","NeowsBlessing","hubris:TenFootPole","infinitespire:PuzzleCube","Darkstone Periapt","hubris:BottledRain","Tiny Chest","infinitespire:ShieldingShard","Ice Cream","Incense Burner","FossilizedHelix","hubris:SlimyHat","Omamori","infinitespire:Satchel","Sundial","Guardian:PocketSentry","Busted Crown","paleoftheancients:Timepiece","paleoftheancients:KeyRelic","Oddly Smooth Stone","Bronze Scales","paleoftheancients:SoulOfTheShowman","MerchantsRug","Molten Egg 2","Eternal Feather","Coffee Dripper","hubris:ToyBattleship","Anchor","infinitespire:FocusingShard","White Beast Statue","SacredBark","bronze:CableSpool","hubris:FruitBowl","Medical Kit","hubris:KleinBottle","hubris:EvacipatedBox","hubris:CrystalStatue","TheAbacus","Bottled Tornado","Juzu Bracelet","hubris:ScarierMask","Strange Spoon","InkBottle","hubris:EmptyBottle","hubris:MedicalManual","Nunchaku","SlaversCollar","Circlet","Bag of Marbles","Boot"],"acts_visited":["Exordium","TheCity","TheBeyond","TheBeyond","Exordium","Exordium","TheBeyond","TheBeyond"],"potions_floor_usage":[],"damage_taken":[{"damage":0.0,"enemies":"Jaw Worm","floor":1.0,"turns":1.0},{"damage":0.0,"enemies":"Cultist","floor":3.0,"turns":1.0},{"damage":0.0,"enemies":"Gremlin Nob","floor":7.0,"turns":1.0},{"damage":0.0,"enemies":"Small Slimes","floor":10.0,"turns":2.0},{"damage":6.0,"enemies":"Lagavulin","floor":12.0,"turns":7.0},{"damage":18.0,"enemies":"Gremlin Nob","floor":14.0,"turns":5.0},{"damage":17.0,"enemies":"Hexaghost","floor":16.0,"turns":11.0},{"damage":19.0,"enemies":"2 Thieves","floor":18.0,"turns":3.0},{"damage":7.0,"enemies":"Chosen","floor":19.0,"turns":3.0},{"damage":0.0,"enemies":"Snake Plant","floor":22.0,"turns":4.0},{"damage":0.0,"enemies":"Nightmare","floor":24.0,"turns":6.0},{"damage":0.0,"enemies":"Shelled Parasite and Fungi","floor":25.0,"turns":3.0},{"damage":0.0,"enemies":"Cultist and Chosen","floor":27.0,"turns":3.0},{"damage":0.0,"enemies":"HollowMod:Nosk","floor":28.0,"turns":2.0},{"damage":5.0,"enemies":"Centurion and Healer","floor":29.0,"turns":3.0},{"damage":0.0,"enemies":"Gremlin Leader","floor":30.0,"turns":5.0},{"damage":0.0,"enemies":"Snake Plant","floor":31.0,"turns":7.0},{"damage":0.0,"enemies":"Automaton","floor":33.0,"turns":4.0},{"damage":0.0,"enemies":"3 Darklings","floor":35.0,"turns":3.0},{"damage":0.0,"enemies":"2 Orb Walkers","floor":38.0,"turns":4.0},{"damage":0.0,"enemies":"3 Shapes","floor":40.0,"turns":3.0},{"damage":0.0,"enemies":"Nightmare","floor":41.0,"turns":9.0},{"damage":0.0,"enemies":"Giant Head","floor":42.0,"turns":2.0},{"damage":0.0,"enemies":"Jaw Worm Horde","floor":45.0,"turns":3.0},{"damage":0.0,"enemies":"3 Darklings","floor":46.0,"turns":4.0},{"damage":0.0,"enemies":"Nemesis","floor":47.0,"turns":3.0},{"damage":37.0,"enemies":"Awakened One","floor":50.0,"turns":8.0},{"damage":0.0,"enemies":"Awakened One","floor":52.0,"turns":2.0},{"damage":14.0,"enemies":"Awakened One","floor":53.0,"turns":3.0},{"damage":0.0,"enemies":"Awakened One","floor":57.0,"turns":6.0},{"damage":0.0,"enemies":"paleoftheancients:N","floor":61.0,"turns":7.0},{"damage":0.0,"enemies":"Jaw Worm","floor":63.0,"turns":1.0},{"damage":0.0,"enemies":"2 Louse","floor":65.0,"turns":1.0},{"damage":0.0,"enemies":"Cultist","floor":66.0,"turns":4.0},{"damage":0.0,"enemies":"2 Fungi Beasts","floor":69.0,"turns":2.0},{"damage":0.0,"enemies":"Exordium Thugs","floor":73.0,"turns":1.0},{"damage":0.0,"enemies":"Large Slime","floor":74.0,"turns":2.0},{"damage":0.0,"enemies":"2 Fungi Beasts","floor":76.0,"turns":1.0},{"damage":0.0,"enemies":"Slime Boss","floor":78.0,"turns":3.0},{"damage":0.0,"enemies":"theJungle:MUSHROOMGANG","floor":80.0,"turns":2.0},{"damage":0.0,"enemies":"Shell Parasite","floor":85.0,"turns":1.0},{"damage":30.0,"enemies":"Nightmare","floor":86.0,"turns":2.0},{"damage":0.0,"enemies":"theJungle:MamaSnecko","floor":89.0,"turns":3.0},{"damage":0.0,"enemies":"theJungle:Lyon","floor":91.0,"turns":1.0},{"damage":0.0,"enemies":"theJungle:Cassacara","floor":92.0,"turns":2.0},{"damage":0.0,"enemies":"theJungle:QueenSpyder","floor":95.0,"turns":3.0},{"damage":0.0,"enemies":"Orb Walker","floor":97.0,"turns":1.0},{"damage":0.0,"enemies":"3 Shapes","floor":101.0,"turns":2.0},{"damage":0.0,"enemies":"HollowMod:StalkingDevout","floor":102.0,"turns":1.0},{"damage":0.0,"enemies":"Spire Growth","floor":104.0,"turns":3.0},{"damage":0.0,"enemies":"Maw","floor":107.0,"turns":5.0},{"damage":0.0,"enemies":"Giant Head","floor":108.0,"turns":2.0},{"damage":0.0,"enemies":"Time Eater","floor":112.0,"turns":4.0},{"damage":0.0,"enemies":"Time Eater","floor":114.0,"turns":5.0},{"damage":0.0,"enemies":"Time Eater","floor":115.0,"turns":1.0},{"damage":0.0,"enemies":"Time Eater","floor":119.0,"turns":2.0},{"damage":0,"enemies":"paleoftheancients:N","floor":123,"turns":2}],"seed_played":"8637473205810295963","potions_obtained":[{"floor":1.0,"key":"sneckomod:MuddlingPotion"},{"floor":2.0,"key":"DistilledChaos"},{"floor":2.0,"key":"blueLaboratory:PhilterOfMotion"},{"floor":3.0,"key":"blueLaboratory:FrostheartPotion"},{"floor":24.0,"key":"blueLaboratory:NullPotion"},{"floor":25.0,"key":"EssenceOfSteel"},{"floor":27.0,"key":"bronze:FreeFunctionsPotion"},{"floor":35.0,"key":"champ:CounterPotion"},{"floor":40.0,"key":"blueLaboratory:LouseDecoction"},{"floor":66.0,"key":"ColorlessPotion"},{"floor":89.0,"key":"blueLaboratory:BottleOfVodka"},{"floor":91.0,"key":"Dexterity Potion"},{"floor":92.0,"key":"ColorlessPotion"},{"floor":95.0,"key":"LiquidMemories"},{"floor":97.0,"key":"EntropicBrew"},{"floor":101.0,"key":"hexamod:SoulburnPotion"},{"floor":102.0,"key":"Fire Potion"},{"floor":104.0,"key":"SmokeBomb"},{"floor":112.0,"key":"blueLaboratory:FruitPunch"},{"floor":119.0,"key":"blueLaboratory:NullPotion"}],"is_trial":false,"path_per_floor":["M","?","M","$","T","R","E","R","T","M","?","E","?","E","R","B",null,"M","M","?","AVR","M","R","NM","M","T","M","E","M","E","M","R","B",null,"M","AVR","?","?","T","M","NM","E","T","T","M","M","E","T","R","B",null,"M","M","?","$","R","M","R","$","?","B",null,"M","T","M","M","?","R","M","R","T","$","M","M","AVR","M","R","B",null,"M","?","T","$","?","M","NM","$","T","E","R","M","E","T","R","B",null,"M","?","$","?","M","E","R","M","T","$","M","E","R","AVR","R","B",null,"M","M","?","$","R","M","R","T","?","B"],"character_chosen":"THE_AUTOMATON","items_purchased":["MerchantsRug","Molten Egg 2","Eternal Feather","Lee\u0027s Waffle","White Beast Statue","hubris:FruitBowl","Medical Kit","hubris:KleinBottle","hubris:EvacipatedBox","hubris:CrystalStatue","TheAbacus","Mango","Strange Spoon","hubris:EmptyBottle","hubris:MedicalManual","Bag of Marbles"],"campfire_rested":0,"item_purchase_floors":[55,59,59,59,72,83,83,83,83,87,87,99,99,106,106,117],"current_hp_per_floor":[70,70,70,70,70,70,70,70,70,70,70,64,61,43,43,26,70,51,44,44,44,44,44,44,44,51,51,51,46,46,46,46,46,77,77,77,77,77,77,77,77,77,77,77,77,77,77,77,77,40,77,77,70,70,70,70,70,70,84,84,84,84,84,84,84,84,79,84,84,84,84,84,84,84,84,84,84,84,84,84,84,84,17,17,17,84,84,84,84,84,84,84,84,84,84,84,84,84,105,105,105,105,105,105,105,105,105,105,105,126,126,126,144,156,156,156,156,156,156,156,156,156,156,156],"gold":41,"neow_bonus":"THREE_ENEMY_KILL","is_daily":false,"chose_seed":false,"campfire_upgraded":14,"win_rate":0.0,"timestamp":1610946819,"path_taken":["M","?","M","$","?","R","E","R","T","M","?","E","?","E","R","BOSS","M","?","?","AVR","M","R","NM","M","T","M","E","M","E","M","R","BOSS","M","AVR","?","?","?","M","NM","E","T","?","?","M","E","?","R","BOSS","M","M","?","$","R","M","R","$","?","BOSS","M","?","?","M","?","R","M","R","T","$","M","M","AVR","M","R","BOSS","M","?","?","?","?","M","NM","$","T","E","R","?","E","?","R","BOSS","M","?","$","?","M","E","R","M","T","$","M","E","R","AVR","R","BOSS","M","M","?","$","R","M","R","T","?","BOSS"],"items_purchased_type":["Relic","Relic","Relic","Relic","Relic","Relic","Relic","Relic","Relic","Relic","Relic","Relic","Relic","Relic","Relic","Relic"],"build_version":"2020-12-22","purchased_purges":6,"victory":false,"max_hp_per_floor":[70,70,70,70,70,70,70,70,70,70,70,70,70,70,70,70,70,70,70,70,70,70,70,70,70,77,77,77,77,77,77,77,77,77,77,77,77,77,77,77,77,77,77,77,77,77,77,77,77,77,77,77,77,77,77,77,77,77,84,84,84,84,84,84,84,84,84,84,84,84,84,84,84,84,84,84,84,84,84,84,84,84,84,84,84,84,84,84,84,84,84,84,84,84,84,84,84,84,105,105,105,105,105,105,105,105,105,105,105,126,126,126,144,156,156,156,156,156,156,156,156,156,156,156],"relic_stats":{"Darkstone Periapt":0,"counters":[57,185],"Eternal Feather":5,"Juzu Bracelet":1,"Medical Kit":[19],"Boot":[0],"Strange Spoon":[27],"Nunchaku":[8],"Busted Crown":74,"TheAbacus":[1026],"Sundial":[194],"Bronze Scales":[187],"Tiny Chest":4,"obtain_stats":[{"Ice Cream":21,"hubris:CrystalStatue":14,"hubris:VirtuousBlindfold":36,"Whetstone":108,"Bottled Tornado":89,"Boot":121,"bronze:CableSpool":82,"Centennial Puzzle":30,"infinitespire:ShieldingShard":21,"Sundial":47,"Strawberry":26,"hubris:TinFlute":88,"MerchantsRug":55,"paleoftheancients:KeyRelic":51,"hubris:DuctTape":34,"Dead Branch":75,"Oddly Smooth Stone":51,"Eternal Feather":59,"hubris:FruitBowl":83,"Guardian:PocketSentry":48,"paleoftheancients:Timepiece":51,"SlaversCollar":113,"Bronze Scales":51,"Pandora\u0027s Box":17,"Molten Egg 2":59,"hubris:TenFootPole":5,"hubris:ToyBattleship":64,"infinitespire:PuzzleCube":11,"paleoftheancients:SoulOfTheShowman":52,"Darkstone Periapt":12,"Regal Pillow":39,"bronze:BronzeCore":0,"SacredBark":79,"Mango":99,"Incense Burner":24,"hubris:SlimyHat":41,"Juzu Bracelet":93,"hubris:EmptyBottle":106,"hubris:EvacipatedBox":83,"Dream Catcher":28,"Nunchaku":110,"hubris:Backtick":34,"Matryoshka":54,"TheAbacus":87,"infinitespire:Bottled Soul":71,"hubris:ScarierMask":96,"Tiny Chest":21,"WingedGreaves":36,"infinitespire:Eraser":7,"InkBottle":105,"hubris:KleinBottle":83,"Potion Belt":92,"Lee\u0027s Waffle":59,"NeowsBlessing":0,"Circlet":114,"infinitespire:FocusingShard":71,"hubris:MedicalManual":106,"Omamori":42,"Medical Kit":83,"White Beast Statue":72,"Calling Bell":21,"Strange Spoon":99,"Anchor":64,"Busted Crown":51,"bronze:ProtectiveGoggles":43,"infinitespire:Satchel":44,"Coffee Dripper":62,"Bag of Marbles":117,"FossilizedHelix":38,"wanderingMiniBosses:Inkheart":57,"hubris:BottledRain":21},{"Ice Cream":9,"hubris:CrystalStatue":6,"hubris:VirtuousBlindfold":19,"Whetstone":52,"Bottled Tornado":43,"Boot":56,"bronze:CableSpool":40,"Centennial Puzzle":16,"infinitespire:ShieldingShard":9,"Sundial":26,"Strawberry":12,"hubris:TinFlute":42,"MerchantsRug":29,"paleoftheancients:KeyRelic":27,"hubris:DuctTape":18,"Dead Branch":37,"Oddly Smooth Stone":27,"Eternal Feather":30,"hubris:FruitBowl":40,"Guardian:PocketSentry":26,"paleoftheancients:Timepiece":27,"SlaversCollar":53,"Bronze Scales":27,"Pandora\u0027s Box":7,"Molten Egg 2":30,"hubris:TenFootPole":2,"hubris:ToyBattleship":32,"infinitespire:PuzzleCube":4,"paleoftheancients:SoulOfTheShowman":28,"Darkstone Periapt":5,"Regal Pillow":20,"bronze:BronzeCore":0,"SacredBark":39,"Mango":47,"Incense Burner":11,"hubris:SlimyHat":22,"Juzu Bracelet":45,"hubris:EmptyBottle":50,"hubris:EvacipatedBox":40,"Dream Catcher":14,"Nunchaku":52,"hubris:Backtick":18,"Matryoshka":29,"TheAbacus":42,"infinitespire:Bottled Soul":35,"hubris:ScarierMask":46,"Tiny Chest":9,"WingedGreaves":19,"infinitespire:Eraser":3,"InkBottle":50,"hubris:KleinBottle":40,"Potion Belt":45,"Lee\u0027s Waffle":30,"NeowsBlessing":0,"Circlet":54,"infinitespire:FocusingShard":35,"hubris:MedicalManual":50,"Omamori":23,"Medical Kit":40,"White Beast Statue":35,"Calling Bell":9,"Strange Spoon":47,"Anchor":32,"Busted Crown":27,"bronze:ProtectiveGoggles":23,"infinitespire:Satchel":23,"Coffee Dripper":31,"Bag of Marbles":55,"FossilizedHelix":20,"wanderingMiniBosses:Inkheart":30,"hubris:BottledRain":9},{"Ice Cream":34,"hubris:CrystalStatue":17,"hubris:VirtuousBlindfold":74,"Whetstone":171,"Bottled Tornado":151,"Boot":183,"bronze:CableSpool":145,"Centennial Puzzle":60,"infinitespire:ShieldingShard":34,"Sundial":102,"Strawberry":47,"hubris:TinFlute":148,"MerchantsRug":115,"paleoftheancients:KeyRelic":110,"hubris:DuctTape":71,"Dead Branch":139,"Oddly Smooth Stone":110,"Eternal Feather":121,"hubris:FruitBowl":145,"Guardian:PocketSentry":102,"paleoftheancients:Timepiece":110,"SlaversCollar":175,"Bronze Scales":110,"Pandora\u0027s Box":28,"Molten Egg 2":121,"hubris:TenFootPole":2,"hubris:ToyBattleship":129,"infinitespire:PuzzleCube":5,"paleoftheancients:SoulOfTheShowman":112,"Darkstone Periapt":12,"Regal Pillow":78,"bronze:BronzeCore":0,"SacredBark":143,"Mango":158,"Incense Burner":44,"hubris:SlimyHat":90,"Juzu Bracelet":154,"hubris:EmptyBottle":164,"hubris:EvacipatedBox":145,"Dream Catcher":52,"Nunchaku":171,"hubris:Backtick":71,"Matryoshka":115,"TheAbacus":148,"infinitespire:Bottled Soul":136,"hubris:ScarierMask":157,"Tiny Chest":34,"WingedGreaves":74,"infinitespire:Eraser":3,"InkBottle":164,"hubris:KleinBottle":145,"Potion Belt":154,"Lee\u0027s Waffle":121,"NeowsBlessing":0,"Circlet":180,"infinitespire:FocusingShard":136,"hubris:MedicalManual":164,"Omamori":92,"Medical Kit":145,"White Beast Statue":136,"Calling Bell":34,"Strange Spoon":158,"Anchor":129,"Busted Crown":110,"bronze:ProtectiveGoggles":92,"infinitespire:Satchel":92,"Coffee Dripper":128,"Bag of Marbles":181,"FossilizedHelix":78,"wanderingMiniBosses:Inkheart":121,"hubris:BottledRain":34}],"InkBottle":[20]},"card_choices":[{"not_picked":["bronze:InfiniteBeams","bronze:CutThrough","bronze:Deprecate"],"picked":"SKIP","floor":1.0},{"not_picked":["bronze:NullPointer","bronze:Return"],"picked":"bronze:Turbo","floor":3.0},{"not_picked":["bronze:ClassDefault","bronze:Philosophize"],"picked":"bronze:DelayedGuard","floor":7.0},{"not_picked":["bronze:Invalidate","bronze:WildBeam"],"picked":"bronze:Terminator","floor":10.0},{"not_picked":["bronze:Return","bronze:Invalidate","bronze:Boost"],"picked":"SKIP","floor":12.0},{"not_picked":["bronze:Shield","bronze:Return"],"picked":"bronze:Iterate","floor":14.0},{"not_picked":["bronze:BurnOut","bronze:CleanCode"],"picked":"bronze:Format","floor":16.0},{"not_picked":["bronze:Invalidate","bronze:DigitalCarnage"],"picked":"bronze:Constructor","floor":18.0},{"not_picked":["bronze:Shield","bronze:Return"],"picked":"bronze:FineTuning","floor":19.0},{"not_picked":["bronze:Optimize","bronze:Shield","bronze:Turbo"],"picked":"SKIP","floor":22.0},{"not_picked":["bronze:Assembly","bronze:Turbo","bronze:NullPointer"],"picked":"SKIP","floor":24.0},{"not_picked":["bronze:Separator","bronze:Repair+1"],"picked":"bronze:Shell","floor":25.0},{"not_picked":["bronze:WhirlingStrike+1","bronze:Turbo+1"],"picked":"bronze:ItsAFeature","floor":27.0},{"not_picked":["bronze:Iterate","bronze:Constructor","bronze:Refactor"],"picked":"SKIP","floor":28.0},{"not_picked":["bronze:CloningBeam","bronze:Fortify","bronze:Repulsor+1"],"picked":"SKIP","floor":29.0},{"not_picked":["bronze:Backtrace","bronze:Constructor","bronze:BuggyMess"],"picked":"SKIP","floor":30.0},{"not_picked":["bronze:Shell","bronze:GetLatest"],"picked":"bronze:Philosophize","floor":31.0},{"not_picked":["bronze:DelayedSlice+1","bronze:InfiniteBeams+1","bronze:WhirlingStrike"],"picked":"SKIP","floor":35.0},{"not_picked":["bronze:WhirlingStrike+1","bronze:CutThrough"],"picked":"bronze:ClassDefault+1","floor":38.0},{"not_picked":["bronze:OilSpill+1","bronze:Separator+1","bronze:Branch"],"picked":"SKIP","floor":40.0},{"not_picked":["bronze:FollowUp+1","bronze:Branch+1","bronze:DigitalCarnage"],"picked":"SKIP","floor":41.0},{"not_picked":["bronze:Boost+1","bronze:HyperBeam","bronze:Turbo+1"],"picked":"SKIP","floor":42.0},{"not_picked":["bronze:Boost+1","bronze:Invalidate+1"],"picked":"bronze:Philosophize","floor":45.0},{"not_picked":["bronze:Shield","bronze:Separator+1","bronze:Constructor"],"picked":"SKIP","floor":46.0},{"not_picked":["bronze:Backtrace","bronze:Verify"],"picked":"bronze:FineTuning","floor":47.0},{"not_picked":["bronze:HardenedForm","bronze:ThunderWave"],"picked":"bronze:Verify","floor":50.0},{"not_picked":["bronze:Shield"],"picked":"SKIP","floor":52.0},{"not_picked":["bronze:BronzeOrb+1"],"picked":"SKIP","floor":53.0},{"not_picked":["bronze:Repulsor"],"picked":"SKIP","floor":57.0},{"not_picked":["bronze:BitShift"],"picked":"SKIP","floor":63.0},{"not_picked":["bronze:OilSpill+1"],"picked":"SKIP","floor":65.0},{"not_picked":["bronze:Repulsor"],"picked":"SKIP","floor":66.0},{"not_picked":["bronze:Invalidate"],"picked":"SKIP","floor":69.0},{"not_picked":["bronze:BugBarrage+1"],"picked":"SKIP","floor":73.0},{"not_picked":["bronze:DelayedGuard"],"picked":"SKIP","floor":74.0},{"not_picked":["bronze:WhirlingStrike+1"],"picked":"SKIP","floor":76.0},{"not_picked":["bronze:BuggyMess+1"],"picked":"SKIP","floor":80.0},{"not_picked":["hubris:Rewind","infinitespire:Oblivion"],"picked":"infinitespire:NeuralNetwork","floor":83.0},{"not_picked":["bronze:BuggyMess+1"],"picked":"SKIP","floor":85.0},{"not_picked":["infinitespire:Menacing","infinitespire:SevenWalls"],"picked":"infinitespire:FutureSight","floor":85.0},{"not_picked":["bronze:BuggyMess+1"],"picked":"SKIP","floor":85.0},{"not_picked":["bronze:BugBarrage+1"],"picked":"SKIP","floor":89.0},{"not_picked":["bronze:Shield"],"picked":"SKIP","floor":91.0},{"not_picked":["bronze:Shield"],"picked":"SKIP","floor":92.0},{"not_picked":["bronze:Boost"],"picked":"SKIP","floor":97.0},{"not_picked":["bronze:GetLatest+1"],"picked":"SKIP","floor":101.0},{"not_picked":["bronze:MaxOutput+1"],"picked":"SKIP","floor":102.0},{"not_picked":["bronze:Frontload+1"],"picked":"SKIP","floor":104.0},{"not_picked":["bronze:DigitalCarnage+1"],"picked":"SKIP","floor":107.0},{"not_picked":["bronze:AlphaBuild+1"],"picked":"SKIP","floor":108.0},{"not_picked":["bronze:BronzeArmor"],"picked":"SKIP","floor":114.0},{"not_picked":[],"picked":"bronze:Flail+1","floor":115.0},{"not_picked":["bronze:Frontload+1"],"picked":"SKIP","floor":119.0}],"player_experience":1063487,"relics_obtained":[{"floor":5.0,"key":"hubris:TenFootPole"},{"floor":7.0,"key":"infinitespire:Eraser"},{"floor":12.0,"key":"Darkstone Periapt"},{"floor":14.0,"key":"hubris:CrystalStatue"},{"floor":21.0,"key":"Tiny Chest"},{"floor":21.0,"key":"infinitespire:ShieldingShard"},{"floor":21.0,"key":"Ice Cream"},{"floor":24.0,"key":"Incense Burner"},{"floor":26.0,"key":"Strawberry"},{"floor":28.0,"key":"Dream Catcher"},{"floor":30.0,"key":"Centennial Puzzle"},{"floor":38.0,"key":"FossilizedHelix"},{"floor":39.0,"key":"Regal Pillow"},{"floor":41.0,"key":"hubris:SlimyHat"},{"floor":42.0,"key":"Omamori"},{"floor":43.0,"key":"bronze:ProtectiveGoggles"},{"floor":44.0,"key":"infinitespire:Satchel"},{"floor":47.0,"key":"Sundial"},{"floor":48.0,"key":"Guardian:PocketSentry"},{"floor":52.0,"key":"paleoftheancients:SoulOfTheShowman"},{"floor":57.0,"key":"wanderingMiniBosses:Inkheart"},{"floor":64.0,"key":"hubris:ToyBattleship"},{"floor":64.0,"key":"Anchor"},{"floor":71.0,"key":"infinitespire:FocusingShard"},{"floor":71.0,"key":"infinitespire:Bottled Soul"},{"floor":82.0,"key":"bronze:CableSpool"},{"floor":88.0,"key":"hubris:TinFlute"},{"floor":89.0,"key":"Bottled Tornado"},{"floor":92.0,"key":"Potion Belt"},{"floor":93.0,"key":"Juzu Bracelet"},{"floor":105.0,"key":"InkBottle"},{"floor":108.0,"key":"Whetstone"},{"floor":114.0,"key":"Circlet"},{"floor":121.0,"key":"Boot"}],"event_choices":[{"damage_healed":0.0,"max_hp_gain":0.0,"max_hp_loss":0.0,"gold_gain":0.0,"event_name":"The Woman in Blue","player_choice":"Bought 2 Potions","floor":2.0,"gold_loss":0.0,"damage_taken":0.0},{"damage_healed":0.0,"max_hp_gain":0.0,"max_hp_loss":0.0,"gold_gain":0.0,"event_name":"Big Fish","player_choice":"Box","floor":11.0,"gold_loss":0.0,"damage_taken":0.0,"relics_obtained":["infinitespire:PuzzleCube"],"cards_obtained":["Regret"]},{"damage_healed":0.0,"max_hp_gain":0.0,"max_hp_loss":0.0,"gold_gain":75.0,"event_name":"FaceTrader","player_choice":"Touch","floor":13.0,"gold_loss":0.0,"damage_taken":7.0},{"cards_removed":["Regret"],"damage_healed":0.0,"max_hp_gain":0.0,"max_hp_loss":0.0,"gold_gain":0.0,"event_name":"Beggar","player_choice":"Gave Gold","floor":20.0,"gold_loss":75.0,"damage_taken":0.0},{"damage_healed":0.0,"max_hp_gain":0.0,"max_hp_loss":0.0,"gold_gain":0.0,"event_name":"Mysterious Sphere","player_choice":"Fight","floor":38.0,"gold_loss":0.0,"damage_taken":0.0},{"damage_healed":0.0,"max_hp_gain":0.0,"max_hp_loss":0.0,"gold_gain":0.0,"event_name":"WeMeetAgain","player_choice":"Paid Gold","floor":54.0,"gold_loss":93.0,"damage_taken":0.0,"relics_obtained":["Matryoshka"]},{"damage_healed":0.0,"max_hp_gain":0.0,"max_hp_loss":0.0,"gold_gain":75.0,"event_name":"World of Goop","player_choice":"Gather Gold","floor":67.0,"gold_loss":0.0,"damage_taken":11.0},{"damage_healed":0.0,"max_hp_gain":0.0,"max_hp_loss":0.0,"gold_gain":0.0,"cards_transformed":["bronze:FineTuning"],"event_name":"Transmorgrifier","player_choice":"Transformed","floor":84.0,"gold_loss":0.0,"damage_taken":0.0,"cards_obtained":["bronze:Turbo"]},{"damage_healed":0.0,"max_hp_gain":0.0,"max_hp_loss":0.0,"gold_gain":0.0,"event_name":"Duplicator","player_choice":"Copied","floor":98.0,"gold_loss":0.0,"damage_taken":0.0,"cards_obtained":["bronze:FineTuning"]},{"damage_healed":0.0,"max_hp_gain":0.0,"max_hp_loss":0.0,"gold_gain":0.0,"event_name":"The Woman in Blue","player_choice":"Bought 3 Potions","floor":116.0,"gold_loss":0.0,"damage_taken":0.0}],"is_beta":false,"boss_relics":[{"not_picked":["Astrolabe","bronze:PlatinumCore"],"picked":"Pandora\u0027s Box"},{"not_picked":["hubris:GrandSneckoEye","Black Star"],"picked":"hubris:Backtick"},{"not_picked":["Snecko Eye","hubris:Stopwatch"],"picked":"Busted Crown"},{"not_picked":["Cursed Key","Tiny House"],"picked":"Coffee Dripper"},{"not_picked":["Runic Pyramid","hubris:RunicObelisk"],"picked":"SacredBark"},{"not_picked":["hubris:TerracottaHorce","Tiny House","hubris:BlackHole"],"picked":"hubris:ScarierMask"},{"not_picked":["Sozu","hubris:HollowSoul","hubris:CrackedHourglass"],"picked":"SlaversCollar"}],"items_purged_floors":[4,55,87,99,106,110],"is_endless":true,"potions_floor_spawned":[1,3,7,10,24,25,27,29,30,31,35,40,50,53,63,66,73,74,76,78,80,85,86,89,91,92,95,97,101,102,104,107,108,112,114,115,119],"killed_by":"paleoftheancients:N","ascension_level":0}}