{"host":"s35zr3gblm7slh1q","time":1610932198,"event":{"mods":["BaseMod","Colored Powertips","Downfall","Hermit","Highlight Path","Marisa????????","Minty Spire (QoL Compilation)","Permanent Neow","StSLib"],"gold_per_floor":[99,118,136,155,168,168,168,188,188,208,208,220,220,70,84,84,84,84],"floor_reached":16,"language":"ENG","playtime":1092,"items_purged":[],"score":121,"play_id":"58d51329-95f6-40f5-867b-6f59a04dbcf9","local_time":"20210117200958","is_ascension_mode":false,"campfire_choices":[{"data":"hexamod:Float","floor":1,"key":"SMITH"},{"data":"hexamod:EtherealExpedition","floor":6,"key":"SMITH"},{"data":"hexamod:NightmareStrike","floor":13,"key":"SMITH"}],"circlet_count":0,"master_deck":["hexamod:Strike","hexamod:Strike","hexamod:Strike","hexamod:Defend","hexamod:Defend","hexamod:Defend","hexamod:Defend","hexamod:Sear","hexamod:Float+1","Swift Strike","hexamod:NightmareStrike","hexamod:NightmareStrike","hexamod:SpectersWail","hexamod:EtherealExpedition+1","hexamod:NightmareStrike","hexamod:NightmareStrike+1","hexamod:GhostShield","hexamod:TimeOfNeed"],"relics":["hexamod:SpiritBrand","TungstenRod"],"acts_visited":["Exordium"],"potions_floor_usage":[12,16,16,16],"damage_taken":[{"damage":0,"enemies":"Small Slimes","floor":2,"turns":3},{"damage":0,"enemies":"2 Louse","floor":3,"turns":2},{"damage":0,"enemies":"Cultist","floor":4,"turns":2},{"damage":2,"enemies":"Blue Slaver","floor":5,"turns":2},{"damage":0,"enemies":"Large Slime","floor":8,"turns":3},{"damage":2,"enemies":"Red Slaver","floor":10,"turns":2},{"damage":0,"enemies":"2 Fungi Beasts","floor":12,"turns":2},{"damage":1,"enemies":"Exordium Wildlife","floor":15,"turns":4},{"damage":119,"enemies":"SI_SHIV_ARCHETYPE","floor":16,"turns":13}],"seed_played":"1874140421417233341","potions_obtained":[{"floor":4,"key":"Regen Potion"},{"floor":5,"key":"Weak Potion"},{"floor":12,"key":"Fire Potion"},{"floor":15,"key":"Regen Potion"}],"is_trial":false,"path_per_floor":["R","M","M","M","M","R","T","M","?","M","?","M","R","?","M","B"],"character_chosen":"THE_SPIRIT","items_purchased":[],"campfire_rested":0,"item_purchase_floors":[],"current_hp_per_floor":[70,70,70,70,68,68,68,68,68,66,66,66,66,80,79,0,0,0],"gold":84,"neow_bonus":"RANDOM_COLORLESS","is_daily":false,"chose_seed":false,"campfire_upgraded":3,"win_rate":0.0,"timestamp":1610932198,"path_taken":["R","M","M","M","M","R","T","M","?","M","?","M","R","?","M","BOSS"],"items_purchased_type":[],"build_version":"2020-12-22","purchased_purges":0,"victory":false,"max_hp_per_floor":[70,70,70,70,70,70,70,70,70,70,70,70,70,80,80,80,80,80],"card_choices":[{"not_picked":["Purity","Mind Blast"],"picked":"Swift Strike","floor":0},{"not_picked":["hexamod:HauntingEcho","hexamod:NightmareGuise"],"picked":"hexamod:NightmareStrike","floor":2},{"not_picked":["hexamod:SoulSteal","hexamod:AdvancingGuard"],"picked":"hexamod:NightmareStrike","floor":3},{"not_picked":["hexamod:SpectralAdrenaline","hexamod:GhostOfSpirePast"],"picked":"hexamod:SpectersWail","floor":4},{"not_picked":["hexamod:GhostShield","hexamod:HeatMetal"],"picked":"hexamod:EtherealExpedition","floor":5},{"not_picked":["hexamod:InspiringFlames","hexamod:SkipABeat"],"picked":"hexamod:NightmareStrike","floor":8},{"not_picked":["hexamod:CatchUp","hexamod:ChargedBarrage"],"picked":"hexamod:NightmareStrike","floor":10},{"not_picked":["hexamod:SpectralAdrenaline","hexamod:ExtraCrispy"],"picked":"hexamod:GhostShield","floor":12},{"not_picked":["hexamod:RadiantFlame","hexamod:ThermalTransfer"],"picked":"hexamod:TimeOfNeed","floor":15}],"player_experience":357838,"relics_obtained":[{"floor":7,"key":"TungstenRod"}],"event_choices":[],"is_beta":false,"boss_relics":[],"items_purged_floors":[],"is_endless":false,"potions_floor_spawned":[4,5,12,15],"killed_by":"SI_SHIV_ARCHETYPE","ascension_level":0}}