{"host":"840yoaz69lavfcgt","time":1610943874,"event":{"mods":["BaseMod","Colored Powertips","DeckTracker","Highlight Path","Minty Spire (QoL Compilation)","Synergy Search"],"gold_per_floor":[112,123,123,135,155,185,199,199,199,199,217,492,512,556,556,556,556],"floor_reached":16,"language":"ENG","playtime":1542,"items_purged":[],"score":139,"play_id":"df751a60-f071-415e-b228-0a5aa5e99c9a","local_time":"20210117232434","is_ascension_mode":false,"campfire_choices":[{"floor":10.0,"key":"REST"},{"floor":15.0,"key":"REST"}],"circlet_count":0,"master_deck":["Strike_G","Strike_G","Strike_G","Strike_G","Strike_G","Defend_G","Defend_G","Defend_G","Defend_G","Defend_G","Survivor","Neutralize","Doppelganger","Infinite Blades","Blade Dance","Finisher","Caltrops","Blur","Tactician","Injury","Escape Plan","Regret","Deflect","Acrobatics"],"relics":["Ring of the Snake","Frozen Egg 2","Golden Idol","The Courier","Bottled Tornado"],"acts_visited":["Exordium"],"potions_floor_usage":[16],"damage_taken":[{"damage":0.0,"enemies":"2 Louse","floor":1.0,"turns":3.0},{"damage":2.0,"enemies":"Small Slimes","floor":2.0,"turns":5.0},{"damage":0.0,"enemies":"Cultist","floor":4.0,"turns":4.0},{"damage":10.0,"enemies":"Gremlin Gang","floor":5.0,"turns":5.0},{"damage":35.0,"enemies":"3 Sentries","floor":6.0,"turns":7.0},{"damage":21.0,"enemies":"Lots of Slimes","floor":7.0,"turns":5.0},{"damage":3.0,"enemies":"Exordium Thugs","floor":11.0,"turns":5.0},{"damage":15.0,"enemies":"Large Slime","floor":13.0,"turns":7.0},{"damage":2.0,"enemies":"Lagavulin","floor":14.0,"turns":9.0},{"damage":27,"enemies":"Slime Boss","floor":16,"turns":8}],"seed_played":"364115396696999397","potions_obtained":[{"floor":2.0,"key":"SteroidPotion"},{"floor":6.0,"key":"SpeedPotion"},{"floor":7.0,"key":"Ancient Potion"},{"floor":13.0,"key":"ColorlessPotion"},{"floor":14.0,"key":"SteroidPotion"}],"is_trial":false,"path_per_floor":["M","M","?","M","M","E","M","?","T","R","M","?","M","E","R","B"],"character_chosen":"THE_SILENT","items_purchased":[],"campfire_rested":2,"item_purchase_floors":[],"current_hp_per_floor":[70,68,68,68,58,23,2,2,2,23,20,20,5,3,24,0,0],"gold":556,"neow_bonus":"ONE_RANDOM_RARE_CARD","is_daily":false,"chose_seed":false,"campfire_upgraded":0,"win_rate":0.0,"timestamp":1610943874,"path_taken":["M","M","?","M","M","E","M","?","T","R","M","?","M","E","R","BOSS"],"items_purchased_type":[],"build_version":"2020-12-22","purchased_purges":0,"victory":false,"max_hp_per_floor":[70,70,70,70,70,70,70,70,70,70,70,70,70,70,70,70,70],"card_choices":[{"not_picked":["Sucker Punch","PiercingWail"],"picked":"Infinite Blades","floor":1.0},{"not_picked":["Deadly Poison","Envenom"],"picked":"Blade Dance","floor":2.0},{"not_picked":["Underhanded Strike","Calculated Gamble"],"picked":"Finisher","floor":4.0},{"not_picked":["Sucker Punch","Dagger Spray"],"picked":"Caltrops","floor":5.0},{"not_picked":["Outmaneuver","Poisoned Stab"],"picked":"Blur","floor":6.0},{"not_picked":["Flechettes","Acrobatics"],"picked":"Tactician","floor":7.0},{"not_picked":["Bouncing Flask","Calculated Gamble"],"picked":"Escape Plan","floor":11.0},{"not_picked":["Prepared","Expertise"],"picked":"Deflect","floor":13.0},{"not_picked":["Poisoned Stab","Crippling Poison"],"picked":"Acrobatics","floor":14.0}],"player_experience":216847,"relics_obtained":[{"floor":6.0,"key":"Frozen Egg 2"},{"floor":9.0,"key":"The Courier"},{"floor":14.0,"key":"Bottled Tornado"}],"event_choices":[{"damage_healed":0.0,"max_hp_gain":0.0,"max_hp_loss":0.0,"gold_gain":0.0,"event_name":"The Cleric","player_choice":"Leave","floor":3.0,"gold_loss":0.0,"damage_taken":0.0},{"damage_healed":0.0,"max_hp_gain":0.0,"max_hp_loss":0.0,"gold_gain":0.0,"event_name":"Golden Idol","player_choice":"Take Wound","floor":8.0,"gold_loss":0.0,"damage_taken":0.0,"relics_obtained":["Golden Idol"],"cards_obtained":["Injury"]},{"damage_healed":0.0,"max_hp_gain":0.0,"max_hp_loss":0.0,"gold_gain":275.0,"event_name":"Golden Shrine","player_choice":"Desecrate","floor":12.0,"gold_loss":0.0,"damage_taken":0.0,"cards_obtained":["Regret"]}],"is_beta":false,"boss_relics":[],"items_purged_floors":[],"is_endless":false,"potions_floor_spawned":[2,6,7,13,14],"killed_by":"Slime Boss","ascension_level":0}}