{"host":"5unvcuco0qq3uuek","time":1610988277,"event":{"mods":["BaseMod","Downfall","Minty Spire (QoL Compilation)","StSLib"],"gold_per_floor":[99,114,170,320,320,133,133,148,148,164,164,164,0,0,17,112,112,112,124,143,155,166,166,166,26,37,71,71,85,85,105,123,123,123,123],"floor_reached":33,"language":"ENG","playtime":3202,"items_purged":["Parasite","champ:Strike","champ:Defend"],"score":298,"play_id":"4ba959e7-ae14-4be2-b0c0-15a5cd717921","local_time":"20210118114437","is_ascension_mode":true,"campfire_choices":[{"data":"champ:Taunt","floor":1,"key":"SMITH"},{"data":"champ:Lariat","floor":9,"key":"SMITH"},{"data":"1","floor":12,"key":"LIFT"},{"data":"champ:DancingMaster","floor":18,"key":"SMITH"},{"data":"2","floor":28,"key":"LIFT"}],"circlet_count":0,"master_deck":["champ:Defend","champ:Defend","champ:Defend","champ:Execute","champ:Taunt+1","champ:Lariat+1","champ:Backstep","champ:FancyFootwork","champ:ArenaPreparation","champ:AdrenalArmor","champ:TornadoPunch","champ:GutPunch","champ:FanOfKnives","champ:StanceDance","champ:Lariat+1","champ:DancingMaster+1","champ:ArenaPreparation","champ:RisingSlash","champ:AdrenalArmor","champ:CalledShot","champ:ArenaPreparation+1","champ:Improvising"],"relics":["champ:ChampionCrown","Girya","Guardian:PocketSentry","expansioncontent:StudyCardRelic","Nilry\u0027s Codex","Nunchaku"],"acts_visited":["Exordium","TheCity"],"potions_floor_usage":[16,27,27,33,33],"damage_taken":[{"damage":11,"enemies":"Small Slimes","floor":2,"turns":4},{"damage":88,"enemies":"Lagavulin Event","floor":3,"turns":11},{"damage":30,"enemies":"downfall:FleeingMerchant","floor":6,"turns":4},{"damage":0,"enemies":"2 Louse","floor":8,"turns":2},{"damage":30,"enemies":"Cultist","floor":10,"turns":2},{"damage":15,"enemies":"downfall:FleeingMerchant","floor":13,"turns":4},{"damage":0,"enemies":"Lots of Slimes","floor":15,"turns":1},{"damage":53,"enemies":"DF_ARCHETYPE_STREAMLINE","floor":16,"turns":17},{"damage":50,"enemies":"Chosen","floor":19,"turns":3},{"damage":30,"enemies":"Spheric Guardian","floor":20,"turns":3},{"damage":77,"enemies":"Centurion and Healer","floor":21,"turns":7},{"damage":35,"enemies":"Cultist and Chosen","floor":22,"turns":3},{"damage":60,"enemies":"downfall:FleeingMerchant","floor":25,"turns":4},{"damage":11,"enemies":"Snake Plant","floor":26,"turns":3},{"damage":63,"enemies":"Gremlin Leader","floor":27,"turns":6},{"damage":25,"enemies":"Chosen and Byrds","floor":29,"turns":4},{"damage":15,"enemies":"Shelled Parasite and Fungi","floor":31,"turns":3},{"damage":0,"enemies":"Snake Plant","floor":32,"turns":2},{"damage":55,"enemies":"SI_MIRROR_ARCHETYPE","floor":33,"turns":4}],"seed_played":"-6230696702225421626","potions_obtained":[{"floor":2,"key":"Weak Potion"},{"floor":3,"key":"FearPotion"},{"floor":22,"key":"PowerPotion"},{"floor":26,"key":"AttackPotion"},{"floor":27,"key":"Dexterity Potion"},{"floor":29,"key":"AttackPotion"}],"is_trial":false,"path_per_floor":["R","M","?","?","?","$","T","M","R","M","?","R","$","?","M","B",null,"R","M","M","M","M","?","T","$","M","E","R","M","?","M","M","B"],"character_chosen":"THE_CHAMP","items_purchased":["champ:AdrenalArmor","champ:TornadoPunch","champ:StanceDance"],"campfire_rested":0,"item_purchase_floors":[6,6,13],"current_hp_per_floor":[90,89,31,31,31,31,31,31,31,31,31,31,31,31,31,10,87,87,87,87,85,85,69,69,69,68,50,50,50,50,50,50,0,0,0],"gold":123,"neow_bonus":"THREE_CARDS","is_daily":false,"chose_seed":false,"campfire_upgraded":3,"win_rate":0.0,"timestamp":1610988277,"path_taken":["R","M","?","?","?","$","T","?","R","M","?","R","$","?","M","BOSS","R","M","M","?","?","?","T","?","M","E","R","M","?","M","M","BOSS"],"items_purchased_type":["Card","Card","Card"],"build_version":"2020-12-22","purchased_purges":3,"victory":false,"max_hp_per_floor":[90,90,90,90,90,87,87,87,87,87,87,87,87,87,87,87,87,87,87,87,87,87,87,87,87,87,87,87,87,87,87,87,87,87,87],"card_choices":[{"not_picked":["champ:Backstep","champ:SetATrap"],"picked":"champ:Lariat","floor":0},{"not_picked":["champ:FancyFootwork","champ:RisingSlash"],"picked":"champ:Backstep","floor":2},{"not_picked":["champ:PreciseThrust","champ:RageSigil"],"picked":"champ:FancyFootwork","floor":3},{"not_picked":["champ:CrookedStrike","champ:FanOfKnives"],"picked":"champ:ArenaPreparation","floor":6},{"not_picked":["champ:BringItOn","champ:TornadoPunch"],"picked":"champ:GutPunch","floor":8},{"not_picked":["champ:Haymaker","champ:BladeFlurry","champ:FalseCounter"],"picked":"SKIP","floor":10},{"not_picked":["champ:Shatter","champ:ViciousMockery"],"picked":"champ:FanOfKnives","floor":13},{"not_picked":["champ:StanceDance","champ:RapidStrikes","champ:TripleStrike"],"picked":"SKIP","floor":15},{"not_picked":["champ:SwordThrow","champ:HoldFirm"],"picked":"champ:DancingMaster","floor":16},{"not_picked":["champ:ShieldSlam+1","champ:FaceSlap","champ:CrownThrow"],"picked":"SKIP","floor":19},{"not_picked":["champ:CrownThrow","champ:CalledShot"],"picked":"champ:ArenaPreparation","floor":20},{"not_picked":["champ:AdrenalArmor","champ:SetATrap"],"picked":"champ:RisingSlash","floor":21},{"not_picked":["champ:FlashCut","champ:EnGarde","champ:StanceDance+1"],"picked":"SKIP","floor":22},{"not_picked":["champ:GutPunch+1","champ:FlashCut+1","champ:TornadoPunch"],"picked":"SKIP","floor":25},{"not_picked":["champ:DefensiveShout","champ:ShieldWall"],"picked":"champ:AdrenalArmor","floor":26},{"not_picked":["champ:EndlessRage+1","champ:PreciseThrust"],"picked":"champ:CalledShot","floor":27},{"not_picked":["champ:BerserkerStyle","champ:Backstep+1"],"picked":"champ:ArenaPreparation+1","floor":29},{"not_picked":["champ:TornadoPunch","champ:PerfectedStrike+1","champ:BladeFlurry+1"],"picked":"SKIP","floor":31},{"not_picked":["champ:RageSigil","champ:FanOfKnives"],"picked":"champ:Improvising","floor":32}],"player_experience":487165,"relics_obtained":[{"floor":3,"key":"Girya"},{"floor":7,"key":"Guardian:PocketSentry"},{"floor":23,"key":"Nilry\u0027s Codex"},{"floor":27,"key":"Nunchaku"}],"event_choices":[],"is_beta":false,"boss_relics":[{"not_picked":["Philosopher\u0027s Stone","Sozu"],"picked":"expansioncontent:StudyCardRelic"}],"items_purged_floors":[6,13,25],"is_endless":false,"potions_floor_spawned":[2,3,22,26,27,29,31,32],"killed_by":"SI_MIRROR_ARCHETYPE","ascension_level":3}}