{"host":"2se5dq1do2gp0x9k","time":1610938302,"event":{"mods":["AchievementEnabler","BaseMod","Block Reminder","Colored Map","Colored Powertips","Minty Spire (QoL Compilation)","Relic Stats","StSLib","SuperFastMode"],"gold_per_floor":[114,114,114,189,203,235,26,44,71,82,102,102,16,47,47,123,123,136,10,10,10,10,10,10],"floor_reached":23,"language":"ENG","playtime":695,"items_purged":["Strike_B"],"score":444,"play_id":"6291f382-3e91-4fd8-b182-bac1327a6e89","local_time":"20210117185142","is_ascension_mode":true,"campfire_choices":[{"floor":12.0,"key":"REST"},{"floor":15.0,"key":"REST"}],"circlet_count":0,"master_deck":["AscendersBane","Strike_B","Strike_B","Strike_B","Defend_B","Defend_B","Defend_B","Defend_B","Zap","Dualcast","Defragment+1","Capacitor","Chaos","Loop","Ball Lightning","Barrage","Undo","Cold Snap","Hologram","Turbo","Seek","Creative AI","Static Discharge","Defragment","Undo"],"relics":["Cracked Core","NeowsBlessing","Tiny Chest","Dream Catcher","Mummified Hand","Cursed Key"],"acts_visited":["Exordium","TheCity"],"potions_floor_usage":[23,23,23],"damage_taken":[{"damage":0.0,"enemies":"2 Louse","floor":1.0,"turns":1.0},{"damage":0.0,"enemies":"Jaw Worm","floor":5.0,"turns":1.0},{"damage":0.0,"enemies":"Gremlin Nob","floor":6.0,"turns":1.0},{"damage":8.0,"enemies":"Small Slimes","floor":8.0,"turns":3.0},{"damage":16.0,"enemies":"3 Louse","floor":10.0,"turns":4.0},{"damage":14.0,"enemies":"Exordium Thugs","floor":11.0,"turns":4.0},{"damage":19.0,"enemies":"3 Sentries","floor":14.0,"turns":7.0},{"damage":17.0,"enemies":"The Guardian","floor":16.0,"turns":11.0},{"damage":40.0,"enemies":"2 Thieves","floor":18.0,"turns":4.0},{"damage":38,"enemies":"Slavers","floor":23,"turns":3}],"seed_played":"6201322359814519641","potions_obtained":[{"floor":6.0,"key":"AttackPotion"},{"floor":8.0,"key":"LiquidBronze"},{"floor":14.0,"key":"EntropicBrew"},{"floor":18.0,"key":"SteroidPotion"}],"is_trial":false,"path_per_floor":["M","?","?","?","M","E","$","M","T","M","M","R","$","E","R","B",null,"M","$","?","T","T","E"],"character_chosen":"DEFECT","items_purchased":["Loop","Ball Lightning","Hologram","Turbo","Defragment","Undo"],"campfire_rested":2,"item_purchase_floors":[7,7,13,13,19,19],"current_hp_per_floor":[64,64,64,53,53,53,53,45,45,29,15,36,36,17,38,21,59,19,19,33,33,33,0,0],"gold":10,"neow_bonus":"THREE_ENEMY_KILL","is_daily":false,"chose_seed":false,"campfire_upgraded":0,"win_rate":0.0,"timestamp":1610938302,"path_taken":["M","?","?","?","M","E","$","M","T","M","M","R","?","E","R","BOSS","M","$","?","?","?","E"],"items_purchased_type":["Card","Card","Card","Card","Card","Card"],"build_version":"2020-12-22","purchased_purges":1,"victory":false,"max_hp_per_floor":[71,71,71,71,71,71,71,71,71,71,71,71,71,71,71,71,71,71,71,71,71,71,71,71],"relic_stats":{"Dream Catcher":2,"counters":[10,39],"Mummified Hand":[22],"Tiny Chest":1,"Cursed Key":0,"obtain_stats":[{"Dream Catcher":9,"NeowsBlessing":0,"Mummified Hand":14,"Tiny Chest":6,"Cracked Core":0,"Cursed Key":17},{"Dream Catcher":4,"NeowsBlessing":0,"Mummified Hand":7,"Tiny Chest":3,"Cracked Core":0,"Cursed Key":8},{"Dream Catcher":6,"NeowsBlessing":0,"Mummified Hand":21,"Tiny Chest":3,"Cracked Core":0,"Cursed Key":32}]},"card_choices":[{"not_picked":["Compile Driver","Ball Lightning"],"picked":"Defragment","floor":1.0},{"not_picked":["Streamline","Gash"],"picked":"Capacitor","floor":5.0},{"not_picked":["Coolheaded","Compile Driver"],"picked":"Chaos","floor":6.0},{"not_picked":["Blizzard","Steam"],"picked":"Barrage","floor":8.0},{"not_picked":["Core Surge","Hologram"],"picked":"Undo","floor":10.0},{"not_picked":["Redo","Fusion"],"picked":"Cold Snap","floor":11.0},{"not_picked":["Auto Shields","Buffer"],"picked":"Seek","floor":14.0},{"not_picked":["Hyperbeam","Core Surge"],"picked":"Creative AI","floor":16.0},{"not_picked":["Rebound","Aggregate"],"picked":"Static Discharge","floor":18.0}],"player_experience":3908846,"relics_obtained":[{"floor":6.0,"key":"Tiny Chest"},{"floor":9.0,"key":"Dream Catcher"},{"floor":14.0,"key":"Mummified Hand"}],"event_choices":[{"damage_healed":0.0,"max_hp_gain":0.0,"max_hp_loss":0.0,"gold_gain":0.0,"event_name":"The Cleric","player_choice":"Leave","floor":2.0,"gold_loss":0.0,"damage_taken":0.0},{"damage_healed":0.0,"max_hp_gain":0.0,"max_hp_loss":0.0,"gold_gain":0.0,"event_name":"Living Wall","player_choice":"Grow","floor":3.0,"gold_loss":0.0,"damage_taken":0.0,"cards_upgraded":["Defragment"]},{"damage_healed":0.0,"max_hp_gain":0.0,"max_hp_loss":0.0,"gold_gain":75.0,"event_name":"World of Goop","player_choice":"Gather Gold","floor":4.0,"gold_loss":0.0,"damage_taken":11.0},{"damage_healed":14.0,"max_hp_gain":0.0,"max_hp_loss":0.0,"gold_gain":0.0,"event_name":"The Library","player_choice":"Heal","floor":20.0,"gold_loss":0.0,"damage_taken":0.0}],"is_beta":false,"boss_relics":[{"not_picked":["Sozu","FrozenCore"],"picked":"Cursed Key"}],"items_purged_floors":[7],"is_endless":false,"potions_floor_spawned":[6,8,14,18],"killed_by":"Slavers","ascension_level":20}}