{"host":"ygfasg9u7olr7skw","time":1610972173,"event":{"mods":["AchievementEnabler","BaseMod","Better Note","Better Vampires","Colored Powertips","Minty Spire (QoL Compilation)","Replay The Spire","Spicy Shops","StSLib","The IronCluck"],"gold_per_floor":[111,122,132,132,143,143,143,143,192,204,36,36,54,66,66,170,170,180,199,27,45,45,45,45],"floor_reached":23,"language":"ENG","playtime":1406,"items_purged":["Shame"],"score":219,"play_id":"aaab5954-e0d9-4169-b924-9befa2d48203","local_time":"20210118071613","is_ascension_mode":true,"campfire_choices":[{"data":"Infinite Blades","floor":6,"key":"SMITH"},{"data":"Accuracy","floor":12,"key":"SMITH"},{"floor":15,"key":"REST"}],"circlet_count":0,"master_deck":["Strike_G","Strike_G","Defend_G","Defend_G","Defend_G","Defend_G","Defend_G","Survivor","Neutralize","Infinite Blades+1","Accuracy+1","Cloak And Dagger+1","Blade Dance","ReplayTheSpireMod:Faulty Equipment","Cloak And Dagger"],"relics":["Ring of the Snake","Replay:Accelerometer","The Courier","Dream Catcher","Membership Card","Empty Cage","ReplayTheSpireMod:CursedCoin","Pen Nib","Pear","Strawberry","Bag of Marbles"],"acts_visited":["Exordium","TheCity"],"potions_floor_usage":[16,16,16],"damage_taken":[{"damage":0,"enemies":"2 Louse","floor":1,"turns":3},{"damage":0,"enemies":"Small Slimes","floor":2,"turns":4},{"damage":0,"enemies":"Jaw Worm","floor":3,"turns":5},{"damage":0,"enemies":"Blue Slaver","floor":5,"turns":6},{"damage":0,"enemies":"Exordium Wildlife","floor":10,"turns":4},{"damage":0,"enemies":"Large Slime","floor":13,"turns":6},{"damage":0,"enemies":"2 Fungi Beasts","floor":14,"turns":4},{"damage":22,"enemies":"The Guardian","floor":16,"turns":11},{"damage":20,"enemies":"Spheric Guardian","floor":18,"turns":10},{"damage":1,"enemies":"Chosen","floor":19,"turns":5},{"damage":6,"enemies":"Snecko","floor":21,"turns":4},{"damage":71,"enemies":"Slavers","floor":23,"turns":7}],"seed_played":"-3028905724692564295","potions_obtained":[{"floor":1,"key":"Death Potion"},{"floor":2,"key":"SkillPotion"},{"floor":13,"key":"PowerPotion"},{"floor":18,"key":"Elixir"}],"is_trial":false,"path_per_floor":["M","M","M","?","M","R","?","T","T","M","$","R","M","M","R","B",null,"M","M","$","M","?","E"],"character_chosen":"THE_SILENT","items_purchased":["Membership Card","Accuracy","ReplayTheSpireMod:CursedCoin","Pen Nib","Pear","Strawberry","Bag of Marbles"],"campfire_rested":1,"item_purchase_floors":[11,11,20,20,20,20,20],"current_hp_per_floor":[77,77,77,74,74,74,67,67,67,67,67,67,67,67,77,55,77,57,56,73,67,67,0,0],"gold":45,"neow_bonus":"TEN_PERCENT_HP_BONUS","is_daily":false,"chose_seed":false,"campfire_upgraded":2,"win_rate":0.0,"timestamp":1610972173,"path_taken":["M","M","M","?","M","R","?","?","T","M","$","R","M","M","R","BOSS","M","M","$","M","?","E"],"items_purchased_type":["Relic","Card","Relic","Relic","Relic","Relic","Relic"],"build_version":"2020-12-22","purchased_purges":1,"victory":false,"max_hp_per_floor":[77,77,77,77,77,77,77,77,77,77,77,77,77,77,77,77,77,77,77,94,94,94,94,94],"card_choices":[{"not_picked":["Terror","Backflip","Acrobatics"],"picked":"SKIP","floor":1},{"not_picked":["Terror","Backflip","Acrobatics"],"picked":"SKIP","floor":1},{"not_picked":["Quick Slash","Prepared"],"picked":"Infinite Blades","floor":2},{"not_picked":["Concentrate","Quick Slash","PiercingWail"],"picked":"SKIP","floor":3},{"not_picked":["Toxin Wave","Slice","ReplayTheSpireMod:Tripwire"],"picked":"SKIP","floor":5},{"not_picked":["Venomology","Dodge and Roll","Cloak And Dagger"],"picked":"SKIP","floor":10},{"not_picked":["Reflex","Noxious Fumes","Backflip"],"picked":"SKIP","floor":13},{"not_picked":["Reflex","Noxious Fumes","Backflip"],"picked":"SKIP","floor":13},{"not_picked":["Flying Knee","Sucker Punch","Escape Plan"],"picked":"SKIP","floor":14},{"not_picked":["Underhanded Strike","Tactician+1"],"picked":"Cloak And Dagger+1","floor":18},{"not_picked":["Sucker Punch","Dodge and Roll+1"],"picked":"Blade Dance","floor":19},{"not_picked":["Bane","Heel Hook"],"picked":"Cloak And Dagger","floor":21}],"player_experience":338108,"relics_obtained":[{"floor":8,"key":"The Courier"},{"floor":9,"key":"Dream Catcher"}],"event_choices":[{"damage_healed":0,"gold_gain":0,"player_choice":"Success","damage_taken":3,"relics_obtained":["Replay:Accelerometer"],"max_hp_gain":0,"max_hp_loss":0,"event_name":"Scrap Ooze","floor":4,"gold_loss":0},{"cards_removed":["Strike_G"],"damage_healed":0,"gold_gain":0,"player_choice":"Card Removal","damage_taken":7,"max_hp_gain":0,"max_hp_loss":0,"event_name":"Golden Wing","floor":7,"gold_loss":0}],"is_beta":false,"boss_relics":[{"not_picked":["Busted Crown","Pandora\u0027s Box"],"picked":"Empty Cage"}],"items_purged_floors":[20],"is_endless":false,"potions_floor_spawned":[1,2,13,18],"killed_by":"Slavers","ascension_level":1}}