{"host":"p7cjtxxrilhp4dw7","time":1610938388,"event":{"mods":["BaseMod","Block Reminder","Colored Map","Highlight Path","Minty Spire (QoL Compilation)","Replay The Spire","StSLib","The Hierophant","The Judge","TheBandit"],"gold_per_floor":[364,381,60,75,75,100,100,126,152,152,177,177,193,266,266,371,371,371,371,371,371,371,371,371,371,371,371,215,215,215,215,215,215,215,215,215,215,215,70,70,70],"floor_reached":40,"language":"ENG","playtime":5031,"items_purged":["Strike_G"],"score":609,"play_id":"9d2b5b7d-4b8e-4645-ba0d-8d0e02e92874","local_time":"20210117195308","is_ascension_mode":true,"campfire_choices":[{"floor":7,"key":"REST"},{"data":"Neutralize","floor":10,"key":"SMITH"},{"floor":12,"key":"RECALL"},{"floor":15,"key":"REST"},{"floor":24,"key":"REST"},{"floor":27,"key":"REST"},{"floor":29,"key":"REST"}],"circlet_count":0,"master_deck":["Strike_G+1","Strike_G+1","Strike_G+1","Defend_G+2","Defend_G+1","Defend_G+1","Defend_G+2","Defend_G+2","Survivor","Neutralize+1","Deadly Poison+1","Poisoned Stab","Replay:Parry+1","Dagger Spray","Backstab","Bouncing Flask","Bane","Adrenaline","Leg Sweep+1","RitualDagger","Replay:Poison Smokescreen","Replay:Bag of Tricks","ReplayTheSpireMod:Speed Training","Slice"],"relics":["Ring of the Serpent","Guide Book","Toy Ornithopter","Simple Rune","Boot","Ectoplasm","WingedGreaves","Shuriken","War Paint","Toolbox"],"acts_visited":["Exordium","TheCity","TheBeyond"],"potions_floor_usage":[6,8,16,33,33,33,36,36],"damage_taken":[{"damage":0.0,"enemies":"Small Slimes","floor":1.0,"turns":3.0},{"damage":0.0,"enemies":"2 Louse","floor":2.0,"turns":3.0},{"damage":0,"enemies":"Jaw Worm","floor":4,"turns":4},{"damage":5,"enemies":"Replay:BlueRogue","floor":6,"turns":7},{"damage":12,"enemies":"3 Sentries","floor":8,"turns":5},{"damage":3,"enemies":"Replay:BlueRogue","floor":11,"turns":5},{"damage":11,"enemies":"Looter","floor":13,"turns":3},{"damage":22,"enemies":"The Guardian","floor":16,"turns":8},{"damage":13,"enemies":"3 Byrds","floor":18,"turns":3},{"damage":3,"enemies":"Spheric Guardian","floor":21,"turns":3},{"damage":33,"enemies":"Book of Stabbing","floor":23,"turns":6},{"damage":6,"enemies":"Snake Plant","floor":30,"turns":3},{"damage":4,"enemies":"Chosen and Byrds","floor":31,"turns":5},{"damage":56,"enemies":"Collector","floor":33,"turns":9},{"damage":8,"enemies":"3 Shapes","floor":35,"turns":5},{"damage":10,"enemies":"3 Darklings","floor":36,"turns":4},{"damage":52,"enemies":"Giant Head","floor":40,"turns":8}],"seed_played":"-5384384690729667045","potions_obtained":[{"floor":2.0,"key":"EssenceOfSteel"},{"floor":6,"key":"AttackPotion"},{"floor":13,"key":"Venom Potion"},{"floor":18,"key":"PowerPotion"},{"floor":21,"key":"CunningPotion"},{"floor":30,"key":"PowerPotion"},{"floor":33,"key":"DuplicationPotion"},{"floor":35,"key":"SkillPotion"}],"is_trial":false,"path_per_floor":["M","M","$","M","?","E","R","E","T","R","E","R","M","?","R","B",null,"M","?","?","M","?","E","R","?","T","R","$","R","M","M","R_BF","B",null,"M","M","?","?","$","E"],"character_chosen":"THE_SILENT","items_purchased":["Replay:Parry","Guide Book","War Paint","Toolbox"],"campfire_rested":5,"item_purchase_floors":[3,3,28,39],"current_hp_per_floor":[45,45,45,45,45,40,61,54,54,54,51,51,40,40,61,44,64,51,45,45,42,42,9,30,30,30,51,51,70,64,60,60,14,56,48,48,48,48,48,0,0],"gold":70,"neow_bonus":"TWO_FIFTY_GOLD","is_daily":false,"chose_seed":false,"campfire_upgraded":1,"win_rate":0.0,"timestamp":1610938388,"path_taken":["M","M","$","M","?","E","R","E","T","R","E","R","M","?","R","BOSS","M","?","?","M","?","E","R","?","T","R","$","R","M","M","R_BF","BOSS","M","?","?","?","?","E"],"items_purchased_type":["Card","Relic","Relic","Relic"],"build_version":"2020-12-22","purchased_purges":1,"victory":false,"max_hp_per_floor":[70,70,70,70,70,70,70,70,70,70,70,70,70,70,70,70,70,70,70,70,70,70,70,70,70,70,70,70,70,70,70,70,70,70,70,70,70,70,70,70,70],"card_choices":[{"not_picked":["Prepared","Underhanded Strike"],"picked":"Deadly Poison","floor":1.0},{"not_picked":["Sucker Punch","Flying Knee"],"picked":"Poisoned Stab","floor":2.0},{"not_picked":["ReplayTheSpireMod:Exploit Weakness","All Out Attack"],"picked":"Dagger Spray","floor":4},{"not_picked":["Eviscerate","Sucker Punch","Prepared"],"picked":"SKIP","floor":6},{"not_picked":["Night Terror","Riddle With Holes"],"picked":"Backstab","floor":8},{"not_picked":["Acrobatics","Sneak Up"],"picked":"Bouncing Flask","floor":11},{"not_picked":["Cloak And Dagger","Escape Plan"],"picked":"Bane","floor":13},{"not_picked":["Wraith Form v2","Glass Knife"],"picked":"Adrenaline","floor":16},{"not_picked":["Backflip","Underhanded Strike"],"picked":"Leg Sweep","floor":18},{"not_picked":["Cloak And Dagger","Acrobatics+1","Dagger Spray"],"picked":"SKIP","floor":21},{"not_picked":["Hidden Blade","Poisoned Stab","Backflip"],"picked":"SKIP","floor":23},{"not_picked":["Dodge and Roll","Calculated Gamble","Finisher"],"picked":"SKIP","floor":30},{"not_picked":["Hidden Blade","All Out Attack"],"picked":"Replay:Poison Smokescreen","floor":31},{"not_picked":["Corpse Explosion","Doppelganger"],"picked":"Replay:Bag of Tricks","floor":33},{"not_picked":["Quick Slash+1","Masterful Stab+1"],"picked":"ReplayTheSpireMod:Speed Training","floor":35},{"not_picked":["ReplayTheSpireMod:The Works+1","Dodge and Roll"],"picked":"Slice","floor":36}],"player_experience":534359,"relics_obtained":[{"floor":6,"key":"Toy Ornithopter"},{"floor":8,"key":"Simple Rune"},{"floor":11,"key":"Boot"},{"floor":23,"key":"WingedGreaves"},{"floor":26,"key":"Shuriken"}],"event_choices":[{"damage_healed":0,"gold_gain":0,"player_choice":"Ignored","damage_taken":0,"max_hp_gain":0,"max_hp_loss":0,"event_name":"Liars Game","floor":5,"gold_loss":0},{"damage_healed":0,"gold_gain":73,"player_choice":"Gained Gold","damage_taken":0,"max_hp_gain":0,"max_hp_loss":0,"event_name":"Golden Wing","floor":14,"gold_loss":0},{"damage_healed":0,"gold_gain":0,"player_choice":"Joined the Cult","damage_taken":6,"max_hp_gain":0,"max_hp_loss":0,"event_name":"Nest","floor":19,"gold_loss":0,"cards_obtained":["RitualDagger"]},{"damage_healed":0,"gold_gain":0,"player_choice":"Ignored","damage_taken":0,"max_hp_gain":0,"max_hp_loss":0,"event_name":"Vampires","floor":20,"gold_loss":0},{"damage_healed":0,"gold_gain":0,"player_choice":"Ignored","damage_taken":0,"max_hp_gain":0,"max_hp_loss":0,"event_name":"Cursed Tome","floor":22,"gold_loss":0},{"damage_healed":0,"gold_gain":0,"player_choice":"Simplicity","damage_taken":0,"max_hp_gain":0,"max_hp_loss":0,"event_name":"Back to Basics","floor":25,"gold_loss":0,"cards_upgraded":["Strike_G","Strike_G","Strike_G","Strike_G","Defend_G","Defend_G","Defend_G","Defend_G","Defend_G"]},{"damage_healed":0,"gold_gain":0,"player_choice":"Ignored","damage_taken":0,"max_hp_gain":0,"max_hp_loss":0,"event_name":"Beggar","floor":32,"gold_loss":0},{"damage_healed":0,"gold_gain":0,"player_choice":"Ignored","damage_taken":0,"max_hp_gain":0,"max_hp_loss":0,"event_name":"Tomb of Lord Red Mask","floor":37,"gold_loss":0},{"cards_removed":["Strike_G"],"damage_healed":0,"gold_gain":0,"player_choice":"Removed Attack","damage_taken":0,"max_hp_gain":0,"max_hp_loss":0,"event_name":"Falling","floor":38,"gold_loss":0}],"is_beta":false,"boss_relics":[{"not_picked":["Astrolabe","ReplayTheSpireMod:DimensionalGlitch"],"picked":"Ectoplasm"},{"not_picked":["Runic Dome","Fusion Hammer"],"picked":"Ring of the Serpent"}],"items_purged_floors":[3],"is_endless":false,"potions_floor_spawned":[2,6,13,18,21,30,33,35],"killed_by":"Giant Head","ascension_level":9}}