{"host":"d66n7ln59ex8canu","time":1610996950,"event":{"mods":["AchievementEnabler","BaseMod","Colored Map","Minty Spire (QoL Compilation)","Quick Restart","StSLib"],"gold_per_floor":[110,128,128,128,128,154,154,171,223,72,91,91,91,126,126,227,277,292,304,71,102,112,141,141,156,227,227,227,227,240,259,259,259,259],"floor_reached":33,"language":"ENG","playtime":984,"items_purged":[],"score":371,"play_id":"001083d4-8bf7-4490-b4ad-caec47f75820","local_time":"20210118140910","is_ascension_mode":true,"campfire_choices":[{"data":"Electrodynamics","floor":7,"key":"SMITH"},{"data":"Zap","floor":13,"key":"SMITH"},{"floor":15,"key":"REST"},{"floor":24,"key":"REST"},{"data":"White Noise","floor":27,"key":"SMITH"},{"data":"Loop","floor":29,"key":"SMITH"},{"floor":32,"key":"REST"}],"circlet_count":0,"master_deck":["Strike_B","Strike_B","Strike_B","Strike_B","Defend_B","Defend_B","Defend_B+1","Defend_B","Zap+1","Dualcast","Electrodynamics+1","Coolheaded","Leap+1","Storm","Auto Shields+1","Capacitor","Thunder Strike","Hello World","Coolheaded","Loop","Loop+1","Rebound+1","White Noise+1","Writhe","Cold Snap+1"],"relics":["Cracked Core","Smiling Mask","DataDisk","MealTicket","Bronze Scales","Ginger","Tiny House","OrangePellets","Red Mask","Art of War","Letter Opener"],"acts_visited":["Exordium","TheCity"],"potions_floor_usage":[16,23,23,25,31,31,33],"damage_taken":[{"damage":7,"enemies":"Jaw Worm","floor":1,"turns":3},{"damage":4,"enemies":"2 Louse","floor":2,"turns":2},{"damage":20,"enemies":"3 Sentries","floor":6,"turns":3},{"damage":0,"enemies":"Small Slimes","floor":8,"turns":3},{"damage":0,"enemies":"Exordium Thugs","floor":11,"turns":3},{"damage":3,"enemies":"Lagavulin","floor":14,"turns":7},{"damage":11,"enemies":"Hexaghost","floor":16,"turns":8},{"damage":13,"enemies":"Shell Parasite","floor":18,"turns":7},{"damage":12,"enemies":"2 Thieves","floor":19,"turns":3},{"damage":12,"enemies":"Masked Bandits","floor":21,"turns":2},{"damage":9,"enemies":"Centurion and Healer","floor":22,"turns":6},{"damage":23,"enemies":"Slavers","floor":23,"turns":4},{"damage":5,"enemies":"Cultist and Chosen","floor":25,"turns":4},{"damage":3,"enemies":"Chosen and Byrds","floor":30,"turns":5},{"damage":15,"enemies":"3 Cultists","floor":31,"turns":5},{"damage":53,"enemies":"Automaton","floor":33,"turns":6}],"seed_played":"1979934447740576846","potions_obtained":[{"floor":14,"key":"PotionOfCapacity"},{"floor":16,"key":"Energy Potion"},{"floor":17,"key":"Swift Potion"},{"floor":19,"key":"AttackPotion"},{"floor":21,"key":"FocusPotion"},{"floor":23,"key":"BlessingOfTheForge"},{"floor":25,"key":"Ancient Potion"},{"floor":30,"key":"SkillPotion"}],"is_trial":false,"path_per_floor":["M","M","?","$","?","E","R","M","T","$","M","?","R","E","R","B",null,"M","M","$","?","M","E","R","M","T","R","?","R","M","M","R","B"],"character_chosen":"DEFECT","items_purchased":["MealTicket","Loop","OrangePellets"],"campfire_rested":3,"item_purchase_floors":[10,20,20],"current_hp_per_floor":[61,57,62,62,46,26,26,26,26,26,26,19,19,16,40,29,72,59,47,62,50,41,18,43,38,38,38,38,38,35,20,45,0,0],"gold":259,"neow_bonus":"ONE_RANDOM_RARE_CARD","is_daily":false,"chose_seed":false,"campfire_upgraded":4,"win_rate":0.0,"timestamp":1610996950,"path_taken":["M","M","?","$","?","E","R","M","T","$","M","?","R","E","R","BOSS","M","M","$","?","M","E","R","M","T","R","?","R","M","M","R","BOSS"],"items_purchased_type":["Relic","Card","Relic"],"build_version":"2020-12-22","purchased_purges":0,"victory":false,"max_hp_per_floor":[75,75,80,80,80,80,80,80,80,80,80,80,80,80,80,80,85,85,85,85,85,85,85,85,85,85,85,85,85,85,85,85,85,85],"card_choices":[{"not_picked":["Redo","Sweeping Beam"],"picked":"Coolheaded","floor":1},{"not_picked":["Gash","Compile Driver"],"picked":"Leap","floor":2},{"not_picked":["Redo","Blizzard","Gash"],"picked":"SKIP","floor":6},{"not_picked":["Cold Snap","Hologram"],"picked":"Storm","floor":8},{"not_picked":["Go for the Eyes","Skim"],"picked":"Auto Shields","floor":11},{"not_picked":["Conserve Battery","Gash"],"picked":"Capacitor","floor":14},{"not_picked":["Meteor Strike","Multi-Cast"],"picked":"Thunder Strike","floor":16},{"not_picked":["Coolheaded","Leap"],"picked":"Hello World","floor":17},{"not_picked":["Double Energy","Barrage","Turbo"],"picked":"SKIP","floor":18},{"not_picked":["Static Discharge","Seek"],"picked":"Coolheaded","floor":19},{"not_picked":["Leap","Static Discharge"],"picked":"Loop","floor":21},{"not_picked":["Beam Cell","Go for the Eyes","Rebound"],"picked":"SKIP","floor":22},{"not_picked":["Thunder Strike","Streamline"],"picked":"Rebound+1","floor":23},{"not_picked":["Rebound","Barrage"],"picked":"White Noise","floor":25},{"not_picked":["Streamline","Tempest"],"picked":"Cold Snap+1","floor":30},{"not_picked":["Sweeping Beam","Hologram","Rip and Tear+1"],"picked":"SKIP","floor":31}],"player_experience":334858,"relics_obtained":[{"floor":6,"key":"Smiling Mask"},{"floor":9,"key":"DataDisk"},{"floor":14,"key":"Ginger"},{"floor":21,"key":"Red Mask"},{"floor":23,"key":"Art of War"}],"event_choices":[{"damage_healed":0,"gold_gain":0,"player_choice":"Donut","damage_taken":0,"max_hp_gain":5,"max_hp_loss":0,"event_name":"Big Fish","floor":3,"gold_loss":0},{"damage_healed":0,"gold_gain":0,"player_choice":"Entered Light","damage_taken":16,"max_hp_gain":0,"max_hp_loss":0,"event_name":"Shining Light","floor":5,"gold_loss":0,"cards_upgraded":["Defend_B","Leap"]},{"damage_healed":0,"gold_gain":0,"player_choice":"Success","damage_taken":7,"relics_obtained":["Bronze Scales"],"max_hp_gain":0,"max_hp_loss":0,"event_name":"Scrap Ooze","floor":12,"gold_loss":0},{"damage_healed":0,"gold_gain":0,"player_choice":"Fought Bandits","damage_taken":0,"max_hp_gain":0,"max_hp_loss":0,"event_name":"Masked Bandits","floor":21,"gold_loss":0},{"damage_healed":0,"gold_gain":0,"player_choice":"Opened","damage_taken":0,"relics_obtained":["Letter Opener"],"max_hp_gain":0,"max_hp_loss":0,"event_name":"The Mausoleum","floor":28,"gold_loss":0,"cards_obtained":["Writhe"]}],"is_beta":false,"boss_relics":[{"not_picked":["Runic Pyramid","Pandora\u0027s Box"],"picked":"Tiny House"}],"items_purged_floors":[],"is_endless":false,"potions_floor_spawned":[14,16,19,21,23,25,30],"killed_by":"Automaton","ascension_level":7}}