{"host":"1zjc08c6hob33401","time":1610986943,"event":{"mods":["AchievementEnabler","Act Like it!","Aspiration","BaseMod","Downfall","Energized Spire","Evolution","Friendly Minions","Gensokyo","GifTheSpireLib","Hubris","Infinite Spire","Jedi Mod","Minty Spire (QoL Compilation)","Pale of the Ancients","Quick Restart","Retaliation","Shop Mod","StS++","StSLib","Stuff the Spire","The Blue Laboratory","Wandering Minibosses","vexMod","??????REMEMod"],"gold_per_floor":[114,129,59,59,1,1,13,13,13,31,31,50,50,50,50,150,150,167,186,204,23,39,50,50,62,62,62,78,108,34,34,34,34,34],"floor_reached":33,"language":"RUS","playtime":3709,"items_purged":[],"score":460,"play_id":"42bf5d26-7881-4479-92b1-4eec9a67795e","local_time":"20210118182223","is_ascension_mode":true,"campfire_choices":[{"data":"StuffTheSpire:Synthwave","floor":6.0,"key":"SMITH"},{"data":"Electrodynamics","floor":11.0,"key":"SMITH"},{"data":"The Bomb","floor":13.0,"key":"SMITH"},{"data":"Lockon","floor":15.0,"key":"SMITH"},{"data":"Self Repair","floor":27,"key":"SMITH"},{"data":"Fission","floor":32,"key":"SMITH"}],"circlet_count":0,"master_deck":["Ball Lightning","Ball Lightning","Ball Lightning+1","jedi:BurstFrost","jedi:BurstFrost","jedi:BurstFrost","Zap","The Bomb+1","StuffTheSpire:Synthwave+1","Aggregate","Electrodynamics+1","Lockon+1","jedi:BurstDark","Self Repair+1","Gensokyo:GapWoman","Capacitor","StuffTheSpire:Coldhearted","Undo+1","Capacitor","Fission+1"],"relics":["Cracked Core","EVO:Axolotl","REME_ComplimentaryCards","Happy Flower","StuffTheSpire:Rhapsscallions","Gensokyo:Justice","aspiration:RitualDagger","Gensokyo:Companionship","hubris:BallOfYels","Eternal Feather","aspiration:Lifesprig"],"acts_visited":["Gensokyo:Gensokyo","Gensokyo:Gensokyoer"],"potions_floor_usage":[23],"damage_taken":[{"damage":0.0,"enemies":"Gensokyo:Python","floor":1.0,"turns":2.0},{"damage":8.0,"enemies":"Gensokyo:2_Kodama","floor":2.0,"turns":3.0},{"damage":0.0,"enemies":"Gensokyo:3_Fairies","floor":7.0,"turns":3.0},{"damage":0.0,"enemies":"Gensokyo:LivingMonolith","floor":10.0,"turns":2.0},{"damage":10.0,"enemies":"Gensokyo:Gryphon_and_Rabbit","floor":12.0,"turns":2.0},{"damage":0.0,"enemies":"Gensokyo:Reimu","floor":16.0,"turns":5.0},{"damage":9.0,"enemies":"Gensokyo:CosmicMonolith","floor":18.0,"turns":3.0},{"damage":28.0,"enemies":"Gensokyo:3_Dogs","floor":19.0,"turns":3.0},{"damage":12.0,"enemies":"Gensokyo:Chomper_and_Gloop","floor":20.0,"turns":4.0},{"damage":38.0,"enemies":"Gensokyo:Swordslinger","floor":22.0,"turns":3.0},{"damage":25,"enemies":"Gensokyo:Monolith_and_Dog","floor":23,"turns":4},{"damage":33,"enemies":"Gensokyo:Wraith","floor":25,"turns":3},{"damage":28,"enemies":"Gensokyo:Mirror_and_Dog","floor":28,"turns":3},{"damage":9,"enemies":"Gensokyo:Reisen","floor":29,"turns":3},{"damage":79,"enemies":"Gensokyo:Kaguya","floor":33,"turns":7}],"seed_played":"-2054018922046827758","potions_obtained":[{"floor":1.0,"key":"blueLaboratory:ImpenetrablePotion"},{"floor":7.0,"key":"blueLaboratory:HorrorPotion"},{"floor":20.0,"key":"DDmod:CleansePotion"},{"floor":22.0,"key":"GamblersBrew"},{"floor":28,"key":"blueLaboratory:AbyssPotion"},{"floor":29,"key":"FearPotion"}],"is_trial":false,"path_per_floor":["M","M","?","?","COS","R","M","?","T","M","R","M","R","?","R","B",null,"M","M","M","COS","M","M","?","M","T","R","M","E","$","?","R","B"],"character_chosen":"DEFECT","items_purchased":["Capacitor"],"campfire_rested":0,"item_purchase_floors":[30],"current_hp_per_floor":[77,69,69,77,77,77,77,77,81,81,81,71,71,71,71,71,84,75,47,35,35,88,74,74,52,52,61,43,55,55,55,67,0,0],"gold":34,"neow_bonus":"TEN_PERCENT_HP_BONUS","is_daily":false,"chose_seed":false,"campfire_upgraded":6,"win_rate":0.0,"timestamp":1610986943,"path_taken":["M","M","?","?","COS","R","?","?","T","M","R","M","R","?","R","BOSS","M","M","M","COS","M","M","?","M","T","R","M","E","?","?","R","BOSS"],"items_purchased_type":["Card"],"build_version":"2020-12-22","purchased_purges":0,"victory":false,"max_hp_per_floor":[84,84,84,84,84,84,84,84,88,88,88,88,88,88,88,88,88,88,88,88,88,88,88,81,81,81,81,81,81,81,81,81,81,81],"card_choices":[{"not_picked":["Cold Snap","StuffTheSpire:NuclearReactor"],"picked":"StuffTheSpire:Synthwave","floor":1.0},{"not_picked":["Heatsinks","Turbo"],"picked":"Aggregate","floor":2.0},{"not_picked":["Conserve Battery","StuffTheSpire:CleanHardDrive"],"picked":"Electrodynamics","floor":7.0},{"not_picked":["Beam Cell","Stack"],"picked":"Lockon","floor":10.0},{"not_picked":["Auto Shields","Ball Lightning","Gash"],"picked":"SKIP","floor":12.0},{"not_picked":["StuffTheSpire:Purify","jedi:studyfrost"],"picked":"jedi:BurstDark","floor":16.0},{"not_picked":["StuffTheSpire:GlassShard","Gash","jedi:BurstFrost"],"picked":"SKIP","floor":18.0},{"not_picked":["Redo","jedi:BurstLightning+1","StuffTheSpire:SnapShoot"],"picked":"SKIP","floor":19.0},{"not_picked":["StuffTheSpire:Plugnplay","Storm"],"picked":"Self Repair","floor":20.0},{"not_picked":["Conserve Battery","Core Surge"],"picked":"Capacitor","floor":22.0},{"not_picked":["Redo","Chaos","StuffTheSpire:LoadUp"],"picked":"SKIP","floor":23},{"not_picked":["Conserve Battery","Sweeping Beam"],"picked":"StuffTheSpire:Coldhearted","floor":25},{"not_picked":["jedi:blockon","jedi:BurstFrost"],"picked":"Undo+1","floor":28},{"not_picked":["Go for the Eyes+1","jedi:hex"],"picked":"hubris:PowerSurge","floor":29}],"player_experience":609176,"relics_obtained":[{"floor":9.0,"key":"StuffTheSpire:Rhapsscallions"},{"floor":26,"key":"Eternal Feather"},{"floor":29,"key":"aspiration:Lifesprig"}],"event_choices":[],"is_beta":false,"boss_relics":[{"not_picked":["StuffTheSpire:Kangaroo","hubris:ScarierMask"],"picked":"aspiration:RitualDagger"}],"items_purged_floors":[],"is_endless":false,"potions_floor_spawned":[1,7,20,22,28,29],"killed_by":"Gensokyo:Kaguya","ascension_level":8}}