{"host":"i7jfea87xc8lz16p","time":1610929147,"event":{"mods":["AchievementEnabler","BaseMod","Colored Powertips","Minty Spire (QoL Compilation)","Relic Stats"],"gold_per_floor":[117,137,152,152,152,152,152,11,59,98,98,98,98,137,137,233,233,248,18,58,58,70,122,134,164,176,24,24,62,77,90,90,181,181,196,196,121,134,134,170,170,193,247,247,580,607,55,73,73,73,73],"floor_reached":52,"language":"ENG","playtime":2734,"items_purged":["Pommel Strike","Fire Breathing"],"score":2154,"play_id":"a7ab2707-7800-428e-9242-9a2c41ec7738","local_time":"20210118011907","is_ascension_mode":true,"campfire_choices":[{"data":"Metallicize","floor":7,"key":"SMITH"},{"data":"Juggernaut","floor":11,"key":"SMITH"},{"floor":13,"key":"REST"},{"data":"Body Slam","floor":15,"key":"SMITH"},{"data":"Barricade","floor":24,"key":"SMITH"},{"data":"Impervious","floor":28,"key":"SMITH"},{"data":"Armaments","floor":32,"key":"SMITH"},{"data":"Juggernaut","floor":41,"key":"SMITH"},{"data":"Feel No Pain","floor":44,"key":"SMITH"},{"data":"Dark Embrace","floor":49,"key":"SMITH"}],"circlet_count":0,"master_deck":["AscendersBane","Bash","Power Through","Whirlwind","Juggernaut+1","Evolve","Impervious+1","Flame Barrier","Metallicize+1","Bloodletting","Headbutt","Shrug It Off","Body Slam+1","Barricade+1","Armaments+1","Shrug It Off","Shrug It Off","Seeing Red","Iron Wave","Juggernaut+1","Power Through","Feel No Pain+1","Second Wind","Feel No Pain+1","Dark Embrace+1","PanicButton"],"relics":["Pandora\u0027s Box","Potion Belt","Gambling Chip","Turnip","Akabeko","Runic Pyramid","Medical Kit","Red Mask","MawBank","Question Card","Incense Burner","Lee\u0027s Waffle","CaptainsWheel","Mark of Pain","Ginger","Red Skull","Strawberry","Frozen Eye"],"acts_visited":["Exordium","TheCity","TheBeyond"],"potions_floor_usage":[10,20,29,29,29,46,46,46,48,50,51],"damage_taken":[{"damage":6,"enemies":"Small Slimes","floor":1,"turns":4},{"damage":3,"enemies":"2 Louse","floor":2,"turns":1},{"damage":0,"enemies":"Jaw Worm","floor":3,"turns":5},{"damage":37,"enemies":"Gremlin Nob","floor":10,"turns":5},{"damage":6,"enemies":"Lagavulin","floor":14,"turns":7},{"damage":5,"enemies":"The Guardian","floor":16,"turns":10},{"damage":3,"enemies":"3 Byrds","floor":18,"turns":3},{"damage":3,"enemies":"Masked Bandits","floor":20,"turns":2},{"damage":3,"enemies":"Slavers","floor":23,"turns":1},{"damage":3,"enemies":"Spheric Guardian","floor":25,"turns":4},{"damage":10,"enemies":"Gremlin Leader","floor":29,"turns":7},{"damage":3,"enemies":"Cultist and Chosen","floor":30,"turns":5},{"damage":11,"enemies":"Snecko","floor":31,"turns":13},{"damage":4,"enemies":"Automaton","floor":33,"turns":7},{"damage":0,"enemies":"Orb Walker","floor":35,"turns":4},{"damage":0,"enemies":"3 Shapes","floor":38,"turns":2},{"damage":4,"enemies":"Giant Head","floor":40,"turns":6},{"damage":16,"enemies":"3 Darklings","floor":42,"turns":5},{"damage":8,"enemies":"Reptomancer","floor":46,"turns":7},{"damage":1,"enemies":"Transient","floor":48,"turns":6},{"damage":52,"enemies":"Awakened One","floor":50,"turns":9},{"damage":4,"enemies":"Time Eater","floor":51,"turns":9}],"seed_played":"-3224214658154347169","potions_obtained":[{"floor":1,"key":"Explosive Potion"},{"floor":14,"key":"ColorlessPotion"},{"floor":16,"key":"BlessingOfTheForge"},{"floor":20,"key":"Fire Potion"},{"floor":23,"key":"SkillPotion"},{"floor":29,"key":"SkillPotion"},{"floor":31,"key":"DistilledChaos"},{"floor":38,"key":"Weak Potion"},{"floor":42,"key":"BloodPotion"},{"floor":46,"key":"Explosive Potion"}],"is_trial":false,"path_per_floor":["M","M","M","?","?","?","R","$","T","E","R","T","R","E","R","B",null,"M","$","?","T","?","E","R","M","T","$","R","E","M","M","R","B",null,"M","?","$","M","?","E","R","M","T","R","?","E","$","M","R","B","B",null],"character_chosen":"IRONCLAD","items_purchased":["Shrug It Off","Regen Potion","Medical Kit","Shrug It Off","Lee\u0027s Waffle","Dark Embrace","SkillPotion","Swift Potion","PanicButton","Frozen Eye"],"campfire_rested":1,"item_purchase_floors":[8,8,19,19,27,47,47,47,47,47],"current_hp_per_floor":[62,59,59,64,64,57,57,57,57,34,34,34,55,49,49,44,65,62,62,59,59,59,56,56,53,53,79,79,69,66,55,55,51,72,72,72,72,72,72,68,68,52,52,52,52,66,66,65,65,13,9],"gold":73,"neow_bonus":"BOSS_RELIC","is_daily":false,"chose_seed":false,"campfire_upgraded":9,"win_rate":0.0,"timestamp":1610929147,"path_taken":["M","M","M","?","?","?","R","$","T","E","R","?","R","E","R","BOSS","M","$","?","?","?","E","R","M","T","$","R","E","M","M","R","BOSS","M","?","$","M","?","E","R","M","T","R","?","E","?","M","R","BOSS","BOSS"],"items_purchased_type":["Card","Potion","Relic","Card","Relic","Card","Potion","Potion","Card","Relic"],"build_version":"2020-12-22","purchased_purges":2,"victory":true,"max_hp_per_floor":[75,75,75,80,72,72,72,72,72,72,72,72,72,72,72,72,72,72,72,72,72,72,72,72,72,72,79,79,79,79,79,79,79,79,79,75,75,75,75,75,75,75,75,75,75,82,82,82,82,82,82],"relic_stats":{"Lee\u0027s Waffle":26,"counters":[22,122],"Gambling Chip":[50],"Pandora\u0027s Box":["Power Through","Whirlwind","Juggernaut","Sword Boomerang","Evolve","Impervious","Pommel Strike","Flame Barrier","Metallicize"],"Turnip":[9],"Ginger":[4],"Medical Kit":[75],"MawBank":72,"Question Card":11,"obtain_stats":[{"Potion Belt":9,"Lee\u0027s Waffle":27,"Golden Idol":5,"Incense Burner":26,"Ginger":40,"Medical Kit":19,"MawBank":21,"Question Card":23,"Burning Blood":0,"Akabeko":14,"Frozen Eye":47,"CaptainsWheel":29,"Gambling Chip":10,"Strawberry":46,"Pandora\u0027s Box":0,"Turnip":12,"Mark of Pain":34,"Red Mask":20,"Red Skull":43,"Runic Pyramid":17},{"Potion Belt":3,"Lee\u0027s Waffle":10,"Golden Idol":3,"Incense Burner":10,"Ginger":17,"Medical Kit":7,"MawBank":8,"Question Card":9,"Burning Blood":0,"Akabeko":5,"Frozen Eye":19,"CaptainsWheel":11,"Gambling Chip":4,"Strawberry":19,"Pandora\u0027s Box":0,"Turnip":4,"Mark of Pain":14,"Red Mask":8,"Red Skull":18,"Runic Pyramid":6},{"Potion Belt":10,"Lee\u0027s Waffle":42,"Golden Idol":10,"Incense Burner":42,"Ginger":86,"Medical Kit":35,"MawBank":37,"Question Card":38,"Burning Blood":0,"Akabeko":22,"Frozen Eye":98,"CaptainsWheel":49,"Gambling Chip":15,"Strawberry":98,"Pandora\u0027s Box":0,"Turnip":15,"Mark of Pain":74,"Red Mask":37,"Red Skull":91,"Runic Pyramid":32}]},"card_choices":[{"not_picked":["Havoc","Spot Weakness"],"picked":"Bloodletting","floor":1},{"not_picked":["Thunderclap","Uppercut"],"picked":"Fire Breathing","floor":2},{"not_picked":["Clothesline","Warcry"],"picked":"Headbutt","floor":3},{"not_picked":["Pommel Strike","Whirlwind","Twin Strike"],"picked":"SKIP","floor":10},{"not_picked":["Fiend Fire","Heavy Blade"],"picked":"Body Slam","floor":14},{"not_picked":["Fiend Fire","Demon Form"],"picked":"Barricade","floor":16},{"not_picked":["Clash","Pommel Strike"],"picked":"Armaments","floor":18},{"not_picked":["Battle Trance","Dark Embrace"],"picked":"Shrug It Off","floor":20},{"not_picked":["Wild Strike","Inflame","Warcry"],"picked":"SKIP","floor":23},{"not_picked":["Evolve","Sword Boomerang","Twin Strike","Shrug It Off"],"picked":"SKIP","floor":25},{"not_picked":["Inflame","Sword Boomerang","Anger"],"picked":"Iron Wave","floor":29},{"not_picked":["Seeing Red","Warcry","Havoc","Clash"],"picked":"SKIP","floor":30},{"not_picked":["Seeing Red","Warcry","Thunderclap","Fire Breathing"],"picked":"SKIP","floor":31},{"not_picked":["Offering","Feed","Exhume"],"picked":"Juggernaut","floor":33},{"not_picked":["Reckless Charge","Body Slam","Bloodletting"],"picked":"Power Through","floor":35},{"not_picked":["Spot Weakness","Anger","Flex+1"],"picked":"Feel No Pain","floor":38},{"not_picked":["Thunderclap+1","Metallicize","Evolve"],"picked":"Second Wind","floor":40},{"not_picked":["Body Slam","Havoc","Armaments","Fiend Fire"],"picked":"SKIP","floor":42},{"not_picked":["Whirlwind","Hemokinesis","Pommel Strike"],"picked":"Feel No Pain+1","floor":46},{"not_picked":["Body Slam","Uppercut","Heavy Blade+1","Wild Strike"],"picked":"SKIP","floor":48}],"player_experience":1800904,"relics_obtained":[{"floor":9,"key":"Potion Belt"},{"floor":10,"key":"Gambling Chip"},{"floor":12,"key":"Turnip"},{"floor":14,"key":"Akabeko"},{"floor":20,"key":"Red Mask"},{"floor":21,"key":"MawBank"},{"floor":23,"key":"Question Card"},{"floor":26,"key":"Incense Burner"},{"floor":29,"key":"CaptainsWheel"},{"floor":40,"key":"Ginger"},{"floor":43,"key":"Red Skull"},{"floor":46,"key":"Strawberry"}],"event_choices":[{"damage_healed":0,"gold_gain":0,"player_choice":"Donut","damage_taken":0,"max_hp_gain":5,"max_hp_loss":0,"event_name":"Big Fish","floor":4,"gold_loss":0},{"damage_healed":0,"gold_gain":0,"player_choice":"Lose Max HP","damage_taken":0,"relics_obtained":["Golden Idol"],"max_hp_gain":0,"max_hp_loss":8,"event_name":"Golden Idol","floor":5,"gold_loss":0},{"cards_removed":["Sword Boomerang"],"damage_healed":0,"gold_gain":0,"player_choice":"Card Removal","damage_taken":7,"max_hp_gain":0,"max_hp_loss":0,"event_name":"Golden Wing","floor":6,"gold_loss":0},{"damage_healed":0,"gold_gain":0,"player_choice":"Fought Bandits","damage_taken":0,"max_hp_gain":0,"max_hp_loss":0,"event_name":"Masked Bandits","floor":20,"gold_loss":0},{"damage_healed":0,"gold_gain":0,"player_choice":"Read","damage_taken":0,"max_hp_gain":0,"max_hp_loss":0,"event_name":"The Library","floor":22,"gold_loss":0,"cards_obtained":["Seeing Red"]},{"damage_healed":0,"gold_gain":0,"player_choice":"Max HP","damage_taken":0,"max_hp_gain":0,"max_hp_loss":4,"event_name":"Winding Halls","floor":36,"gold_loss":0},{"damage_healed":0,"gold_gain":0,"player_choice":"Ignored","damage_taken":0,"max_hp_gain":0,"max_hp_loss":0,"event_name":"Mysterious Sphere","floor":39,"gold_loss":0},{"damage_healed":0,"gold_gain":333,"player_choice":"Gave Idol","damage_taken":0,"max_hp_gain":0,"max_hp_loss":0,"event_name":"The Moai Head","floor":45,"relics_lost":["Golden Idol"],"gold_loss":0}],"is_beta":false,"boss_relics":[{"not_picked":["Astrolabe","Velvet Choker"],"picked":"Runic Pyramid"},{"not_picked":["Calling Bell","Sozu"],"picked":"Mark of Pain"}],"items_purged_floors":[37,47],"is_endless":false,"potions_floor_spawned":[1,14,16,20,23,29,31,38,42,46],"ascension_level":20}}