{"host":"jqa9y4qkalbx8qgz","time":1610999684,"event":{"mods":["Act Like it!","BaseMod","Bestiary","BetterRewards","CCEM","Downfall","Gensokyo","Marisa????????","Minty Spire (QoL Compilation)","Permanent Neow","Relic Stats","StSLib","The Alterego","Wandering Minibosses"],"gold_per_floor":[99,115,7,22,36,66,66,66,78,78,109,109,141,141,157,261,261,161,178,178,196,196,231,285,285,301,311,336,336,84,115,129,233,233,133,143,160,178,178,204,228,228,228,241,276,276,79,92,103,0,0,121,21,39,39,39,39,39,39,66,66,23,23,54,70,170,170,70,89,107,107,120,155,155,181,198,230,230,256,256,256,268,370,370,370,383,394,20,20,20,20,51,51,51,83,83,83,99,114,114],"floor_reached":101,"language":"ENG","playtime":8224,"items_purged":["Guardian:Strike_Guardian","Guardian:Strike_Guardian"],"score":2002,"play_id":"31cb6d5b-573b-42b4-9230-f094cd115a45","local_time":"20210118225444","is_ascension_mode":true,"campfire_choices":[{"data":"Guardian:CurlUp","floor":1.0,"key":"SMITH"},{"data":"Guardian:CrystalBeam","floor":8.0,"key":"SMITH"},{"data":"Guardian:Incinerate","floor":10.0,"key":"SMITH"},{"data":"Guardian:Recover","floor":18.0,"key":"SMITH"},{"floor":29.0,"key":"RECALL"},{"data":"expansioncontent:StudyTheSpire","floor":35.0,"key":"SMITH"},{"data":"Guardian:StasisField","floor":51,"key":"SMITH"},{"data":"Guardian:Repulse","floor":56,"key":"SMITH"},{"data":"Guardian:EvasiveProtocol","floor":59,"key":"SMITH"},{"floor":63,"key":"REST"},{"data":"Guardian:Orbwalk","floor":78,"key":"SMITH"},{"data":"Guardian:ShieldCharger","floor":80,"key":"SMITH"},{"data":"Dash","floor":85,"key":"SMITH"},{"data":"Guardian:BaubleBeam","floor":93,"key":"SMITH"}],"circlet_count":0,"master_deck":["Guardian:Defend_Guardian+1","Guardian:CurlUp+1","Guardian:TwinSlam+1","Guardian:Orbwalk+1","Guardian:EvasiveProtocol+1","Guardian:Recover+1","Guardian:Incinerate+1","Guardian:SpikerProtocol","Guardian:DonusPower+1","Guardian:Recover+1","expansioncontent:StudyTheSpire+1","Guardian:StasisField+1","Guardian:BodySlam+1","Guardian:ShieldCharger+1","Guardian:AncientConstruct","Guardian:BronzeOrb+1","Guardian:Repulse+1","Guardian:PolyBeam","Guardian:ConstructionForm","Guardian:PolyBeam","Guardian:FloatingOrbs","Dash+1","Guardian:ArmoredProtocol+1","Guardian:Orbwalk","Guardian:BaubleBeam+1","Guardian:TemporalShield+1","Gensokyo:GreaterSplit","Gensokyo:LifeSpringInfinity+1"],"relics":["Guardian:ModeShifter","CCEMRelics:Sandal","Pear","Art of War","CCEMRelics:OverlyComfyChair","Gremlin Horn","Busted Crown","downfall:HeartBlessingGreen","sneckomod:BabySnecko","Darkstone Periapt","Lantern","CCEMRelics:CocoNut","CCEMRelics:Barrel","Black Star","downfall:HeartBlessingRed","HornCleat","CCEMRelics:GrindingGear","Juzu Bracelet","Omamori","Anchor","Whetstone","Orichalcum","HandDrill","CCEMRelics:GrapeVine","Pocketwatch","Mercury Hourglass","Gensokyo:CelestialsFlawlessClothing","Guardian:PickAxe","Bag of Preparation","Gensokyo:YoukaiFlower","Sundial","Kunai","Happy Flower","Coffee Dripper","downfall:HeartBlessingBlue","CCEMRelics:WarHorn","StrikeDummy","Shuriken","CCEMRelics:FryingPan","CCEMRelics:OldTooth","Boot","War Paint","Akabeko","CCEMRelics:DissonantTune","Philosopher\u0027s Stone","Vajra","CCEMRelics:SpiritsEdge","CCEMRelics:OrganicArmor","Bag of Marbles","Eternal Feather","InkBottle","Letter Opener","Strawberry"],"acts_visited":["Exordium","TheCity","TheBeyond","TheBeyond","Gensokyo:Gensokyo","Gensokyo:Gensokyoer"],"potions_floor_usage":[50,50,50],"damage_taken":[{"damage":2.0,"enemies":"Cultist","floor":2.0,"turns":5.0},{"damage":10.0,"enemies":"downfall:FleeingMerchant","floor":3.0,"turns":4.0},{"damage":11.0,"enemies":"Jaw Worm","floor":4.0,"turns":4.0},{"damage":7.0,"enemies":"2 Louse","floor":5.0,"turns":3.0},{"damage":19.0,"enemies":"Lagavulin","floor":6.0,"turns":8.0},{"damage":7.0,"enemies":"2 Fungi Beasts","floor":9.0,"turns":3.0},{"damage":12.0,"enemies":"3 Sentries","floor":11.0,"turns":5.0},{"damage":12.0,"enemies":"Lagavulin","floor":13.0,"turns":6.0},{"damage":1.0,"enemies":"Gremlin Gang","floor":15.0,"turns":4.0},{"damage":36.0,"enemies":"WA_ARCHETYPE_RETAIN","floor":16.0,"turns":9.0},{"damage":0.0,"enemies":"Chosen","floor":19.0,"turns":4.0},{"damage":0.0,"enemies":"Spheric Guardian","floor":21.0,"turns":3.0},{"damage":24.0,"enemies":"Slavers","floor":23.0,"turns":5.0},{"damage":4.0,"enemies":"Snecko","floor":26.0,"turns":4.0},{"damage":0.0,"enemies":"Snake Plant","floor":27.0,"turns":4.0},{"damage":12.0,"enemies":"Gremlin Leader","floor":28.0,"turns":4.0},{"damage":0.0,"enemies":"downfall:FleeingMerchant","floor":30.0,"turns":4.0},{"damage":6.0,"enemies":"Book of Stabbing","floor":31.0,"turns":4.0},{"damage":0.0,"enemies":"3 Cultists","floor":32.0,"turns":5.0},{"damage":16.0,"enemies":"SI_MIRROR_ARCHETYPE","floor":33.0,"turns":8.0},{"damage":7,"enemies":"3 Darklings","floor":36,"turns":4},{"damage":8,"enemies":"3 Shapes","floor":37,"turns":4},{"damage":0,"enemies":"Sphere and 2 Shapes","floor":38,"turns":4},{"damage":7,"enemies":"Reptomancer","floor":40,"turns":6},{"damage":0,"enemies":"Transient","floor":44,"turns":5},{"damage":9,"enemies":"Giant Head","floor":45,"turns":7},{"damage":0,"enemies":"downfall:FleeingMerchant","floor":47,"turns":3},{"damage":0,"enemies":"4 Shapes","floor":48,"turns":3},{"damage":0,"enemies":"Jaw Worm Horde","floor":49,"turns":3},{"damage":73,"enemies":"IC_BLOCK_ARCHETYPE","floor":50,"turns":9},{"damage":0,"enemies":"Gensokyo:2_Kodama","floor":52,"turns":1},{"damage":0,"enemies":"Gensokyo:3_Fairies","floor":54,"turns":2},{"damage":0,"enemies":"Gensokyo:Aya","floor":60,"turns":2},{"damage":0,"enemies":"Gensokyo:Cirno","floor":64,"turns":4},{"damage":0,"enemies":"Gensokyo:Python","floor":65,"turns":2},{"damage":0,"enemies":"Gensokyo:Kokoro","floor":66,"turns":5},{"damage":0,"enemies":"Gensokyo:2_Gloops","floor":69,"turns":3},{"damage":0,"enemies":"Gensokyo:3_Dogs","floor":70,"turns":2},{"damage":0,"enemies":"Gensokyo:3_Gloops","floor":72,"turns":2},{"damage":0,"enemies":"Gensokyo:Koishi","floor":73,"turns":3},{"damage":0,"enemies":"Gensokyo:Tenshi","floor":75,"turns":3},{"damage":0,"enemies":"Gensokyo:Slime_Group","floor":76,"turns":2},{"damage":0,"enemies":"Gensokyo:Koishi","floor":77,"turns":3},{"damage":0,"enemies":"Gensokyo:Reisen","floor":79,"turns":3},{"damage":0,"enemies":"Gensokyo:Monolith_and_Dog","floor":82,"turns":1},{"damage":0,"enemies":"Gensokyo:Eiki","floor":83,"turns":4},{"damage":0,"enemies":"Gensokyo:3_Bats","floor":86,"turns":2},{"damage":0,"enemies":"Gensokyo:AncientGuardian","floor":87,"turns":2},{"damage":0,"enemies":"Gensokyo:Kasen","floor":92,"turns":5},{"damage":9,"enemies":"Gensokyo:Marisa","floor":95,"turns":2},{"damage":6,"enemies":"Gensokyo:Marisa","floor":97,"turns":3},{"damage":0,"enemies":"Gensokyo:Dusk_and_Dawn","floor":98,"turns":1},{"damage":0,"enemies":"Gensokyo:Sharpion","floor":99,"turns":1},{"damage":0,"enemies":"Gensokyo:Yuyuko","floor":100,"turns":3}],"seed_played":"3101664007980462515","potions_obtained":[{"floor":5.0,"key":"Guardian:AcceleratePotion"},{"floor":6.0,"key":"AttackPotion"},{"floor":11.0,"key":"FairyPotion"},{"floor":13.0,"key":"Fruit Juice"},{"floor":21.0,"key":"BlessingOfTheForge"},{"floor":27.0,"key":"hexamod:SoulburnPotion"},{"floor":28.0,"key":"champ:CounterPotion"},{"floor":32.0,"key":"PowerPotion"},{"floor":33.0,"key":"SteroidPotion"},{"floor":38,"key":"Fire Potion"},{"floor":64,"key":"Guardian:AcceleratePotion"},{"floor":65,"key":"Explosive Potion"},{"floor":66,"key":"Ancient Potion"},{"floor":70,"key":"Energy Potion"},{"floor":72,"key":"PowerPotion"},{"floor":79,"key":"GamblersBrew"}],"is_trial":false,"path_per_floor":["R","M","$","M","M","E","T","R","M","R","E","?","E","?","M","B",null,"R","M","?","M","?","E","T","?","M","M","E","R","$","E","M","B",null,"R","M","M","M","?","E","T","?","?","M","E","?","$","M","M","B","R","M","$","M","?","R","T","?","R","E","?","COS","R","E","M","B",null,"R","M","M","?","M","E","T","E","M","E","R","E","R","?","M","B",null,"R","M","M","$","?","?","T","E","R","?","E","?","?","M","M","B",null],"character_chosen":"GUARDIAN","items_purchased":["Guardian:Orbwalk","Guardian:Gem_Green","expansioncontent:StudyTheSpire","Guardian:PolyBeam","Whetstone","Orichalcum","HandDrill","CCEMRelics:GrapeVine","Vajra","CCEMRelics:SpiritsEdge","Guardian:Orbwalk"],"campfire_rested":1,"item_purchase_floors":[3,3,30,47,47,47,47,50,88,88,88],"current_hp_per_floor":[80,78,68,57,50,31,41,41,34,34,22,22,10,7,10,28,95,95,95,95,95,95,72,72,72,68,71,74,74,78,75,76,61,100,100,93,92,98,98,93,93,93,93,95,90,100,100,100,100,72,72,72,72,80,40,40,40,15,15,23,23,23,53,74,74,88,100,110,110,110,110,110,110,110,110,110,110,110,110,110,110,110,110,110,110,110,110,110,66,66,66,92,107,107,105,105,105,105,105,105],"gold":114,"neow_bonus":"UPGRADE_CARD","is_daily":false,"chose_seed":false,"campfire_upgraded":12,"win_rate":0.0,"timestamp":1610999684,"path_taken":["R","M","$","M","M","E","T","R","M","R","E","?","E","?","M","BOSS","BOSS","R","M","?","M","?","E","T","?","M","?","E","R","$","E","M","BOSS","R","M","M","M","?","E","T","?","?","M","E","?","$","M","M","BOSS","R","M","?","M","?","R","T","?","R","E","?","COS","R","E","M","BOSS","R","M","M","?","M","E","T","E","M","E","R","E","R","?","M","BOSS","R","M","M","$","?","?","T","E","R","?","E","?","?","M","M","BOSS"],"items_purchased_type":["Card","Card","Card","Card","Relic","Relic","Relic","Relic","Relic","Relic","Card"],"build_version":"2020-12-22","purchased_purges":2,"victory":true,"max_hp_per_floor":[80,80,80,80,80,80,90,90,90,90,90,90,90,90,90,95,95,95,95,95,95,95,95,95,95,95,95,100,100,100,100,100,100,100,100,100,100,100,100,100,100,100,100,100,100,100,100,100,100,100,100,100,100,100,100,100,100,100,100,100,100,100,100,100,100,100,100,110,110,110,110,110,110,110,110,110,110,110,110,110,110,110,110,110,110,110,110,110,110,110,110,110,110,110,117,117,117,117,117,117],"relic_stats":{"Darkstone Periapt":0,"Gremlin Horn":[82,83],"Happy Flower":[17],"counters":[52,188],"Eternal Feather":15,"Juzu Bracelet":3,"Bag of Preparation":[44],"Whetstone":["Guardian:FierceBash","Guardian:Incinerate"],"Letter Opener":[38],"Orichalcum":[6],"War Paint":["Guardian:Defend_Guardian","Guardian:Defend_Guardian"],"Boot":[16],"Mercury Hourglass":[272],"Busted Crown":84,"Sundial":[2],"Shuriken":[24],"Art of War":[7],"Black Star":10,"HandDrill":[34],"Kunai":[37],"obtain_stats":[{"Gremlin Horn":73,"Vajra":88,"downfall:HeartBlessingGreen":9,"Whetstone":73,"Boot":77,"Blood Vial":7,"Guardian:PickAxe":60,"HornCleat":73,"DollysMirror":39,"Sundial":64,"Strawberry":95,"CCEMRelics:DissonantTune":79,"Philosopher\u0027s Stone":84,"CCEMRelics:Sandal":73,"HandDrill":73,"Kunai":64,"Replay:Wax Seal":26,"downfall:ShatteredFragment":14,"Pear":73,"Happy Flower":65,"Guardian:ModeShifter":0,"Eternal Feather":92,"Replay:Kaleidoscope":39,"Letter Opener":95,"War Paint":77,"Akabeko":79,"Shuriken":74,"Snecko Eye":34,"Gensokyo:YoukaiFlower":61,"Black Star":73,"CCEMRelics:WarHorn":73,"StrikeDummy":73,"Pocketwatch":50,"Darkstone Periapt":73,"Lantern":73,"Blue Doll":8,"Mango":38,"Bag of Preparation":41,"Juzu Bracelet":73,"Frozen Eye":73,"CCEMRelics:OldTooth":75,"downfall:HeartBlessingBlue":35,"CCEMRelics:OverlyComfyChair":73,"CCEMRelics:GrapeVine":50,"Replay:Drink Me":17,"InkBottle":92,"CCEMRelics:OrganicArmor":89,"CCEMRelics:Barrel":73,"downfall:HeartBlessingRed":12,"CCEMRelics:CocoNut":73,"Omamori":73,"Gensokyo:CelestialsFlawlessClothing":58,"Orichalcum":73,"MawBank":31,"Mercury Hourglass":57,"CCEMRelics:SpiritsEdge":88,"sneckomod:BabySnecko":73,"Pondfish Scales":25,"Anchor":73,"Busted Crown":73,"CCEMRelics:FryingPan":75,"CCEMRelics:GrindingGear":73,"Coffee Dripper":67,"Art of War":73,"Bag of Marbles":91,"Toy Ornithopter":40},{"Gremlin Horn":38,"Vajra":46,"downfall:HeartBlessingGreen":5,"Whetstone":38,"Boot":41,"Blood Vial":4,"Guardian:PickAxe":31,"HornCleat":38,"DollysMirror":25,"Sundial":32,"Strawberry":48,"CCEMRelics:DissonantTune":42,"Philosopher\u0027s Stone":44,"CCEMRelics:Sandal":38,"HandDrill":38,"Kunai":32,"Replay:Wax Seal":16,"downfall:ShatteredFragment":8,"Pear":38,"Happy Flower":33,"Guardian:ModeShifter":0,"Eternal Feather":47,"Replay:Kaleidoscope":25,"Letter Opener":48,"War Paint":41,"Akabeko":42,"Shuriken":38,"Snecko Eye":21,"Gensokyo:YoukaiFlower":31,"Black Star":38,"CCEMRelics:WarHorn":38,"StrikeDummy":38,"Pocketwatch":28,"Darkstone Periapt":38,"Lantern":38,"Blue Doll":5,"Mango":24,"Bag of Preparation":26,"Juzu Bracelet":38,"Frozen Eye":37,"CCEMRelics:OldTooth":39,"downfall:HeartBlessingBlue":21,"CCEMRelics:OverlyComfyChair":38,"CCEMRelics:GrapeVine":28,"Replay:Drink Me":10,"InkBottle":47,"CCEMRelics:OrganicArmor":46,"CCEMRelics:Barrel":38,"downfall:HeartBlessingRed":7,"CCEMRelics:CocoNut":38,"Omamori":38,"Gensokyo:CelestialsFlawlessClothing":30,"Orichalcum":38,"MawBank":19,"Mercury Hourglass":30,"CCEMRelics:SpiritsEdge":46,"sneckomod:BabySnecko":38,"Pondfish Scales":15,"Anchor":38,"Busted Crown":38,"CCEMRelics:FryingPan":39,"CCEMRelics:GrindingGear":38,"Coffee Dripper":34,"Art of War":38,"Bag of Marbles":46,"Toy Ornithopter":26},{"Gremlin Horn":153,"Vajra":173,"downfall:HeartBlessingGreen":24,"Whetstone":153,"Boot":161,"Blood Vial":15,"Guardian:PickAxe":132,"HornCleat":153,"DollysMirror":113,"Sundial":136,"Strawberry":180,"CCEMRelics:DissonantTune":164,"Philosopher\u0027s Stone":169,"CCEMRelics:Sandal":153,"HandDrill":153,"Kunai":136,"Replay:Wax Seal":72,"downfall:ShatteredFragment":37,"Pear":153,"Happy Flower":137,"Guardian:ModeShifter":0,"Eternal Feather":178,"Replay:Kaleidoscope":113,"Letter Opener":180,"War Paint":161,"Akabeko":164,"Shuriken":153,"Snecko Eye":96,"Gensokyo:YoukaiFlower":132,"Black Star":153,"CCEMRelics:WarHorn":153,"StrikeDummy":153,"Pocketwatch":127,"Darkstone Periapt":153,"Lantern":153,"Blue Doll":24,"Mango":110,"Bag of Preparation":120,"Juzu Bracelet":153,"Frozen Eye":150,"CCEMRelics:OldTooth":156,"downfall:HeartBlessingBlue":96,"CCEMRelics:OverlyComfyChair":153,"CCEMRelics:GrapeVine":127,"Replay:Drink Me":47,"InkBottle":178,"CCEMRelics:OrganicArmor":173,"CCEMRelics:Barrel":153,"downfall:HeartBlessingRed":33,"CCEMRelics:CocoNut":153,"Omamori":153,"Gensokyo:CelestialsFlawlessClothing":130,"Orichalcum":153,"MawBank":86,"Mercury Hourglass":130,"CCEMRelics:SpiritsEdge":173,"sneckomod:BabySnecko":153,"Pondfish Scales":68,"Anchor":153,"Busted Crown":153,"CCEMRelics:FryingPan":156,"CCEMRelics:GrindingGear":153,"Coffee Dripper":143,"Art of War":153,"Bag of Marbles":173,"Toy Ornithopter":120}],"InkBottle":[7],"Pocketwatch":[9]},"card_choices":[{"not_picked":["Guardian:Planning","Guardian:TimeCapacitor"],"picked":"Guardian:Reroute","floor":2.0},{"not_picked":["Guardian:RollAttack","Guardian:ShieldCharger"],"picked":"Guardian:CrystalBeam","floor":3.0},{"not_picked":["Guardian:BodySlam","Guardian:Planning","Guardian:TemporalStrike"],"picked":"SKIP","floor":4.0},{"not_picked":["Guardian:BodySlam","Guardian:CrystalBeam"],"picked":"Guardian:Gem_Purple","floor":5.0},{"not_picked":["Guardian:Suspension","Guardian:Planning"],"picked":"Guardian:Incinerate","floor":6.0},{"not_picked":["Guardian:BodySlam","Guardian:TemporalStrike"],"picked":"Guardian:EvasiveProtocol","floor":9.0},{"not_picked":["Guardian:CrystalBeam","Guardian:Recover"],"picked":"Guardian:Gem_Synthetic","floor":11.0},{"not_picked":["Guardian:Gem_Cyan","Guardian:PiercingHide"],"picked":"Guardian:Recover","floor":13.0},{"not_picked":["Guardian:Preprogram","Guardian:Reroute"],"picked":"Guardian:Incinerate","floor":15.0},{"not_picked":["Guardian:ConstructionForm","Guardian:ExploitGems"],"picked":"Guardian:FierceBash","floor":16.0},{"not_picked":[],"picked":"Guardian:SpikerProtocol","floor":19.0},{"not_picked":[],"picked":"Guardian:DonusPower+1","floor":21.0},{"not_picked":["Guardian:PrimingBeam"],"picked":"SKIP","floor":23.0},{"not_picked":["Guardian:Gem_Red"],"picked":"SKIP","floor":26.0},{"not_picked":[],"picked":"Guardian:Recover+1","floor":27.0},{"not_picked":["Guardian:Reroute"],"picked":"SKIP","floor":28.0},{"not_picked":[],"picked":"Guardian:BronzeOrb","floor":30.0},{"not_picked":["Guardian:Gem_Lightblue"],"picked":"SKIP","floor":31.0},{"not_picked":["Guardian:Gem_Cyan"],"picked":"SKIP","floor":32.0},{"not_picked":[],"picked":"Guardian:StasisField","floor":33.0},{"not_picked":["Guardian:VentSteam"],"picked":"SKIP","floor":36},{"not_picked":[],"picked":"Guardian:BodySlam+1","floor":37},{"not_picked":[],"picked":"Guardian:ShieldCharger","floor":38},{"not_picked":[],"picked":"Guardian:AncientConstruct","floor":40},{"not_picked":[],"picked":"Guardian:BronzeOrb+1","floor":44},{"not_picked":[],"picked":"Guardian:ShieldSpikes+1","floor":45},{"not_picked":[],"picked":"Guardian:Repulse","floor":47},{"not_picked":["Guardian:WalkerClaw+1"],"picked":"SKIP","floor":48},{"not_picked":["Guardian:PiercingHide"],"picked":"SKIP","floor":49},{"not_picked":["Guardian:PrimingBeam"],"picked":"SKIP","floor":52},{"not_picked":["Guardian:Reroute"],"picked":"SKIP","floor":54},{"not_picked":["Guardian:Gem_Blue"],"picked":"SKIP","floor":60},{"not_picked":["Guardian:ShieldCharger"],"picked":"SKIP","floor":64},{"not_picked":["Guardian:Reroute"],"picked":"SKIP","floor":65},{"not_picked":[],"picked":"Guardian:ConstructionForm","floor":66},{"not_picked":["Guardian:VentSteam+1"],"picked":"SKIP","floor":69},{"not_picked":["Guardian:PrimingBeam+1"],"picked":"SKIP","floor":70},{"not_picked":["Guardian:Gem_White"],"picked":"SKIP","floor":72},{"not_picked":[],"picked":"Guardian:FloatingOrbs","floor":73},{"not_picked":["Guardian:Planning"],"picked":"SKIP","floor":75},{"not_picked":["Guardian:Gem_Cyan"],"picked":"SKIP","floor":76},{"not_picked":["Guardian:Gem_Blue"],"picked":"SKIP","floor":77},{"not_picked":["Guardian:Gem_Green"],"picked":"SKIP","floor":79},{"not_picked":["Guardian:ChargeCore"],"picked":"SKIP","floor":82},{"not_picked":["Guardian:Gem_Red"],"picked":"SKIP","floor":86},{"not_picked":[],"picked":"Guardian:ArmoredProtocol+1","floor":87},{"not_picked":["Guardian:BodySlam+1"],"picked":"SKIP","floor":92},{"not_picked":["Guardian:TemporalShield+1"],"picked":"SKIP","floor":95},{"not_picked":[],"picked":"Guardian:TemporalShield+1","floor":95},{"not_picked":["Gensokyo:MorningStar+1","Gensokyo:RisingWorld+1"],"picked":"Gensokyo:LifeSpringInfinity+1","floor":97},{"not_picked":["Guardian:Planning+1"],"picked":"SKIP","floor":98},{"not_picked":["Guardian:Planning+1"],"picked":"SKIP","floor":98},{"not_picked":["Guardian:BodySlam+1"],"picked":"SKIP","floor":99}],"player_experience":296007,"relics_obtained":[{"floor":6.0,"key":"CCEMRelics:Sandal"},{"floor":7.0,"key":"Pear"},{"floor":11.0,"key":"Art of War"},{"floor":13.0,"key":"CCEMRelics:OverlyComfyChair"},{"floor":23.0,"key":"Darkstone Periapt"},{"floor":24.0,"key":"Lantern"},{"floor":28.0,"key":"CCEMRelics:CocoNut"},{"floor":31.0,"key":"CCEMRelics:Barrel"},{"floor":40,"key":"HornCleat"},{"floor":40,"key":"CCEMRelics:GrindingGear"},{"floor":41,"key":"Juzu Bracelet"},{"floor":45,"key":"Omamori"},{"floor":45,"key":"Anchor"},{"floor":57,"key":"Mercury Hourglass"},{"floor":60,"key":"Guardian:PickAxe"},{"floor":60,"key":"Bag of Preparation"},{"floor":64,"key":"Sundial"},{"floor":64,"key":"Kunai"},{"floor":73,"key":"CCEMRelics:WarHorn"},{"floor":73,"key":"StrikeDummy"},{"floor":74,"key":"Shuriken"},{"floor":75,"key":"CCEMRelics:FryingPan"},{"floor":75,"key":"CCEMRelics:OldTooth"},{"floor":77,"key":"Boot"},{"floor":77,"key":"War Paint"},{"floor":79,"key":"Akabeko"},{"floor":79,"key":"CCEMRelics:DissonantTune"},{"floor":91,"key":"Bag of Marbles"},{"floor":92,"key":"Eternal Feather"},{"floor":92,"key":"InkBottle"},{"floor":95,"key":"Letter Opener"},{"floor":95,"key":"Strawberry"}],"event_choices":[{"damage_healed":0.0,"max_hp_gain":0.0,"max_hp_loss":0.0,"gold_gain":0.0,"event_name":"Scrap Ooze","player_choice":"Success","floor":14.0,"gold_loss":0.0,"damage_taken":3.0,"relics_obtained":["Gremlin Horn"]},{"damage_healed":0.0,"max_hp_gain":0.0,"max_hp_loss":0.0,"gold_gain":0.0,"event_name":"The Library","player_choice":"Read","floor":22.0,"gold_loss":0.0,"damage_taken":0.0,"cards_obtained":["Guardian:Gem_Cyan"]},{"cards_removed":["downfall:Bewildered"],"damage_healed":0.0,"max_hp_gain":0.0,"max_hp_loss":0.0,"gold_gain":0.0,"event_name":"NoteForYourself","player_choice":"Took Card","floor":25.0,"gold_loss":0.0,"damage_taken":0.0,"cards_obtained":["Slimebound:Chomp"]},{"cards_removed":["Guardian:ShieldSpikes"],"damage_healed":10,"gold_gain":0,"player_choice":"Offered Uncommon","damage_taken":0,"max_hp_gain":0,"max_hp_loss":0,"event_name":"Bonfire Elementals","floor":46,"gold_loss":0}],"is_beta":false,"boss_relics":[{"not_picked":["CCEMRelics:GreenEgg","Velvet Choker"],"picked":"Busted Crown"},{"not_picked":["Fusion Hammer","SacredBark"],"picked":"Black Star"},{"not_picked":["Calling Bell","Astrolabe"],"picked":"Coffee Dripper"},{"not_picked":["Cursed Key","Pandora\u0027s Box"],"picked":"Philosopher\u0027s Stone"}],"items_purged_floors":[30,53],"is_endless":false,"potions_floor_spawned":[5,6,11,13,21,27,28,32,33,38,40,45,49,64,65,66,70,72,76,79,83,87,98,99],"ascension_level":1}}