{"host":"6drv1qzpbnls60z2","time":1610982626,"event":{"mods":["ATMod(∞¢Ë™Mod)","Act Like it!","Arknights The Spire","BaseMod","Good Game Mod","Hallownest","Luminous","Minty Spire (QoL Compilation)","Reimu£®≤©¿ˆ¡È√Œ£©","Replay The Spire","Shop Mod","Spicy Shops","StSLib","The Dragon Tamer","TheWitcher","Uncapped","≤–¡Ù÷ÆŒÔ"],"gold_per_floor":[116,126,141,6,6,6,6,6],"floor_reached":7,"language":"ZHS","playtime":477,"items_purged":[],"score":182,"play_id":"83051061-4778-4372-bb6e-1d15b9d87d39","local_time":"20210118231026","is_ascension_mode":true,"campfire_choices":[{"data":"AT_RealColorLess","floor":6,"key":"SMITH"}],"circlet_count":0,"master_deck":["AscendersBane","ats:Strike C","ats:Strike G","ats:Strike S","ats:Strike V","ats:Armor Crushing Shot","ats:Defend","ats:Defend","ats:Defend","ats:Defend","ats:Emotion Absorption","AT_RealColorLess+1","Mayhem","SnafuTest:SpellLifeDrain","PlaceholderMod:Sweep","PlaceholderMod:PoisonAbsorb","ats:Part Time Job","ats:Assault Order"],"relics":["ats:Sanity","AT_ATBox","REME:ComplimentaryCards"],"acts_visited":["Exordium"],"potions_floor_usage":[7],"damage_taken":[{"damage":13,"enemies":"Small Slimes","floor":1,"turns":4},{"damage":12,"enemies":"Cultist","floor":2,"turns":4},{"damage":21,"enemies":"2 Louse","floor":3,"turns":4},{"damage":12,"enemies":"Replay:BlueRogue","floor":7,"turns":3}],"seed_played":"-5207468016624853682","potions_obtained":[{"floor":3,"key":"Block Potion"}],"is_trial":true,"path_per_floor":["M","M","M","$","?","R","E"],"character_chosen":"DOCTOR_CLASS","items_purchased":["ats:Part Time Job","ats:Assault Order"],"campfire_rested":0,"item_purchase_floors":[4,4],"current_hp_per_floor":[52,40,19,19,9,9,0,0],"gold":6,"neow_bonus":"","is_daily":false,"chose_seed":false,"campfire_upgraded":1,"win_rate":0.0,"timestamp":1610982626,"path_taken":["M","M","M","$","?","R","E"],"items_purchased_type":["Card","Card"],"build_version":"2020-12-22","purchased_purges":0,"victory":false,"max_hp_per_floor":[72,72,72,72,72,72,72,72],"card_choices":[{"not_picked":["ats:Explosion Area Strengthen","PlaceholderMod:NearChange"],"picked":"SnafuTest:SpellLifeDrain","floor":1},{"not_picked":["SnafuTest:WorldMap","SnafuTest:SuddenPuncture"],"picked":"PlaceholderMod:Sweep","floor":2},{"not_picked":["SnafuTest:Portal","SnafuTest:SpellTelekinesis"],"picked":"PlaceholderMod:PoisonAbsorb","floor":3}],"player_experience":78693,"relics_obtained":[],"event_choices":[{"damage_healed":0,"gold_gain":0,"player_choice":"Damaged","damage_taken":10,"max_hp_gain":0,"max_hp_loss":0,"event_name":"Wheel of Change","floor":5,"gold_loss":0}],"is_beta":false,"boss_relics":[],"items_purged_floors":[],"is_endless":true,"potions_floor_spawned":[3],"killed_by":"Replay:BlueRogue","ascension_level":20}}