{"host":"1q02rw1wpi0nrsss","time":1610963374,"event":{"mods":["AchievementEnabler","BaseMod","Better Note","Custom Start","Dark Map","DeckTracker","Disable Question Mark Monsters","Minty Spire (QoL Compilation)","Permanent Neow","Quick Restart","Rare Cards Sparkle","Relic Stats","StSLib"],"gold_per_floor":[116,116,116,132,132,158,158,191,191,191,191],"floor_reached":10,"language":"ENG","playtime":234,"items_purged":[],"score":153,"play_id":"786fe5f6-88f5-48f7-8810-d6b26a696191","local_time":"20210118014934","is_ascension_mode":true,"campfire_choices":[{"data":"Seeing Red","floor":7,"key":"SMITH"}],"circlet_count":0,"master_deck":["AscendersBane","Strike_R","Strike_R","Strike_R","Strike_R","Strike_R","Defend_R","Defend_R","Defend_R","Defend_R","Bash","Seeing Red+1","Shockwave","Shrug It Off","Disarm"],"relics":["Burning Blood","NeowsBlessing","Blue Candle","InkBottle","Self Forming Clay","Boot"],"acts_visited":["Exordium"],"potions_floor_usage":[10],"damage_taken":[{"damage":0,"enemies":"Small Slimes","floor":1,"turns":1},{"damage":0,"enemies":"Jaw Worm","floor":4,"turns":1},{"damage":0,"enemies":"3 Sentries","floor":6,"turns":2},{"damage":41,"enemies":"Lagavulin","floor":8,"turns":10},{"damage":45,"enemies":"Gremlin Nob","floor":10,"turns":5}],"seed_played":"-2009136596741592970","potions_obtained":[{"floor":1,"key":"ElixirPotion"},{"floor":8,"key":"GamblersBrew"}],"is_trial":false,"path_per_floor":["M","$","?","M","$","E","R","E","T","E"],"character_chosen":"IRONCLAD","items_purchased":[],"campfire_rested":0,"item_purchase_floors":[],"current_hp_per_floor":[78,78,66,72,72,78,78,43,43,0,0],"gold":191,"neow_bonus":"THREE_ENEMY_KILL","is_daily":false,"chose_seed":false,"campfire_upgraded":1,"win_rate":0.0,"timestamp":1610963374,"path_taken":["M","$","?","M","$","E","R","E","T","E"],"items_purchased_type":[],"build_version":"2020-12-22","purchased_purges":0,"victory":false,"max_hp_per_floor":[80,80,80,80,80,80,80,80,80,80,80],"relic_stats":{"counters":[5,19],"Self Forming Clay":[9],"Blue Candle":[0],"Boot":[0],"obtain_stats":[{"NeowsBlessing":0,"Self Forming Clay":8,"Blue Candle":3,"Boot":9,"Burning Blood":0,"InkBottle":6},{"NeowsBlessing":0,"Self Forming Clay":4,"Blue Candle":1,"Boot":4,"Burning Blood":0,"InkBottle":3},{"NeowsBlessing":0,"Self Forming Clay":14,"Blue Candle":1,"Boot":14,"Burning Blood":0,"InkBottle":4}],"Burning Blood":24,"InkBottle":[3]},"card_choices":[{"not_picked":["Feel No Pain","Headbutt"],"picked":"Seeing Red","floor":1},{"not_picked":["Sword Boomerang","Havoc"],"picked":"Shockwave","floor":4},{"not_picked":["Rage","Rupture"],"picked":"Shrug It Off","floor":6},{"not_picked":["Clothesline","Feel No Pain"],"picked":"Disarm","floor":8}],"player_experience":408789,"relics_obtained":[{"floor":6,"key":"InkBottle"},{"floor":8,"key":"Self Forming Clay"},{"floor":9,"key":"Boot"}],"event_choices":[{"damage_healed":0,"gold_gain":0,"player_choice":"Success","damage_taken":12,"relics_obtained":["Blue Candle"],"max_hp_gain":0,"max_hp_loss":0,"event_name":"Scrap Ooze","floor":3,"gold_loss":0}],"is_beta":false,"boss_relics":[],"items_purged_floors":[],"is_endless":false,"potions_floor_spawned":[1,8],"killed_by":"Gremlin Nob","ascension_level":11}}