{"host":"d4q750jvy4fei3fg","time":1610944923,"event":{"mods":["BaseMod","Downfall","Minty Spire (QoL Compilation)","StSLib"],"gold_per_floor":[99,116,127,127,127,140,163,175,206,206,191,91,109,142,158,259,259,59,71,56,56,75,86,86,112,112,122,122,150,150,161,181,279,279,279,295,155,170,3,31,31,64,64,83,83,96,96,129,143,143,143,143,143],"floor_reached":52,"language":"ENG","playtime":4360,"items_purged":[],"score":934,"play_id":"cd725b8e-6a84-443e-b31c-2ca10ded9ae0","local_time":"20210117234203","is_ascension_mode":true,"campfire_choices":[{"floor":1,"key":"RECALL"},{"data":"bronze:FineTuning","floor":12,"key":"SMITH"},{"floor":18,"key":"REST"},{"floor":28,"key":"REST"},{"floor":30,"key":"REST"},{"floor":35,"key":"REST"},{"floor":43,"key":"REST"},{"floor":47,"key":"REST"}],"circlet_count":0,"master_deck":["bronze:Defend","bronze:Defend","bronze:Defend","bronze:Defend","bronze:Replicate","bronze:Goto","bronze:Boost","bronze:Constructor","bronze:DelayedGuard","bronze:DigitalCarnage+1","bronze:FineTuning+1","bronze:WhirlingStrike","bronze:Backtrace","bronze:Repair","bronze:Separator","bronze:Iterate","bronze:HyperBeam","bronze:CutThrough+1","bronze:DigitalCarnage","bronze:DigitalCarnage+1","bronze:NullPointer","bronze:Overload","bronze:GetLatest","Slimebound:Tackle+1","Slimebound:Tackle+1","Slimebound:Tackle+1","bronze:ThunderWave","bronze:Constructor","bronze:Invalidate+1","bronze:BuggyMess+1","bronze:ThunderWave","bronze:WhirlingStrike+1","bronze:DigitalCarnage+1","expansioncontent:StudyTheSpire","bronze:DelayedGuard","expansioncontent:DashGenerateEvil","bronze:CutThrough+1","bronze:Separator+1","bronze:Branch+1","bronze:Overload","bronze:Goto","bronze:ClassDefault","bronze:BronzeOrb+1","bronze:Frontload+1"],"relics":["bronze:BronzeCore","Calipers","downfall:HeartBlessingRed","Bag of Marbles","Fusion Hammer","downfall:HeartBlessingGreen","downfall:HeartBlessingBlue","Pear","Strawberry","Juzu Bracelet","Sozu","Thread and Needle","Molten Egg 2","Bird Faced Urn","FossilizedHelix","StrikeDummy"],"acts_visited":["Exordium","TheCity","TheBeyond","TheEnding"],"potions_floor_usage":[9,9,9,9,16,16,25,33,33],"damage_taken":[{"damage":2,"enemies":"Small Slimes","floor":2,"turns":4},{"damage":2,"enemies":"2 Louse","floor":3,"turns":3},{"damage":0,"enemies":"Jaw Worm","floor":6,"turns":4},{"damage":5,"enemies":"Lots of Slimes","floor":8,"turns":5},{"damage":5,"enemies":"Lagavulin","floor":9,"turns":5},{"damage":0,"enemies":"downfall:FleeingMerchant","floor":11,"turns":4},{"damage":0,"enemies":"Exordium Wildlife","floor":13,"turns":2},{"damage":0,"enemies":"3 Sentries","floor":14,"turns":6},{"damage":0,"enemies":"Blue Slaver","floor":15,"turns":1},{"damage":70,"enemies":"IC_STATUS_ARCHETYPE","floor":16,"turns":11},{"damage":0,"enemies":"Shell Parasite","floor":19,"turns":1},{"damage":0,"enemies":"downfall:FleeingMerchant","floor":20,"turns":4},{"damage":0,"enemies":"Spheric Guardian","floor":22,"turns":2},{"damage":0,"enemies":"3 Cultists","floor":23,"turns":4},{"damage":6,"enemies":"Gremlin Leader","floor":25,"turns":4},{"damage":0,"enemies":"Snake Plant","floor":27,"turns":3},{"damage":31,"enemies":"Slavers","floor":29,"turns":4},{"damage":33,"enemies":"Centurion and Healer","floor":31,"turns":4},{"damage":0,"enemies":"3 Cultists","floor":32,"turns":2},{"damage":36,"enemies":"WA_ARCHETYPE_CALM","floor":33,"turns":8},{"damage":0,"enemies":"3 Darklings","floor":36,"turns":2},{"damage":10,"enemies":"downfall:FleeingMerchant","floor":37,"turns":4},{"damage":0,"enemies":"Orb Walker","floor":38,"turns":1},{"damage":14,"enemies":"Nemesis","floor":40,"turns":3},{"damage":0,"enemies":"Giant Head","floor":42,"turns":5},{"damage":3,"enemies":"Maw","floor":44,"turns":6},{"damage":0,"enemies":"4 Shapes","floor":46,"turns":3},{"damage":32,"enemies":"Reptomancer","floor":48,"turns":5},{"damage":0,"enemies":"Jaw Worm Horde","floor":49,"turns":3},{"damage":43,"enemies":"DF_ARCHETYPE_ORBS","floor":50,"turns":7},{"damage":121,"enemies":"downfall:CharBossMerchant","floor":52,"turns":8}],"seed_played":"6018968381282352814","potions_obtained":[{"floor":2,"key":"champ:CounterPotion"},{"floor":3,"key":"EntropicBrew"},{"floor":13,"key":"Swift Potion"},{"floor":23,"key":"Block Potion"},{"floor":25,"key":"Explosive Potion"},{"floor":29,"key":"ColorlessPotion"}],"is_trial":false,"path_per_floor":["R","M","M","?","?","M","T","M","E","?","$","R","M","E","M","B",null,"R","M","$","?","M","M","T","E","?","M","R","E","R","M","M","B",null,"R","M","$","M","$","E","T","E","R","M","?","M","R","E","M","B",null,"E"],"character_chosen":"THE_AUTOMATON","items_purchased":["Thread and Needle","expansioncontent:StudyTheSpire","expansioncontent:DashGenerateEvil"],"campfire_rested":6,"item_purchase_floors":[37,37,39],"current_hp_per_floor":[70,68,66,66,66,66,66,61,56,56,56,56,56,64,64,1,70,80,80,80,80,80,80,90,91,91,91,97,66,95,62,62,26,97,97,97,94,94,94,80,80,91,97,94,94,97,97,74,83,49,97,0,0],"gold":143,"neow_bonus":"TRANSFORM_CARD","is_daily":false,"chose_seed":false,"campfire_upgraded":1,"win_rate":0.0,"timestamp":1610944923,"path_taken":["R","M","M","?","?","M","T","M","E","?","?","R","M","E","M","BOSS","R","M","$","?","?","M","T","E","?","M","R","E","R","M","M","BOSS","R","M","$","M","$","E","T","E","R","M","?","M","R","E","M","BOSS","E"],"items_purchased_type":["Relic","Card","Card"],"build_version":"2020-12-22","purchased_purges":0,"victory":false,"max_hp_per_floor":[70,70,70,70,70,70,70,70,70,70,70,70,70,70,70,70,70,80,80,80,80,80,80,90,97,97,97,97,97,97,97,97,97,97,97,97,97,97,97,97,97,97,97,97,97,97,97,97,97,97,97,97,97],"card_choices":[{"not_picked":["bronze:Allocate","bronze:Fortify"],"picked":"bronze:Constructor","floor":2},{"not_picked":["bronze:BuggyMess","bronze:Frontload"],"picked":"bronze:DelayedGuard","floor":3},{"not_picked":["bronze:FineTuning","bronze:Frontload"],"picked":"bronze:DigitalCarnage","floor":6},{"not_picked":["bronze:DelayedSlice","bronze:BuggyMess"],"picked":"bronze:FineTuning","floor":8},{"not_picked":["bronze:OilSpill","bronze:Break"],"picked":"bronze:WhirlingStrike","floor":9},{"not_picked":["bronze:OilSpill","bronze:CloningBeam"],"picked":"bronze:Backtrace","floor":11},{"not_picked":["bronze:Frontload","bronze:Invalidate"],"picked":"bronze:Repair","floor":13},{"not_picked":["bronze:Branch","bronze:Turbo"],"picked":"bronze:Separator","floor":14},{"not_picked":["bronze:Separator","bronze:Overheat"],"picked":"bronze:Iterate","floor":15},{"not_picked":["bronze:Break","bronze:AlphaBuild"],"picked":"bronze:HyperBeam","floor":16},{"not_picked":["bronze:Repair","bronze:WildBeam"],"picked":"bronze:CutThrough+1","floor":19},{"not_picked":["bronze:FineTuning","bronze:WhirlingStrike"],"picked":"bronze:DigitalCarnage","floor":20},{"not_picked":["bronze:Deprecate","bronze:Safeguard"],"picked":"bronze:NullPointer","floor":22},{"not_picked":["bronze:WildBeam","bronze:MaxOutput"],"picked":"bronze:Overload","floor":23},{"not_picked":["bronze:WildBeam+1","bronze:Branch"],"picked":"bronze:GetLatest","floor":25},{"not_picked":["bronze:Invalidate+1","bronze:Terminator"],"picked":"bronze:ThunderWave","floor":27},{"not_picked":["bronze:BronzeArmor","bronze:Safeguard"],"picked":"bronze:Constructor","floor":29},{"not_picked":["bronze:Frontload","bronze:BugBarrage"],"picked":"bronze:Invalidate+1","floor":31},{"not_picked":["bronze:Iterate","bronze:Constructor"],"picked":"bronze:BuggyMess+1","floor":32},{"not_picked":["bronze:FindAndReplace","bronze:SpaghettiCode"],"picked":"bronze:ThunderWave","floor":33},{"not_picked":["bronze:Constructor","bronze:WildBeam+1"],"picked":"bronze:WhirlingStrike+1","floor":36},{"not_picked":["bronze:MaxOutput+1","bronze:Flail"],"picked":"bronze:DigitalCarnage+1","floor":37},{"not_picked":["bronze:Turbo+1","bronze:WildBeam"],"picked":"bronze:DelayedGuard","floor":38},{"not_picked":["bronze:Frontload","bronze:SpaghettiCode"],"picked":"bronze:CutThrough+1","floor":40},{"not_picked":["bronze:WildBeam+1","bronze:Repulsor+1"],"picked":"bronze:Separator+1","floor":42},{"not_picked":["bronze:BugBarrage+1","bronze:NullPointer+1"],"picked":"bronze:Branch+1","floor":44},{"not_picked":["bronze:BugBarrage+1","bronze:Overheat+1"],"picked":"bronze:ClassDefault","floor":46},{"not_picked":["bronze:Separator+1","bronze:Safeguard+1"],"picked":"bronze:BronzeOrb+1","floor":48},{"not_picked":["bronze:Shield","bronze:BuggyMess"],"picked":"bronze:Frontload+1","floor":49}],"player_experience":145016,"relics_obtained":[{"floor":9,"key":"Calipers"},{"floor":14,"key":"Bag of Marbles"},{"floor":24,"key":"Pear"},{"floor":25,"key":"Strawberry"},{"floor":29,"key":"Juzu Bracelet"},{"floor":40,"key":"Molten Egg 2"},{"floor":41,"key":"Bird Faced Urn"},{"floor":42,"key":"FossilizedHelix"},{"floor":48,"key":"StrikeDummy"}],"event_choices":[{"damage_healed":0,"gold_gain":0,"player_choice":"Grow","damage_taken":0,"max_hp_gain":0,"max_hp_loss":0,"event_name":"Living Wall","floor":10,"gold_loss":0,"cards_upgraded":["bronze:DigitalCarnage"]}],"is_beta":false,"boss_relics":[{"not_picked":["bronze:MakeshiftBattery","SlaversCollar"],"picked":"Fusion Hammer"},{"not_picked":["Cursed Key","Astrolabe"],"picked":"Sozu"}],"items_purged_floors":[],"is_endless":false,"potions_floor_spawned":[2,3,13,23,25,29,36,40,42,46],"killed_by":"downfall:CharBossMerchant","ascension_level":1}}