{"host":"2se5dq1do2gp0x9k","time":1610950248,"event":{"mods":["AchievementEnabler","BaseMod","Block Reminder","Colored Map","Colored Powertips","Minty Spire (QoL Compilation)","Relic Stats","StSLib","SuperFastMode"],"gold_per_floor":[115,40,40,54,74,106,121,121,121,171,188,202,233,246,246,246,246],"floor_reached":16,"language":"ENG","playtime":521,"items_purged":[],"score":278,"play_id":"89d14991-0b9d-4ab7-8f4d-330b7d4e65c0","local_time":"20210117221048","is_ascension_mode":true,"campfire_choices":[{"floor":8.0,"key":"REST"},{"data":"Fission","floor":15,"key":"SMITH"}],"circlet_count":0,"master_deck":["AscendersBane","Strike_B","Strike_B","Strike_B","Defend_B","Defend_B","Defend_B","Zap","Dualcast","Chill","Glacier","Rebound","Barrage","Cold Snap","Fission+1","Rebound"],"relics":["Cracked Core","NeowsBlessing","Cables","Thread and Needle","Ginger"],"acts_visited":["Exordium"],"potions_floor_usage":[13,16,16],"damage_taken":[{"damage":0.0,"enemies":"Small Slimes","floor":1.0,"turns":1.0},{"damage":0.0,"enemies":"Jaw Worm","floor":4.0,"turns":1.0},{"damage":0.0,"enemies":"Cultist","floor":5.0,"turns":1.0},{"damage":20.0,"enemies":"3 Sentries","floor":6.0,"turns":10.0},{"damage":34.0,"enemies":"Gremlin Gang","floor":7.0,"turns":6.0},{"damage":7.0,"enemies":"Blue Slaver","floor":11.0,"turns":3.0},{"damage":3.0,"enemies":"Red Slaver","floor":12.0,"turns":2.0},{"damage":0,"enemies":"Lagavulin","floor":13,"turns":6},{"damage":3,"enemies":"Lots of Slimes","floor":14,"turns":5},{"damage":11,"enemies":"Hexaghost","floor":16,"turns":10}],"seed_played":"7756334761320433552","potions_obtained":[{"floor":1.0,"key":"Weak Potion"},{"floor":5.0,"key":"PowerPotion"},{"floor":6.0,"key":"LiquidBronze"},{"floor":12.0,"key":"FocusPotion"},{"floor":13,"key":"Dexterity Potion"}],"is_trial":false,"path_per_floor":["M","?","?","M","M","E","M","R","T","?","M","M","E","M","R","B"],"character_chosen":"DEFECT","items_purchased":[],"campfire_rested":1,"item_purchase_floors":[],"current_hp_per_floor":[64,64,64,64,64,44,10,31,31,24,17,14,14,11,11,0,0],"gold":246,"neow_bonus":"THREE_ENEMY_KILL","is_daily":false,"chose_seed":false,"campfire_upgraded":1,"win_rate":0.0,"timestamp":1610950248,"path_taken":["M","?","?","?","?","E","?","R","T","?","?","?","E","M","R","BOSS"],"items_purchased_type":[],"build_version":"2020-12-22","purchased_purges":0,"victory":false,"max_hp_per_floor":[71,71,71,71,71,71,71,71,71,71,71,71,71,71,71,71,71],"relic_stats":{"counters":[10,45],"Ginger":[4],"obtain_stats":[{"NeowsBlessing":0,"Thread and Needle":9,"Ginger":13,"Cracked Core":0,"Cables":6},{"NeowsBlessing":0,"Thread and Needle":5,"Ginger":8,"Cracked Core":0,"Cables":4},{"NeowsBlessing":0,"Thread and Needle":19,"Ginger":30,"Cracked Core":0,"Cables":13}],"Cables":[29,11,18,0,0]},"card_choices":[{"not_picked":["Sweeping Beam","Self Repair"],"picked":"Chill","floor":1.0},{"not_picked":["Conserve Battery","Coolheaded"],"picked":"Glacier","floor":4.0},{"not_picked":["Chill","Auto Shields"],"picked":"Rebound","floor":5.0},{"not_picked":["Meteor Strike","Gash"],"picked":"Barrage","floor":6.0},{"not_picked":["Coolheaded","Stack"],"picked":"Cold Snap","floor":7.0},{"not_picked":["Streamline","Leap","Redo"],"picked":"SKIP","floor":11.0},{"not_picked":["Scrape","Stack","Fusion"],"picked":"SKIP","floor":12.0},{"not_picked":["Sweeping Beam","Reprogram"],"picked":"Fission","floor":13},{"not_picked":["Turbo","Reinforced Body"],"picked":"Rebound","floor":14}],"player_experience":3914885,"relics_obtained":[{"floor":6.0,"key":"Cables"},{"floor":9.0,"key":"Thread and Needle"},{"floor":13,"key":"Ginger"}],"event_choices":[{"cards_removed":["Defend_B"],"damage_healed":0.0,"max_hp_gain":0.0,"max_hp_loss":0.0,"gold_gain":0.0,"event_name":"The Cleric","player_choice":"Card Removal","floor":2.0,"gold_loss":75.0,"damage_taken":0.0},{"cards_removed":["Strike_B"],"damage_healed":0.0,"max_hp_gain":0.0,"max_hp_loss":0.0,"gold_gain":0.0,"event_name":"Bonfire Elementals","player_choice":"Offered Basic","floor":3.0,"gold_loss":0.0,"damage_taken":0.0},{"damage_healed":0.0,"max_hp_gain":0.0,"max_hp_loss":0.0,"gold_gain":50.0,"event_name":"FaceTrader","player_choice":"Touch","floor":10.0,"gold_loss":0.0,"damage_taken":7.0}],"is_beta":false,"boss_relics":[],"items_purged_floors":[],"is_endless":false,"potions_floor_spawned":[1,5,6,12,13],"killed_by":"Hexaghost","ascension_level":20}}