{"host":"m16cty6bffmtplhu","time":1610994523,"event":{"mods":["BaseMod","DeckTracker","Highlight Path","Minty Spire (QoL Compilation)","Permanent Neow","Quick Restart","StSLib","everything is the same but u backflip on backflip"],"gold_per_floor":[116,191,89,108,108,139,150,176,176,27,27,46,105,117,117,219,219,234,194,204,115,133,133,143,161,161,161,161],"floor_reached":27,"language":"KOR","playtime":683,"items_purged":[],"score":325,"play_id":"744b4d07-f74a-47cf-94e8-c1569d775f12","local_time":"20210119032843","is_ascension_mode":true,"campfire_choices":[{"floor":11,"key":"REST"},{"data":"Heavy Blade","floor":15,"key":"SMITH"},{"floor":23,"key":"REST"}],"circlet_count":0,"master_deck":["Strike_R+1","Strike_R","Strike_R","Strike_R","Strike_R+1","Defend_R","Defend_R","Defend_R","Defend_R","Bash+1","Flex","Twin Strike","Flex","Sword Boomerang","Flex","Pommel Strike","Heavy Blade+1","Spot Weakness","Berserk+1","Infernal Blade+1","Bandage Up","Disarm","Flex+1"],"relics":["Burning Blood","NeowsBlessing","Blood Vial","Bottled Lightning","Oddly Smooth Stone","Bag of Marbles","Frozen Egg 2","Mark of Pain"],"acts_visited":["Exordium","TheCity"],"potions_floor_usage":[16,16,25,27],"damage_taken":[{"damage":0,"enemies":"Small Slimes","floor":1,"turns":1},{"damage":0,"enemies":"Jaw Worm","floor":4,"turns":1},{"damage":0,"enemies":"3 Sentries","floor":6,"turns":1},{"damage":2,"enemies":"2 Louse","floor":7,"turns":3},{"damage":50,"enemies":"Lagavulin","floor":8,"turns":6},{"damage":0,"enemies":"Red Slaver","floor":12,"turns":1},{"damage":34,"enemies":"3 Sentries","floor":13,"turns":5},{"damage":0,"enemies":"Looter","floor":14,"turns":2},{"damage":47,"enemies":"The Guardian","floor":16,"turns":12},{"damage":48,"enemies":"2 Thieves","floor":18,"turns":4},{"damage":8,"enemies":"Shell Parasite","floor":20,"turns":2},{"damage":30,"enemies":"Snecko","floor":22,"turns":4},{"damage":39,"enemies":"Centurion and Healer","floor":24,"turns":5},{"damage":15,"enemies":"Cultist and Chosen","floor":25,"turns":4},{"damage":16,"enemies":"Sentry and Sphere","floor":27,"turns":3}],"seed_played":"-6434076344778721161","potions_obtained":[{"floor":6,"key":"DuplicationPotion"},{"floor":13,"key":"ElixirPotion"},{"floor":14,"key":"Explosive Potion"},{"floor":16,"key":"Energy Potion"},{"floor":24,"key":"BlessingOfTheForge"},{"floor":25,"key":"Fire Potion"}],"is_trial":false,"path_per_floor":["M","?","$","M","?","E","M","E","T","$","R","M","?","M","R","B",null,"M","?","M","$","M","R","M","M","T","M"],"character_chosen":"IRONCLAD","items_purchased":["Twin Strike","Flex","Bag of Marbles","Bandage Up"],"campfire_rested":2,"item_purchase_floors":[3,3,10,21],"current_hp_per_floor":[80,69,69,75,75,80,80,36,36,36,60,68,42,50,50,11,80,38,38,38,38,20,44,17,10,10,0,0],"gold":161,"neow_bonus":"THREE_ENEMY_KILL","is_daily":false,"chose_seed":false,"campfire_upgraded":1,"win_rate":0.0,"timestamp":1610994523,"path_taken":["M","?","$","M","?","E","M","E","T","$","R","M","?","M","R","BOSS","M","?","M","$","M","R","M","M","T","?"],"items_purchased_type":["Card","Card","Relic","Card"],"build_version":"2020-12-22","purchased_purges":0,"victory":false,"max_hp_per_floor":[80,80,80,80,80,80,80,80,80,80,80,80,80,80,80,80,80,80,80,80,80,80,80,80,80,80,80,80],"card_choices":[{"not_picked":["Armaments","Rampage"],"picked":"Flex","floor":1},{"not_picked":["Havoc","Pommel Strike"],"picked":"Sword Boomerang","floor":4},{"not_picked":["Infernal Blade","Perfected Strike"],"picked":"Flex","floor":6},{"not_picked":["Bloodletting","Wild Strike","Headbutt"],"picked":"SKIP","floor":7},{"not_picked":["Rampage","Corruption"],"picked":"Pommel Strike","floor":8},{"not_picked":["Dropkick","Twin Strike"],"picked":"Heavy Blade","floor":12},{"not_picked":["Fire Breathing+1","Warcry"],"picked":"Spot Weakness","floor":14},{"not_picked":["Brutality+1","Impervious"],"picked":"Berserk+1","floor":16},{"not_picked":["Anger","Headbutt","Rampage"],"picked":"SKIP","floor":18},{"not_picked":["Pommel Strike","Warcry"],"picked":"Infernal Blade+1","floor":20},{"not_picked":["Iron Wave","Warcry"],"picked":"Disarm","floor":22},{"not_picked":["Thunderclap","Rampage","Sentinel"],"picked":"SKIP","floor":24},{"not_picked":["Pommel Strike","Warcry+1"],"picked":"Flex+1","floor":25}],"player_experience":91502,"relics_obtained":[{"floor":6,"key":"Blood Vial"},{"floor":8,"key":"Bottled Lightning"},{"floor":9,"key":"Oddly Smooth Stone"},{"floor":13,"key":"Frozen Egg 2"}],"event_choices":[{"damage_healed":0,"gold_gain":75,"player_choice":"Gather Gold","damage_taken":11,"max_hp_gain":0,"max_hp_loss":0,"event_name":"World of Goop","floor":2,"gold_loss":0},{"damage_healed":0,"gold_gain":0,"player_choice":"Grow","damage_taken":0,"max_hp_gain":0,"max_hp_loss":0,"event_name":"Living Wall","floor":5,"gold_loss":0,"cards_upgraded":["Bash"]},{"damage_healed":0,"gold_gain":30,"player_choice":"Searched \u00272\u0027 times","damage_taken":0,"max_hp_gain":0,"max_hp_loss":0,"event_name":"Dead Adventurer","floor":13,"gold_loss":0},{"damage_healed":0,"gold_gain":0,"player_choice":"Upgraded Two","damage_taken":0,"max_hp_gain":0,"max_hp_loss":0,"event_name":"Designer","floor":19,"gold_loss":40,"cards_upgraded":["Strike_R","Strike_R"]}],"is_beta":false,"boss_relics":[{"not_picked":["Runic Cube","Runic Dome"],"picked":"Mark of Pain"}],"items_purged_floors":[],"is_endless":false,"potions_floor_spawned":[6,13,14,16,24,25],"killed_by":"Sentry and Sphere","ascension_level":4}}