{"host":"t7mx8yfj1no5p62f","time":1610992870,"event":{"mods":["BaseMod","Bestiary","Colored Map","Colored Powertips","Minty Spire (QoL Compilation)","Relic Stats","StSLib","ojb\u0027s Info Mod"],"gold_per_floor":[109,120,120,41,60,60,94,94,119,152,166,166,186,200,200,277,277,296,571,588,606,619,619,32,32,32,32,32,132,166,182,182,256,256,271,251,266,284,22,47,57,57,57],"floor_reached":42,"language":"ENG","playtime":1758,"items_purged":["Regret","Strike_R"],"score":920,"play_id":"c4a93e13-fc4c-43c8-9368-850f15b0ee9f","local_time":"20210118130110","is_ascension_mode":true,"campfire_choices":[{"data":"Anger","floor":6.0,"key":"SMITH"},{"data":"True Grit","floor":8.0,"key":"SMITH"},{"data":"Perfected Strike","floor":12.0,"key":"SMITH"},{"data":"Cleave","floor":15.0,"key":"SMITH"},{"data":"Pommel Strike","floor":23,"key":"SMITH"},{"data":"Mayhem","floor":27,"key":"SMITH"},{"data":"Ghostly Armor","floor":32,"key":"SMITH"}],"circlet_count":0,"master_deck":["AscendersBane","Strike_R","Strike_R","Strike_R","Defend_R","Defend_R","Defend_R","Defend_R","Bash","Anger+1","True Grit+1","Shockwave","Headbutt","Cleave+1","Reaper","Spot Weakness+1","Shrug It Off+1","Pommel Strike+1","Dual Wield+1","Power Through","Feel No Pain","Mayhem+1","Barricade","Ghostly Armor+1","Offering","Rage","True Grit+1","Disarm+1","Flame Barrier+1"],"relics":["Mark of Pain","Orichalcum","Darkstone Periapt","Vajra","Shuriken","Black Star","Bag of Marbles","StoneCalendar","MutagenicStrength","FossilizedHelix","Letter Opener","Red Skull","War Paint","Empty Cage","Bronze Scales","Centennial Puzzle","Boot"],"acts_visited":["Exordium","TheCity","TheBeyond"],"potions_floor_usage":[20,22,22,30,33,40,42],"damage_taken":[{"damage":15.0,"enemies":"Small Slimes","floor":1.0,"turns":5.0},{"damage":1.0,"enemies":"Cultist","floor":2.0,"turns":3.0},{"damage":6.0,"enemies":"Jaw Worm","floor":5.0,"turns":2.0},{"damage":2.0,"enemies":"Gremlin Nob","floor":7.0,"turns":3.0},{"damage":10.0,"enemies":"3 Sentries","floor":10.0,"turns":8.0},{"damage":7.0,"enemies":"Lots of Slimes","floor":11.0,"turns":4.0},{"damage":8.0,"enemies":"Exordium Thugs","floor":13.0,"turns":3.0},{"damage":1.0,"enemies":"Looter","floor":14.0,"turns":2.0},{"damage":7.0,"enemies":"Slime Boss","floor":16.0,"turns":7.0},{"damage":21.0,"enemies":"2 Thieves","floor":18.0,"turns":3.0},{"damage":8,"enemies":"3 Byrds","floor":20,"turns":4},{"damage":29,"enemies":"Snecko","floor":21,"turns":5},{"damage":45,"enemies":"Sentry and Sphere","floor":22,"turns":6},{"damage":12,"enemies":"Colosseum Slavers","floor":29,"turns":5},{"damage":0,"enemies":"Colosseum Nobs","floor":29,"turns":5},{"damage":18,"enemies":"Slavers","floor":30,"turns":5},{"damage":0,"enemies":"3 Cultists","floor":31,"turns":2},{"damage":3,"enemies":"Champ","floor":33,"turns":14},{"damage":6,"enemies":"Orb Walker","floor":35,"turns":4},{"damage":3,"enemies":"3 Darklings","floor":37,"turns":5},{"damage":24,"enemies":"Maw","floor":38,"turns":10},{"damage":88,"enemies":"Reptomancer","floor":40,"turns":8},{"damage":6,"enemies":"Jaw Worm Horde","floor":41,"turns":4},{"damage":47,"enemies":"Nemesis","floor":42,"turns":5}],"seed_played":"-5488330042470354185","potions_obtained":[{"floor":2.0,"key":"Strength Potion"},{"floor":5.0,"key":"Dexterity Potion"},{"floor":10.0,"key":"PowerPotion"},{"floor":14.0,"key":"AttackPotion"},{"floor":20,"key":"EntropicBrew"},{"floor":30,"key":"LiquidBronze"},{"floor":31,"key":"ColorlessPotion"},{"floor":33,"key":"LiquidBronze"},{"floor":36,"key":"CultistPotion"},{"floor":37,"key":"HeartOfIron"},{"floor":40,"key":"BlessingOfTheForge"}],"is_trial":false,"path_per_floor":["M","M","?","?","M","R","E","R","T","E","M","R","M","M","R","B",null,"M","?","M","M","M","R","$","?","T","R","?","?","E","M","R","B",null,"M","?","M","M","$","E","M","E"],"character_chosen":"IRONCLAD","items_purchased":["Bag of Marbles","Power Through","Feel No Pain","Mayhem","Bronze Scales"],"campfire_rested":0,"item_purchase_floors":[24,24,24,24,39],"current_hp_per_floor":[53,52,57,57,51,51,49,49,49,39,32,32,24,23,23,16,64,53,59,58,35,7,7,7,24,24,24,24,23,23,40,40,37,74,80,80,83,62,62,29,23,0,0],"gold":57,"neow_bonus":"BOSS_RELIC","is_daily":false,"chose_seed":false,"campfire_upgraded":7,"win_rate":0.0,"timestamp":1610992870,"path_taken":["M","M","?","?","M","R","E","R","T","E","M","R","?","M","R","BOSS","M","?","M","?","M","R","$","?","T","R","?","?","E","M","R","BOSS","M","?","M","?","$","E","M","E"],"items_purchased_type":["Relic","Card","Card","Card","Relic"],"build_version":"2020-12-22","purchased_purges":2,"victory":false,"max_hp_per_floor":[75,75,80,80,80,80,80,80,80,80,80,80,80,80,80,80,80,80,86,86,86,86,86,86,86,86,86,86,86,86,86,86,86,86,86,86,86,86,86,86,86,86,86],"relic_stats":{"Darkstone Periapt":6,"Centennial Puzzle":[6],"counters":[24,122],"Shuriken":[31],"Bronze Scales":[75],"StoneCalendar":[147],"Black Star":2,"Letter Opener":[87],"Orichalcum":[210],"War Paint":["Spot Weakness","Shrug It Off"],"Boot":[12],"obtain_stats":[{"Darkstone Periapt":7,"Vajra":9,"StoneCalendar":26,"Letter Opener":29,"Orichalcum":4,"War Paint":30,"Empty Cage":34,"Boot":40,"Burning Blood":0,"Centennial Puzzle":40,"Shuriken":10,"MutagenicStrength":28,"Bronze Scales":39,"Mark of Pain":0,"Black Star":17,"Bag of Marbles":24,"FossilizedHelix":29,"Red Skull":30},{"Darkstone Periapt":4,"Vajra":4,"StoneCalendar":13,"Letter Opener":15,"Orichalcum":2,"War Paint":16,"Empty Cage":18,"Boot":22,"Burning Blood":0,"Centennial Puzzle":22,"Shuriken":5,"MutagenicStrength":13,"Bronze Scales":21,"Mark of Pain":0,"Black Star":9,"Bag of Marbles":13,"FossilizedHelix":15,"Red Skull":16},{"Darkstone Periapt":13,"Vajra":13,"StoneCalendar":55,"Letter Opener":65,"Orichalcum":8,"War Paint":70,"Empty Cage":86,"Boot":113,"Burning Blood":0,"Centennial Puzzle":113,"Shuriken":21,"MutagenicStrength":55,"Bronze Scales":105,"Mark of Pain":0,"Black Star":37,"Bag of Marbles":55,"FossilizedHelix":65,"Red Skull":70}]},"card_choices":[{"not_picked":["Flex","Havoc"],"picked":"Perfected Strike","floor":1.0},{"not_picked":["Dark Embrace","Blood for Blood","Warcry"],"picked":"SKIP","floor":2.0},{"not_picked":["Sever Soul","Barricade"],"picked":"Anger","floor":5.0},{"not_picked":["Sword Boomerang","Dark Embrace"],"picked":"True Grit","floor":7.0},{"not_picked":["Warcry","Clash","Havoc"],"picked":"SKIP","floor":10.0},{"not_picked":["Fiend Fire","Heavy Blade"],"picked":"Shockwave","floor":11.0},{"not_picked":["Flex","Carnage"],"picked":"Headbutt","floor":13.0},{"not_picked":["Iron Wave","Pommel Strike"],"picked":"Cleave","floor":14.0},{"not_picked":["Exhume","Limit Break"],"picked":"Reaper","floor":16.0},{"not_picked":["Shrug It Off","Intimidate"],"picked":"Spot Weakness","floor":18.0},{"not_picked":["Armaments","Bloodletting"],"picked":"Shrug It Off","floor":20},{"not_picked":["Bloodletting","Anger"],"picked":"Pommel Strike","floor":21},{"not_picked":["True Grit","Shrug It Off"],"picked":"Dual Wield+1","floor":22},{"not_picked":["Rampage","Body Slam"],"picked":"Barricade","floor":29},{"not_picked":["Anger","Rampage+1","Havoc"],"picked":"SKIP","floor":30},{"not_picked":["Blood for Blood","True Grit"],"picked":"Ghostly Armor","floor":31},{"not_picked":["Corruption","Feed"],"picked":"Offering","floor":33},{"not_picked":["Headbutt","Anger"],"picked":"Rage","floor":35},{"not_picked":["Anger","Headbutt"],"picked":"True Grit+1","floor":37},{"not_picked":["Clash+1","Warcry"],"picked":"Disarm+1","floor":38},{"not_picked":["Seeing Red","Sword Boomerang"],"picked":"Flame Barrier+1","floor":40},{"not_picked":["Infernal Blade","Clash+1","Cleave+1"],"picked":"SKIP","floor":41}],"player_experience":1786277,"relics_obtained":[{"floor":7.0,"key":"Darkstone Periapt"},{"floor":9.0,"key":"Vajra"},{"floor":10.0,"key":"Shuriken"},{"floor":26,"key":"StoneCalendar"},{"floor":29,"key":"FossilizedHelix"},{"floor":29,"key":"Letter Opener"},{"floor":30,"key":"Red Skull"},{"floor":30,"key":"War Paint"},{"floor":40,"key":"Centennial Puzzle"},{"floor":40,"key":"Boot"}],"event_choices":[{"damage_healed":0.0,"max_hp_gain":5.0,"max_hp_loss":0.0,"gold_gain":0.0,"event_name":"Big Fish","player_choice":"Donut","floor":3.0,"gold_loss":0.0,"damage_taken":0.0},{"damage_healed":0.0,"max_hp_gain":0.0,"max_hp_loss":0.0,"gold_gain":0.0,"event_name":"WeMeetAgain","player_choice":"Paid Gold","floor":4.0,"gold_loss":79.0,"damage_taken":0.0,"relics_obtained":["Orichalcum"]},{"damage_healed":0.0,"max_hp_gain":0.0,"max_hp_loss":0.0,"gold_gain":275.0,"event_name":"Golden Shrine","player_choice":"Desecrate","floor":19.0,"gold_loss":0.0,"damage_taken":0.0,"cards_obtained":["Regret"]},{"damage_healed":17,"gold_gain":0,"player_choice":"Heal","damage_taken":0,"max_hp_gain":0,"max_hp_loss":0,"event_name":"The Library","floor":25,"gold_loss":0},{"damage_healed":0,"gold_gain":0,"player_choice":"Inject Mutagens","damage_taken":0,"relics_obtained":["MutagenicStrength"],"max_hp_gain":0,"max_hp_loss":0,"event_name":"Drug Dealer","floor":28,"gold_loss":0},{"damage_healed":0,"gold_gain":0,"player_choice":"Fight","damage_taken":0,"max_hp_gain":0,"max_hp_loss":0,"event_name":"Colosseum","floor":29,"gold_loss":0},{"damage_healed":0,"gold_gain":0,"player_choice":"Fought Nobs","damage_taken":0,"max_hp_gain":0,"max_hp_loss":0,"event_name":"Colosseum","floor":29,"gold_loss":0},{"damage_healed":0,"gold_gain":0,"player_choice":"Bought 1 Potion","damage_taken":0,"max_hp_gain":0,"max_hp_loss":0,"event_name":"The Woman in Blue","floor":36,"gold_loss":0}],"is_beta":false,"boss_relics":[{"not_picked":["Busted Crown","Velvet Choker"],"picked":"Black Star"},{"not_picked":["Cursed Key","Tiny House"],"picked":"Empty Cage"}],"items_purged_floors":[24,39],"is_endless":false,"potions_floor_spawned":[2,5,10,14,20,30,31,33,37,38,40],"killed_by":"Nemesis","ascension_level":20}}