{"host":"r9uivonio18rfam2","time":1610945977,"event":{"mods":["2.2 Compatiblity","AchievementEnabler","Act Like it!","Aspiration","BaseMod","Beaked The Cultist","Better Altar","Better Match","Better Note","Better Sensory Stone","Better Skull","Better Third Choice","BetterRewards","Challenge The Spire","Colored Map","Colored Powertips","Conspire","Elementarium","Energized Spire","Hermit","Infinite Spire","Jedi Mod","Minty Spire (QoL Compilation)","Permanent Neow","Potionbrewer","Quick Restart","Replay The Spire","Shop Mod","Spicy Shops","Spikes Relics","StSLib","The Blue Laboratory","The Jungle","Wandering Minibosses","vexMod"],"gold_per_floor":[118,18,34,54,73,73,73],"floor_reached":6,"language":"ENG","playtime":487,"items_purged":["Strike_R","Writhe"],"score":57,"play_id":"6e3286f7-d3e9-4d37-8c69-13360349274c","local_time":"20210117235937","is_ascension_mode":true,"campfire_choices":[],"circlet_count":0,"master_deck":["AscendersBane","Strike_R","Strike_R","Strike_R","Strike_R","Defend_R","Defend_R","Defend_R","Defend_R","Bash","Flex+1","Finesse","Clothesline","ReplayReversal","Uppercut","ReplayTheSpireMod:Corrosion Curse"],"relics":["Burning Blood","vexMod:TimeEaterHat","Replay:Bottled Snecko","SpikesRelics:DaevaFist"],"acts_visited":["Exordium"],"potions_floor_usage":[5,6],"damage_taken":[{"damage":2,"enemies":"Cultist","floor":1,"turns":3},{"damage":16,"enemies":"conspire:RoseBush","floor":3,"turns":7},{"damage":2,"enemies":"Jaw Worm","floor":4,"turns":5},{"damage":11,"enemies":"conspire:2 RoseBushes","floor":5,"turns":5},{"damage":25,"enemies":"3 Sentries","floor":6,"turns":5}],"seed_played":"6547921477857884128","potions_obtained":[{"floor":3,"key":"blueLaboratory:HorrorPotion"}],"is_trial":false,"path_per_floor":["M","$","M","M","M","E"],"character_chosen":"IRONCLAD","items_purchased":["vexMod:TimeEaterHat","Replay:Bottled Snecko","SpikesRelics:DaevaFist","Flex+1","Finesse","Clothesline","Explosive Potion"],"campfire_rested":0,"item_purchase_floors":[0,0,0,0,0,0,0],"current_hp_per_floor":[45,45,35,39,34,9,9],"gold":73,"neow_bonus":"","is_daily":false,"chose_seed":false,"campfire_upgraded":0,"win_rate":0.0,"timestamp":1610945977,"path_taken":["M","$","?","?","M","E"],"items_purchased_type":["Relic","Relic","Relic","Card","Card","Card","Potion"],"build_version":"2020-12-22","purchased_purges":2,"victory":false,"max_hp_per_floor":[80,80,80,80,80,80,80],"card_choices":[{"not_picked":["Twin Strike","Perfected Strike","Body Slam"],"picked":"SKIP","floor":1},{"not_picked":["Reckless Charge","Armaments"],"picked":"ReplayReversal","floor":3},{"not_picked":["True Grit","Warcry"],"picked":"Uppercut","floor":4},{"not_picked":["Iron Wave","Thunderclap"],"picked":"ReplayTheSpireMod:Corrosion Curse","floor":5}],"player_experience":409955,"relics_obtained":[],"event_choices":[],"is_beta":false,"boss_relics":[],"items_purged_floors":[0,2],"is_endless":false,"potions_floor_spawned":[3],"killed_by":"3 Sentries","ascension_level":10}}