{"host":"3498uni0c31c9bdm","time":1610951512,"event":{"mods":["BaseMod","Better Third Choice","Minty Spire (QoL Compilation)","Replay The Spire","StSLib"],"gold_per_floor":[217,392,372,383,22,47,47,61,61,61,86,56,8,8,8],"floor_reached":14,"language":"ENG","playtime":397,"items_purged":[],"score":120,"play_id":"c3e911ad-d4e5-473a-b179-d20804d3c415","local_time":"20210118173152","is_ascension_mode":true,"campfire_choices":[{"floor":7,"key":"RECALL"},{"data":"FIFO Queue","floor":10,"key":"SMITH"}],"circlet_count":0,"master_deck":["Strike_B","Strike_B","Strike_B","Strike_B","Defend_B","Defend_B","Defend_B","Defend_B","Zap","Dualcast","Streamline","Doubt","Conserve Battery","Self Repair","Stack","FIFO Queue+1","White Noise","Ball Lightning","ReplaySolidLightProjector"],"relics":["Cracked Core","Durian","Boot","Prayer Wheel","Odd Mushroom"],"acts_visited":["Exordium"],"potions_floor_usage":[6,14,14],"damage_taken":[{"damage":0,"enemies":"2 Louse","floor":1,"turns":3},{"damage":0,"enemies":"Small Slimes","floor":4,"turns":3},{"damage":20,"enemies":"Gremlin Nob","floor":6,"turns":4},{"damage":6,"enemies":"Cultist","floor":8,"turns":5},{"damage":49,"enemies":"The Mushroom Lair","floor":11,"turns":6},{"damage":6,"enemies":"Looter","floor":12,"turns":4},{"damage":20,"enemies":"3 Sentries","floor":14,"turns":4}],"seed_played":"-5675687461120966439","potions_obtained":[{"floor":3,"key":"Toxic Potion"},{"floor":4,"key":"FocusPotion"}],"is_trial":false,"path_per_floor":["M","?","?","M","$","E","R","M","T","R","?","M","$","E"],"character_chosen":"DEFECT","items_purchased":["Durian","Self Repair","Block Potion"],"campfire_rested":0,"item_purchase_floors":[5,5,13],"current_hp_per_floor":[68,68,68,68,73,60,60,61,61,61,19,20,20,0,0],"gold":8,"neow_bonus":"HUNDRED_GOLD","is_daily":false,"chose_seed":false,"campfire_upgraded":1,"win_rate":0.0,"timestamp":1610951512,"path_taken":["M","?","?","M","$","E","R","?","T","R","?","M","?","E"],"items_purchased_type":["Relic","Card","Potion"],"build_version":"2020-12-22","purchased_purges":0,"victory":false,"max_hp_per_floor":[75,75,75,75,80,80,80,80,80,80,80,80,80,80,80],"card_choices":[{"not_picked":["Skim","Steam"],"picked":"Streamline","floor":1},{"not_picked":["BasicCrystalCard","Beam Cell"],"picked":"Conserve Battery","floor":4},{"not_picked":["Scrape","Rebound"],"picked":"ReplayTheSpireMod:Fabricate Wheel","floor":6},{"not_picked":["Rebound","Cold Snap"],"picked":"Stack","floor":8},{"not_picked":["ReplayTheSpireMod:Reroute Power","Scrape"],"picked":"FIFO Queue","floor":8},{"not_picked":["Gash","Ball Lightning"],"picked":"White Noise","floor":11},{"not_picked":["Leap","Streamline"],"picked":"Ball Lightning","floor":12},{"not_picked":["Sweeping Beam","Go for the Eyes"],"picked":"ReplaySolidLightProjector","floor":12}],"player_experience":705901,"relics_obtained":[{"floor":6,"key":"Boot"},{"floor":11,"key":"Odd Mushroom"}],"event_choices":[{"damage_healed":0,"gold_gain":175,"player_choice":"AGREE","damage_taken":217,"max_hp_gain":0,"max_hp_loss":0,"event_name":"betterThird:BetterSerpent","floor":2,"gold_loss":0},{"damage_healed":0,"gold_gain":0,"player_choice":"Bought 1 Potion","damage_taken":0,"max_hp_gain":0,"max_hp_loss":0,"event_name":"The Woman in Blue","floor":3,"gold_loss":0},{"damage_healed":0,"gold_gain":0,"player_choice":"Fought Mushrooms","damage_taken":0,"max_hp_gain":0,"max_hp_loss":0,"event_name":"Mushrooms","floor":11,"gold_loss":0}],"is_beta":false,"boss_relics":[],"items_purged_floors":[],"is_endless":false,"potions_floor_spawned":[4],"killed_by":"3 Sentries","ascension_level":8}}