{"host":"mmxi1hjn5usmb1ga","time":1610935676,"event":{"mods":["BaseMod","BetterRewards","Downfall","Minty Spire (QoL Compilation)","Quick Restart","READ ME - Guardian Mod","READ ME - Snecko Mod","RumiaBox-露米娅的神秘盒子","Shop Mod","StSLib","Td1madao Mod","The Bug Knight","Yuri Mod","[IsaacMod]以撒尖塔"],"gold_per_floor":[99,134,169,181,181,181,234,234,282,330,389,445,459,117,128,235,235,35,4,104,121,121,121,121,133,230,276,320,359,399,411,437,525,537,449,496,542,363,363,397,467,26,74,107,136,136,136,163,179,179,179,213,41,41,41,41,41],"floor_reached":55,"language":"ZHS","playtime":1888,"items_purged":[],"score":3107,"play_id":"bbeec335-3fbb-451b-888b-8e659d3c2de9","local_time":"20210118100756","daily_mods":["Hoarder","Vintage","Flight","Cursed Run"],"is_ascension_mode":true,"campfire_choices":[{"floor":1.0,"key":"RECALL"},{"data":"Wraith Form v2","floor":18.0,"key":"SMITH"},{"data":"Demon Form","floor":35.0,"key":"SMITH"},{"floor":47,"key":"REST"},{"floor":54,"key":"REST"}],"circlet_count":0,"master_deck":["Demon Form+1","Wraith Form v2+1","Echo Form+1","DevaForm+1","Guardian:ConstructionForm+1","Slimebound:DuplicatedForm+1","sneckomod:SerpentMind+1","yuri:DragonForm+1","yuri:GhostForm+1","hexamod:HexaLevel+1","champ:GladiatorForm+1","AscendersBane","Guardian:Strike_Guardian+1","Guardian:Strike_Guardian+1","Guardian:Strike_Guardian+1","Guardian:Strike_Guardian+1","Guardian:Defend_Guardian+1","Guardian:Defend_Guardian+1","Guardian:Defend_Guardian+1","Guardian:Defend_Guardian+1","Guardian:CurlUp+1","Guardian:TwinSlam+1","BettingIsNotGood+1","BettingIsNotGood+1","BettingIsNotGood+1","downfall:Malfunctioning","downfall:Malfunctioning","downfall:Malfunctioning","downfall:Haunted","downfall:Haunted","downfall:Haunted","Guardian:StasisField+1","Guardian:StasisField+1","Guardian:StasisField+1","Guardian:BronzeArmor+1","Guardian:BronzeArmor+1","Guardian:BronzeArmor+1","Guardian:MultiBeam+1","Guardian:MultiBeam+1","Guardian:MultiBeam+1","downfall:Malfunctioning","downfall:Malfunctioning","downfall:Malfunctioning","Guardian:ExploitGems+1","Guardian:ExploitGems+1","Guardian:ExploitGems+1","Guardian:PolyBeam+1","Guardian:PolyBeam+1","Guardian:PolyBeam+1","Guardian:ArmoredProtocol+1","Guardian:ArmoredProtocol+1","Guardian:ArmoredProtocol+1","Slimebound:CheckThePlaybook+1","Slimebound:CheckThePlaybook+1","Slimebound:CheckThePlaybook+1","downfall:Icky","downfall:Icky","downfall:Icky","Normality","Normality","Normality","Guardian:BaubleBeam+1","Guardian:BaubleBeam+1","Guardian:PrismaticBeam+1","Guardian:PrismaticBeam+1","Guardian:PrismaticBeam+1","downfall:Malfunctioning","downfall:Malfunctioning","downfall:Malfunctioning","Parasite","Parasite","Parasite","Guardian:ConstructionForm+1","Guardian:ConstructionForm+1","Guardian:ConstructionForm+1","Apotheosis+1","Apotheosis+1","Apotheosis+1","Clumsy","Clumsy","Clumsy","Clumsy","Clumsy","Clumsy"],"relics":["Cursed Key","Darkstone Periapt","Du-Vu Doll","HushsDoor","HowToJump","SSSystem","SatanicBible","Sundial","PreservedInsect","Eternal Feather","Nunchaku","Bag of Marbles","DoctorsRemote","MealTicket","Guardian:BottledStasis","Guardian:PocketSentry","HollowMod:StagPassRelic","SoulBox","GuppysHead","RottenBaby","GuppysCollar","Mummified Hand","Guardian:SackOfGems","Singing Bowl","Ginger","MawBank","SecretRecord","Whetstone","Pen Nib","HollowMod:PaleOreRelic","Gremlin Horn","HornCleat","ChampionBelt","GuppysTail","Frozen Egg 2","Anchor","Shuriken","Pear","Bottled Flame","Medical Kit","StoneCalendar","GodSword3","GodSword1","Art of War","BookOfRevelations","Slimebound:PreparedRelic","Toolbox"],"acts_visited":["Exordium","TheCity","TheBeyond","TheEnding"],"potions_floor_usage":[],"damage_taken":[{"damage":12.0,"enemies":"Jaw Worm","floor":2.0,"turns":4.0},{"damage":7.0,"enemies":"Small Slimes","floor":3.0,"turns":5.0},{"damage":9.0,"enemies":"Cultist","floor":4.0,"turns":5.0},{"damage":2.0,"enemies":"Gremlin Nob","floor":9.0,"turns":5.0},{"damage":16.0,"enemies":"HollowMod:MossKnight","floor":10.0,"turns":7.0},{"damage":29.0,"enemies":"Gremlin Nob","floor":11.0,"turns":4.0},{"damage":0.0,"enemies":"HollowMod:MossKnight","floor":12.0,"turns":7.0},{"damage":0.0,"enemies":"Large Slime","floor":13.0,"turns":1.0},{"damage":10.0,"enemies":"downfall:FleeingMerchant","floor":14.0,"turns":4.0},{"damage":0.0,"enemies":"Blue Slaver","floor":15.0,"turns":2.0},{"damage":0.0,"enemies":"IC_STATUS_ARCHETYPE","floor":16.0,"turns":6.0},{"damage":0.0,"enemies":"downfall:FleeingMerchant","floor":19.0,"turns":1.0},{"damage":0.0,"enemies":"SI_SHIV_ARCHETYPE","floor":20.0,"turns":3.0},{"damage":0.0,"enemies":"Spheric Guardian","floor":21.0,"turns":3.0},{"damage":0.0,"enemies":"HollowMod:Nosk","floor":27.0,"turns":1.0},{"damage":13.0,"enemies":"Slavers","floor":28.0,"turns":3.0},{"damage":0.0,"enemies":"Gremlin Leader","floor":29.0,"turns":1.0},{"damage":0.0,"enemies":"HollowMod:Nosk","floor":30.0,"turns":2.0},{"damage":0.0,"enemies":"3 Byrds","floor":32.0,"turns":1.0},{"damage":0.0,"enemies":"DF_ARCHETYPE_CLAW","floor":33.0,"turns":2.0},{"damage":0.0,"enemies":"Giant Head","floor":36.0,"turns":1.0},{"damage":0,"enemies":"Giant Head","floor":37,"turns":2},{"damage":0,"enemies":"Nemesis","floor":40,"turns":3},{"damage":0,"enemies":"2 Orb Walkers","floor":43,"turns":1},{"damage":0,"enemies":"HollowMod:StalkingDevout","floor":44,"turns":1},{"damage":0,"enemies":"Nemesis","floor":45,"turns":1},{"damage":0,"enemies":"Giant Head","floor":48,"turns":3},{"damage":0,"enemies":"Orb Walker","floor":49,"turns":1},{"damage":5,"enemies":"SI_POISON_ARCHETYPE","floor":50,"turns":3},{"damage":0,"enemies":"downfall:CharBossMerchant","floor":52,"turns":1},{"damage":0,"enemies":"downfall:NeowBoss","floor":55,"turns":7}],"seed_played":"8067297374852992059","potions_obtained":[{"floor":4.0,"key":"PowerPotion"},{"floor":9.0,"key":"LiquidMemories"},{"floor":16.0,"key":"champ:CounterPotion"}],"is_trial":true,"path_per_floor":["R","M","M","M","?","?","T","?","E","E","E","E","M","$","M","B",null,"R","$","?","M","?","?","T","$","?","E","E","E","E","T","M","B",null,"R","M","M","$","?","M","T","$","?","E","E","?","R","M","M","B",null,"E","$","R","B"],"character_chosen":"GUARDIAN","items_purchased":["Guardian:BottledStasis","Guardian:PocketSentry","GuppysHead","RottenBaby","GuppysCollar","Mummified Hand","Guardian:ArmoredProtocol","GuppysTail","Apotheosis","Bottled Flame","Medical Kit","Toolbox"],"campfire_rested":2,"item_purchase_floors":[14,14,17,17,17,19,19,34,38,42,42,53],"current_hp_per_floor":[65,58,56,47,65,65,83,57,60,44,25,35,35,40,40,58,80,97,97,99,99,99,117,135,135,103,118,107,112,114,132,132,150,161,165,165,165,165,165,165,193,193,195,197,199,189,189,191,191,204,206,208,209,209,209,209,209],"gold":41,"neow_bonus":"","is_daily":false,"chose_seed":false,"campfire_upgraded":2,"win_rate":0.0,"timestamp":1610935676,"path_taken":["R","M","M","M","?","?","T","?","E","E","E","E","M","$","M","BOSS","R","$","?","?","?","?","T","?","?","E","E","E","E","?","M","BOSS","R","M","M","$","?","?","T","$","?","E","E","?","R","?","M","BOSS","E","$","R","BOSS"],"items_purchased_type":["Relic","Relic","Relic","Relic","Relic","Relic","Card","Relic","Card","Relic","Relic","Relic"],"build_version":"2020-12-22","purchased_purges":0,"victory":false,"max_hp_per_floor":[72,72,72,72,90,90,108,108,108,108,108,108,108,108,108,126,87,97,97,99,99,99,117,135,135,135,135,137,137,139,157,157,175,165,165,165,165,165,165,165,193,193,195,197,199,189,189,191,191,207,207,209,209,209,209,209,209],"card_choices":[{"not_picked":[],"picked":"BettingIsNotGood","floor":0.0},{"not_picked":["Guardian:CrystalBeam","Guardian:TemporalShield","Guardian:BodySlam"],"picked":"SKIP","floor":9.0},{"not_picked":["Guardian:FuturePlans","Guardian:Reroute","Guardian:Gem_Cyan"],"picked":"SKIP","floor":10.0},{"not_picked":["Guardian:CrystalBeam","Guardian:RollAttack"],"picked":"Guardian:StasisField","floor":11.0},{"not_picked":["Guardian:ChargeUp","Guardian:PolyBeam"],"picked":"Guardian:BronzeArmor","floor":12.0},{"not_picked":["Guardian:TemporalStrike","Guardian:PrismaticBeam"],"picked":"Guardian:MultiBeam","floor":14.0},{"not_picked":["Guardian:Gem_Synthetic","Guardian:SphericShield"],"picked":"Guardian:ExploitGems","floor":16.0},{"not_picked":["Guardian:Recover","Guardian:Suspension"],"picked":"Guardian:PolyBeam+1","floor":19.0},{"not_picked":["Guardian:TimeCapacitor","Guardian:CrystalBeam","Guardian:GuardianWhirl"],"picked":"Singing Bowl","floor":20.0},{"not_picked":["Guardian:Gem_Yellow","Guardian:PolyBeam"],"picked":"Guardian:BaubleBeam","floor":27.0},{"not_picked":["Guardian:DonusPower","Guardian:Gem_Orange","Guardian:Gem_Red"],"picked":"Singing Bowl","floor":28.0},{"not_picked":["Guardian:Gem_Orange","Guardian:FloatingOrbs"],"picked":"Guardian:PrismaticBeam","floor":29.0},{"not_picked":["Guardian:RollAttack","Guardian:ShieldSpikes","Guardian:ShieldCharger"],"picked":"Singing Bowl","floor":30.0},{"not_picked":["Guardian:FastForward","Guardian:SphericShield"],"picked":"Guardian:ConstructionForm","floor":33.0},{"not_picked":["Guardian:PiercingHide","Guardian:Gem_Yellow"],"picked":"Guardian:Gem_Blue","floor":37},{"not_picked":["Guardian:PolyBeam","Guardian:DecasProtection","Guardian:Planning+1"],"picked":"Singing Bowl","floor":40},{"not_picked":["Guardian:BronzeArmor","Guardian:SpikerProtocol+1","Guardian:Gem_Lightblue"],"picked":"Singing Bowl","floor":43},{"not_picked":["Guardian:Gem_Red","Guardian:PrimingBeam+1","Guardian:PiercingHide+1"],"picked":"Singing Bowl","floor":44},{"not_picked":["Guardian:Gem_White","Guardian:SentryBeam","Guardian:TemporalStrike+1"],"picked":"Singing Bowl","floor":45},{"not_picked":["Guardian:BronzeArmor","Guardian:Gem_Green","Guardian:SentryBeam"],"picked":"Singing Bowl","floor":48},{"not_picked":["Guardian:Gem_Synthetic","Guardian:PiercingHide","Guardian:Gem_Green"],"picked":"Singing Bowl","floor":52}],"player_experience":696085,"relics_obtained":[{"floor":2.0,"key":"SSSystem"},{"floor":3.0,"key":"SatanicBible"},{"floor":4.0,"key":"Sundial"},{"floor":9.0,"key":"Eternal Feather"},{"floor":10.0,"key":"Nunchaku"},{"floor":11.0,"key":"Bag of Marbles"},{"floor":12.0,"key":"DoctorsRemote"},{"floor":13.0,"key":"MealTicket"},{"floor":15.0,"key":"HollowMod:StagPassRelic"},{"floor":20.0,"key":"Guardian:SackOfGems"},{"floor":20.0,"key":"Singing Bowl"},{"floor":21.0,"key":"Ginger"},{"floor":24.0,"key":"MawBank"},{"floor":27.0,"key":"SecretRecord"},{"floor":28.0,"key":"Whetstone"},{"floor":29.0,"key":"Pen Nib"},{"floor":30.0,"key":"HollowMod:PaleOreRelic"},{"floor":31.0,"key":"Gremlin Horn"},{"floor":32.0,"key":"HornCleat"},{"floor":36,"key":"Frozen Egg 2"},{"floor":37,"key":"Anchor"},{"floor":40,"key":"Shuriken"},{"floor":41,"key":"Pear"},{"floor":43,"key":"StoneCalendar"},{"floor":44,"key":"GodSword3"},{"floor":45,"key":"GodSword1"},{"floor":48,"key":"Art of War"},{"floor":49,"key":"BookOfRevelations"},{"floor":52,"key":"Slimebound:PreparedRelic"}],"event_choices":[{"cards_removed":["bronze:Verify"],"damage_healed":0.0,"max_hp_gain":0.0,"max_hp_loss":0.0,"gold_gain":0.0,"event_name":"The Cleric","player_choice":"Card Removal","floor":6.0,"gold_loss":0.0,"damage_taken":0.0},{"damage_healed":0.0,"max_hp_gain":0.0,"max_hp_loss":0.0,"gold_gain":0.0,"event_name":"Scrap Ooze","player_choice":"Success","floor":8.0,"gold_loss":0.0,"damage_taken":26.0,"relics_obtained":["PreservedInsect"]},{"cards_removed":["Guardian:BaubleBeam"],"damage_healed":0,"gold_gain":0,"player_choice":"Removed Attack","damage_taken":0,"max_hp_gain":0,"max_hp_loss":0,"event_name":"Falling","floor":39,"gold_loss":0},{"damage_healed":0,"gold_gain":0,"player_choice":"Fight","damage_taken":0,"max_hp_gain":0,"max_hp_loss":0,"event_name":"Mysterious Sphere","floor":43,"gold_loss":0}],"is_beta":false,"boss_relics":[{"not_picked":["Empty Cage","Runic Dome"],"picked":"SoulBox"},{"not_picked":[]},{"not_picked":["SlaversCollar","Astrolabe"],"picked":"ChampionBelt"},{"not_picked":[]}],"items_purged_floors":[],"is_endless":false,"potions_floor_spawned":[4,9,12,13,15,16,20,27,30,32,33,37,40,45,48,49,52],"killed_by":"downfall:NeowBoss","ascension_level":20}}