{"host":"ooy9sn8qgs7oliwr","time":1610952490,"event":{"mods":["ATMod(阿瑾Mod)","Act Like it!","BaseMod","BetterRewards","Minty Spire (QoL Compilation)","Pale of the Ancients","Prisma Mod","Remilia_Scarlet Moed（蕾米莉亚・斯卡雷特）3.3.5","Replay The Spire","RumiaBox-露米娅的神秘盒子","StSLib","The Alterego","The Jungle","Yakumo Yukari mod","【遗物卡牌】REMEMod"],"gold_per_floor":[112,187,187,187,39,66,82,117,117,117,142,142,142,160,160,186,186,290,290,309,309,323,323,323,323,371,397,397,416,20,120,138,154,154,251,251,269,322,92,144,0,0,30,44,44,44,44,71,85,99,99,99],"floor_reached":53,"language":"ZHS","playtime":2084,"items_purged":["Strike_B"],"score":1021,"play_id":"a9f477fe-b98e-4c13-b9e5-75192d736df9","local_time":"20210118144810","is_ascension_mode":true,"campfire_choices":[{"data":"alterego_mod:VirginLaserPalladion","floor":10.0,"key":"SMITH"},{"data":"Machine Learning","floor":15.0,"key":"SMITH"},{"data":"Strike_G","floor":17.0,"key":"PURGE"},{"floor":25.0,"key":"REST"},{"floor":34,"key":"REST"},{"floor":42,"key":"RECALL"},{"floor":46,"key":"REST"},{"floor":51,"key":"REST"}],"circlet_count":0,"master_deck":["Strike_B","Strike_B","Strike_B","Defend_B","Defend_B","Defend_B","Defend_B","Zap+1","Dualcast","alterego_mod:VirginLaserPalladion+1","Ball Lightning","Redo","Machine Learning+1","AT_EMC2","AT_RightCognition+1","Echo Form+1","Multi-Cast","White Noise+1","AT_ThreeBodyProblem"],"relics":["Cracked Core","AT_ATBox","REME_ComplimentaryCards","Tiny Chest","AT_RedNoBalance","Bronze Scales","Pet Ghost","MagicDraw2","Pen Nib","Replay:Fungal Core","MutagenicStrength","Strawberry","Bag of Marbles","AT_BellowingDragoncrestRing","Meat on the Bone","Lee\u0027s Waffle","Gambling Chip","Iron Hammer","Ring of Chaos","Counterbalance","Guide Book","AT_ArchangelStaff","Red Mask","Pantograph","GodSword5","Kunai"],"acts_visited":["Exordium","TheCity","TheBeyond"],"potions_floor_usage":[27,31,31,38,38,49,52,52],"damage_taken":[{"damage":1.0,"enemies":"Cultist","floor":1.0,"turns":3.0},{"damage":0.0,"enemies":"Replay:BlueRogue","floor":6.0,"turns":4.0},{"damage":0.0,"enemies":"2 Louse","floor":7.0,"turns":1.0},{"damage":19.0,"enemies":"Lagavulin","floor":8.0,"turns":5.0},{"damage":8.0,"enemies":"Gremlin Nob","floor":11.0,"turns":3.0},{"damage":0.0,"enemies":"Small Slimes","floor":14.0,"turns":2.0},{"damage":4.0,"enemies":"Replay:BlueRogue","floor":16.0,"turns":4.0},{"damage":36.0,"enemies":"Slime Boss","floor":18.0,"turns":7.0},{"damage":0.0,"enemies":"Spheric Guardian","floor":20.0,"turns":3.0},{"damage":0.0,"enemies":"Shell Parasite","floor":22.0,"turns":4.0},{"damage":41,"enemies":"Slavers","floor":27,"turns":4},{"damage":11,"enemies":"Snake Plant","floor":29,"turns":2},{"damage":19,"enemies":"Colosseum Slavers","floor":31,"turns":3},{"damage":15,"enemies":"Colosseum Nobs","floor":31,"turns":4},{"damage":18,"enemies":"Shelled Parasite and Fungi","floor":32,"turns":3},{"damage":0,"enemies":"Chosen and Byrds","floor":33,"turns":3},{"damage":22,"enemies":"Automaton","floor":35,"turns":5},{"damage":20,"enemies":"Orb Walker","floor":37,"turns":3},{"damage":5,"enemies":"2 Orb Walkers","floor":38,"turns":4},{"damage":32,"enemies":"Reptomancer","floor":43,"turns":4},{"damage":35,"enemies":"3 Darklings","floor":44,"turns":4},{"damage":14,"enemies":"Nemesis","floor":48,"turns":5},{"damage":20,"enemies":"Sphere and 2 Shapes","floor":49,"turns":4},{"damage":21,"enemies":"4 Shapes","floor":50,"turns":3},{"damage":33,"enemies":"Time Eater","floor":52,"turns":6}],"seed_played":"206562654802295611","potions_obtained":[{"floor":1.0,"key":"LiquidBronze"},{"floor":6.0,"key":"EssenceOfSteel"},{"floor":14.0,"key":"FocusPotion"},{"floor":16.0,"key":"PowerPotion"},{"floor":20.0,"key":"LifebloodPotion"},{"floor":27,"key":"Swift Potion"},{"floor":29,"key":"SteroidPotion"},{"floor":33,"key":"SpeedPotion"},{"floor":37,"key":"Adrenaline Potion"},{"floor":38,"key":"SteroidPotion"},{"floor":44,"key":"Languid Potion"},{"floor":50,"key":"Energy Potion"}],"is_trial":false,"path_per_floor":["M","?","?","?","$","E","M","E","T","R","E","PTL","PTL","M","R","E","R","B",null,"M","?","M","?","?","R","T","E","T","M","$","?","M","M","R","B",null,"M","?","$","T","?","R","E","M","T","R","?","E","M","M","R","B",null],"character_chosen":"DEFECT","items_purchased":["Tiny Chest","Meat on the Bone","Lee\u0027s Waffle","Guide Book"],"campfire_rested":4,"item_purchase_floors":[5,30,30,39],"current_hp_per_floor":[88,77,77,77,77,77,44,25,25,25,36,36,36,44,44,40,40,8,89,44,27,27,27,27,55,62,21,21,10,108,74,56,56,88,66,108,88,83,83,83,83,83,63,40,40,80,80,66,61,55,95,75],"gold":99,"neow_bonus":"TWENTY_PERCENT_HP_BONUS","is_daily":false,"chose_seed":false,"campfire_upgraded":2,"win_rate":0.0,"timestamp":1610952490,"path_taken":["M","?","?","?","$","E","M","E","T","R","E","PTL","PTL","M","R","E","R","BOSS","M","?","M","?","?","R","?","E","T","?","$","?","M","M","R","BOSS","M","?","$","?","?","R","E","M","T","R","?","E","M","M","R","BOSS"],"items_purchased_type":["Relic","Relic","Relic","Relic"],"build_version":"2020-12-22","purchased_purges":1,"victory":true,"max_hp_per_floor":[89,89,89,89,89,89,89,89,89,89,89,89,89,89,89,89,89,89,89,89,94,94,94,94,94,101,101,101,101,108,108,108,108,108,108,108,108,108,108,108,108,108,108,108,108,108,108,108,108,108,108,108],"card_choices":[{"not_picked":["FIFO Queue","Stack"],"picked":"Ball Lightning","floor":1.0},{"not_picked":["Beam Cell","Double Energy"],"picked":"Redo","floor":6.0},{"not_picked":["Cold Snap","Barrage"],"picked":"Machine Learning","floor":7.0},{"not_picked":["Turbo","Compile Driver","Steam Power"],"picked":"SKIP","floor":8.0},{"not_picked":["Reprogram","Go for the Eyes"],"picked":"AT_EMC2","floor":11.0},{"not_picked":["Hello World","Storm","Hologram"],"picked":"SKIP","floor":14.0},{"not_picked":["Steam","Cold Snap"],"picked":"AT_RightCognition","floor":16.0},{"not_picked":["AT_WaterDrop","Core Surge"],"picked":"Echo Form","floor":18.0},{"not_picked":["Cold Snap","Panic Button+1","Aggregate+1"],"picked":"SKIP","floor":20.0},{"not_picked":["Leap","ReplayTheSpireMod:Repulse","Redo"],"picked":"SKIP","floor":22.0},{"not_picked":["AT_HeatAcrobatics","Sweeping Beam","Beam Cell"],"picked":"SKIP","floor":27},{"not_picked":["Leap","Rebound"],"picked":"Multi-Cast","floor":29},{"not_picked":["AT_HeatAcrobatics","Ball Lightning","Hello World"],"picked":"SKIP","floor":32},{"not_picked":["Machine Learning","Capacitor"],"picked":"White Noise+1","floor":33},{"not_picked":["Coolheaded","BasicCrystalCard+1","Turbo"],"picked":"SKIP","floor":37},{"not_picked":["Fusion","Darkness+1","Time Bomb"],"picked":"SKIP","floor":43},{"not_picked":["BasicCrystalCard+1","Scrape+1","AT_HeatAcrobatics"],"picked":"SKIP","floor":44},{"not_picked":["Darkness","Hologram+1","AT_RightCognition"],"picked":"SKIP","floor":48},{"not_picked":["Streamline","BasicCrystalCard"],"picked":"AT_ThreeBodyProblem","floor":49},{"not_picked":["ReplayTheSpireMod:Repulse","Stack","AT_WarpDrive"],"picked":"SKIP","floor":50}],"player_experience":26489,"relics_obtained":[{"floor":6.0,"key":"AT_SilverBalance"},{"floor":8.0,"key":"Bronze Scales"},{"floor":9.0,"key":"Pet Ghost"},{"floor":11.0,"key":"MagicDraw2"},{"floor":16.0,"key":"Pen Nib"},{"floor":26.0,"key":"Strawberry"},{"floor":27,"key":"Bag of Marbles"},{"floor":28,"key":"AT_BellowingDragoncrestRing"},{"floor":31,"key":"Gambling Chip"},{"floor":31,"key":"Iron Hammer"},{"floor":38,"key":"Counterbalance"},{"floor":40,"key":"AT_ArchangelStaff"},{"floor":43,"key":"Pantograph"},{"floor":45,"key":"GodSword5"},{"floor":48,"key":"Kunai"}],"event_choices":[{"damage_healed":0.0,"max_hp_gain":0.0,"max_hp_loss":0.0,"gold_gain":75.0,"event_name":"World of Goop","player_choice":"Gather Gold","floor":2.0,"gold_loss":0.0,"damage_taken":11.0},{"cards_removed":["PrismaMod:MiyuCommonAttack"],"damage_healed":0.0,"max_hp_gain":0.0,"max_hp_loss":0.0,"gold_gain":0.0,"event_name":"Living Wall","player_choice":"Forget","floor":4.0,"gold_loss":0.0,"damage_taken":0.0},{"damage_healed":0.0,"max_hp_gain":5.0,"max_hp_loss":0.0,"gold_gain":0.0,"event_name":"Forgotten Altar","player_choice":"Shed Blood","floor":21.0,"gold_loss":0.0,"damage_taken":22.0},{"damage_healed":0.0,"max_hp_gain":0.0,"max_hp_loss":0.0,"gold_gain":0.0,"event_name":"Drug Dealer","player_choice":"Inject Mutagens","floor":23.0,"gold_loss":0.0,"damage_taken":0.0,"relics_obtained":["MutagenicStrength"]},{"damage_healed":0.0,"max_hp_gain":0.0,"max_hp_loss":0.0,"gold_gain":0.0,"event_name":"Vampires","player_choice":"Ignored","floor":24.0,"gold_loss":0.0,"damage_taken":0.0},{"damage_healed":0,"gold_gain":0,"player_choice":"Fight","damage_taken":0,"max_hp_gain":0,"max_hp_loss":0,"event_name":"Colosseum","floor":31,"gold_loss":0},{"damage_healed":0,"gold_gain":0,"player_choice":"Fought Nobs","damage_taken":0,"max_hp_gain":0,"max_hp_loss":0,"event_name":"Colosseum","floor":31,"gold_loss":0},{"damage_healed":0,"gold_gain":0,"player_choice":"Fight","damage_taken":0,"max_hp_gain":0,"max_hp_loss":0,"event_name":"Mysterious Sphere","floor":38,"gold_loss":0},{"damage_healed":0,"gold_gain":0,"player_choice":"Paid","damage_taken":0,"relics_obtained":["Red Mask"],"max_hp_gain":0,"max_hp_loss":0,"event_name":"Tomb of Lord Red Mask","floor":41,"gold_loss":144}],"is_beta":false,"boss_relics":[{"not_picked":["Sozu","SacredBark"],"picked":"Replay:Fungal Core"},{"not_picked":["Honey Jar","Cursed Key"],"picked":"Ring of Chaos"}],"items_purged_floors":[39],"is_endless":false,"potions_floor_spawned":[1,6,14,16,20,27,29,31,33,37,38,44,50],"ascension_level":1}}