{"host":"5ty8fyb0ngp9gspj","time":1610933515,"event":{"mods":["2.2 Compatiblity","AchievementEnabler","Act Like it!","BaseMod","Colored Map","Downfall","Hubris","Minty Spire (QoL Compilation)","Rare Cards Sparkle","Relic Stats","StSLib","The Jungle","slay the spire mod where everything is the same but ironclad has a cowboy hat"],"gold_per_floor":[118,118,133,58,72,72,72,72],"floor_reached":7,"language":"ENG","playtime":236,"items_purged":["Strike_R"],"score":51,"play_id":"407e16a4-be4a-45ed-9371-64c99caf7690","local_time":"20210118123155","is_ascension_mode":true,"campfire_choices":[{"data":"Bash","floor":6,"key":"SMITH"}],"circlet_count":0,"master_deck":["Strike_R","Strike_R","Strike_R","Strike_R","Defend_R","Defend_R","Defend_R","Defend_R","Bash+1","Heavy Blade"],"relics":["Mark of Pain","hubris:ChampionShield"],"acts_visited":["Exordium"],"potions_floor_usage":[],"damage_taken":[{"damage":9,"enemies":"Small Slimes","floor":1,"turns":5},{"damage":8,"enemies":"Jaw Worm","floor":3,"turns":4},{"damage":1,"enemies":"Cultist","floor":5,"turns":3},{"damage":58,"enemies":"3 Sentries","floor":7,"turns":8}],"seed_played":"-6734508214880228432","potions_obtained":[],"is_trial":false,"path_per_floor":["M","?","M","$","M","R","E"],"character_chosen":"IRONCLAD","items_purchased":[],"campfire_rested":0,"item_purchase_floors":[],"current_hp_per_floor":[71,64,56,56,55,55,0,0],"gold":72,"neow_bonus":"BOSS_RELIC","is_daily":false,"chose_seed":false,"campfire_upgraded":1,"win_rate":0.0,"timestamp":1610933515,"path_taken":["M","?","M","$","M","R","E"],"items_purchased_type":[],"build_version":"2020-12-22","purchased_purges":1,"victory":false,"max_hp_per_floor":[80,80,80,80,80,80,80,80],"relic_stats":{"counters":[4,20],"obtain_stats":[{"Mark of Pain":0,"hubris:ChampionShield":2,"Burning Blood":0},{"Mark of Pain":0,"hubris:ChampionShield":1,"Burning Blood":0},{"Mark of Pain":0,"hubris:ChampionShield":5,"Burning Blood":0}]},"card_choices":[{"not_picked":["Warcry","Flame Barrier","Twin Strike"],"picked":"SKIP","floor":1},{"not_picked":["Havoc","True Grit"],"picked":"Heavy Blade","floor":3},{"not_picked":["hubris:ReadiedAction","Infernal Blade","Clash"],"picked":"SKIP","floor":5}],"player_experience":387588,"relics_obtained":[],"event_choices":[{"damage_healed":0,"gold_gain":0,"player_choice":"Success","damage_taken":7,"relics_obtained":["hubris:ChampionShield"],"max_hp_gain":0,"max_hp_loss":0,"event_name":"Scrap Ooze","floor":2,"gold_loss":0}],"is_beta":false,"boss_relics":[],"items_purged_floors":[4],"is_endless":false,"potions_floor_spawned":[],"killed_by":"3 Sentries","ascension_level":5}}