{"host":"cf32014d19ld5mat","time":1610973809,"event":{"mods":["AchievementEnabler","BaseMod","Block Reminder","Minty Spire (QoL Compilation)","Random Character Button","Relic Stats","StSLib"],"gold_per_floor":[20,37,37,37,37,37,64,77,77,107,107,107,117,117,117,212,212,231,249,249,249,264,294,305,331,381,407,153,153,252,280,280,377,377,390,402,452,467,478,505,525,525,573,586,586,586,604,620,620,620,620,620,7,37,37],"floor_reached":56,"language":"ENG","playtime":3634,"items_purged":["Writhe"],"score":1876,"play_id":"3174944a-2a4a-4023-99a6-4afc2a0989c2","local_time":"20210118124329","is_ascension_mode":true,"campfire_choices":[{"data":"Blasphemy","floor":6.0,"key":"SMITH"},{"data":"Consecrate","floor":11.0,"key":"SMITH"},{"data":"Meditate","floor":15.0,"key":"SMITH"},{"data":"Collect","floor":29.0,"key":"SMITH"},{"data":"Conclude","floor":32.0,"key":"SMITH"},{"floor":45,"key":"RECALL"},{"data":"1","floor":49,"key":"LIFT"},{"data":"Tantrum","floor":52,"key":"SMITH"}],"circlet_count":0,"master_deck":["AscendersBane","Eruption+1","Vigilance","Blasphemy+1","WaveOfTheHand","BowlingBash","WindmillStrike","Meditate+1","Consecrate+1","Protect","DeusExMachina","SpiritShield","ReachHeaven","Conclude+1","Collect+1","WaveOfTheHand","EmptyMind","Tantrum+1","Ghostly","Ghostly","Ghostly","Ghostly","Ghostly","EmptyBody","EmptyMind+1","TalkToTheHand","Protect+1","FearNoEvil","DevaForm+1","FlurryOfBlows+1","MentalFortress+1","Flash of Steel","Fasting2+1"],"relics":["PureWater","InkBottle","Yang","Frozen Egg 2","Pandora\u0027s Box","Centennial Puzzle","Dead Branch","Eternal Feather","Smiling Mask","The Courier","Mercury Hourglass","VioletLotus","Girya","Orichalcum","Chemical X","Damaru","Nunchaku","Pen Nib","Gambling Chip"],"acts_visited":["Exordium","TheCity","TheBeyond","TheEnding"],"potions_floor_usage":[50,50,55],"damage_taken":[{"damage":0.0,"enemies":"Small Slimes","floor":1.0,"turns":3.0},{"damage":7.0,"enemies":"Jaw Worm","floor":2.0,"turns":3.0},{"damage":27.0,"enemies":"3 Sentries","floor":7.0,"turns":5.0},{"damage":0.0,"enemies":"2 Louse","floor":8.0,"turns":1.0},{"damage":10.0,"enemies":"Gremlin Nob","floor":10.0,"turns":3.0},{"damage":4.0,"enemies":"Looter","floor":13.0,"turns":3.0},{"damage":15.0,"enemies":"Slime Boss","floor":16.0,"turns":4.0},{"damage":6.0,"enemies":"3 Byrds","floor":18.0,"turns":2.0},{"damage":23.0,"enemies":"Shell Parasite","floor":19.0,"turns":3.0},{"damage":2.0,"enemies":"3 Cultists","floor":22.0,"turns":3.0},{"damage":3.0,"enemies":"Book of Stabbing","floor":23.0,"turns":5.0},{"damage":2.0,"enemies":"Centurion and Healer","floor":24.0,"turns":4.0},{"damage":6.0,"enemies":"Slavers","floor":25.0,"turns":5.0},{"damage":1.0,"enemies":"Gremlin Leader","floor":27.0,"turns":4.0},{"damage":0.0,"enemies":"Book of Stabbing","floor":31.0,"turns":4.0},{"damage":1.0,"enemies":"Collector","floor":33.0,"turns":6.0},{"damage":2.0,"enemies":"3 Darklings","floor":35.0,"turns":3.0},{"damage":0.0,"enemies":"3 Shapes","floor":36.0,"turns":3.0},{"damage":1.0,"enemies":"Mind Bloom Boss Battle","floor":37.0,"turns":3.0},{"damage":13.0,"enemies":"Writhing Mass","floor":38.0,"turns":7.0},{"damage":10.0,"enemies":"3 Darklings","floor":39.0,"turns":4.0},{"damage":5,"enemies":"Giant Head","floor":40,"turns":7},{"damage":3,"enemies":"Spire Growth","floor":41,"turns":5},{"damage":0,"enemies":"4 Shapes","floor":44,"turns":5},{"damage":0,"enemies":"Jaw Worm Horde","floor":47,"turns":2},{"damage":0,"enemies":"Maw","floor":48,"turns":7},{"damage":2,"enemies":"Awakened One","floor":50,"turns":9},{"damage":0,"enemies":"Shield and Spear","floor":54,"turns":7},{"damage":19,"enemies":"The Heart","floor":55,"turns":7}],"seed_played":"-1185906731215544071","potions_obtained":[{"floor":7.0,"key":"Ancient Potion"},{"floor":13.0,"key":"SpeedPotion"},{"floor":16.0,"key":"AttackPotion"},{"floor":19.0,"key":"Weak Potion"},{"floor":23.0,"key":"DistilledChaos"},{"floor":25.0,"key":"Regen Potion"},{"floor":35.0,"key":"Regen Potion"},{"floor":36.0,"key":"AttackPotion"},{"floor":41,"key":"Dexterity Potion"},{"floor":54,"key":"Fruit Juice"}],"is_trial":false,"path_per_floor":["M","M","?","?","?","R","E","M","T","E","R","?","M","?","R","B",null,"M","M","?","?","M","E","M","E","T","E","$","R","?","E","R","B",null,"M","M","?","M","M","E","M","?","T","M","R","?","M","M","R","B",null,"R","$","E","B",null],"character_chosen":"WATCHER","items_purchased":["Mercury Hourglass","Chemical X","Damaru","Nunchaku","Fasting2+1","Energy Potion","Strength Potion","Pen Nib"],"campfire_rested":0,"item_purchase_floors":[28,53,53,53,53,53,53,53],"current_hp_per_floor":[65,58,51,37,61,61,34,34,34,24,24,24,20,20,20,5,55,49,26,26,26,24,21,19,13,13,12,12,27,27,27,36,35,36,34,34,33,20,19,14,11,11,11,11,29,29,29,29,36,34,36,36,36,36,17],"gold":37,"neow_bonus":"THREE_RARE_CARDS","is_daily":false,"chose_seed":false,"campfire_upgraded":6,"win_rate":0.0,"timestamp":1610973809,"path_taken":["M","M","?","?","?","R","E","M","T","E","R","?","M","?","R","BOSS","M","M","?","?","M","E","M","E","T","E","$","R","?","E","R","BOSS","M","M","?","M","M","E","M","?","T","M","R","?","M","M","R","BOSS","R","$","E","BOSS"],"items_purchased_type":["Relic","Relic","Relic","Relic","Card","Potion","Potion","Relic"],"build_version":"2020-12-22","purchased_purges":1,"victory":true,"max_hp_per_floor":[72,72,72,72,72,72,72,72,72,72,72,72,72,72,72,72,72,72,72,36,36,36,36,36,36,36,36,36,36,36,36,36,36,36,36,36,36,36,36,36,36,36,36,36,36,36,36,36,36,36,36,36,36,36,36],"relic_stats":{"counters":[29,127],"Dead Branch":[250],"Yang":[295],"Eternal Feather":49,"Pen Nib":[3],"Orichalcum":[66],"Smiling Mask":10,"Mercury Hourglass":[316],"Centennial Puzzle":[42],"Nunchaku":[3],"Gambling Chip":[1],"Pandora\u0027s Box":["SpiritShield","ReachHeaven","Conclude","Collect","WaveOfTheHand","EmptyMind","WheelKick"],"VioletLotus":[27],"Chemical X":[4],"obtain_stats":[{"Girya":37,"Dead Branch":23,"Damaru":53,"Yang":9,"Eternal Feather":25,"The Courier":27,"Pen Nib":53,"Frozen Egg 2":10,"Orichalcum":40,"Smiling Mask":26,"Mercury Hourglass":28,"Centennial Puzzle":21,"Nunchaku":53,"Gambling Chip":54,"Pandora\u0027s Box":17,"VioletLotus":34,"Chemical X":53,"PureWater":0,"InkBottle":7},{"Girya":19,"Dead Branch":11,"Damaru":27,"Yang":4,"Eternal Feather":13,"The Courier":14,"Pen Nib":27,"Frozen Egg 2":5,"Orichalcum":22,"Smiling Mask":13,"Mercury Hourglass":14,"Centennial Puzzle":9,"Nunchaku":27,"Gambling Chip":28,"Pandora\u0027s Box":7,"VioletLotus":16,"Chemical X":27,"PureWater":0,"InkBottle":3},{"Girya":67,"Dead Branch":35,"Damaru":113,"Yang":12,"Eternal Feather":44,"The Courier":48,"Pen Nib":113,"Frozen Egg 2":15,"Orichalcum":85,"Smiling Mask":44,"Mercury Hourglass":48,"Centennial Puzzle":27,"Nunchaku":113,"Gambling Chip":120,"Pandora\u0027s Box":22,"VioletLotus":58,"Chemical X":113,"PureWater":0,"InkBottle":11}],"InkBottle":[60]},"card_choices":[{"not_picked":["DeusExMachina","MasterReality"],"picked":"Blasphemy","floor":0.0},{"not_picked":["PathToVictory","Vengeance"],"picked":"WaveOfTheHand","floor":1.0},{"not_picked":["Crescendo","EmptyBody"],"picked":"BowlingBash","floor":2.0},{"not_picked":["Pray","Vault"],"picked":"WindmillStrike","floor":7.0},{"not_picked":["Fasting2","JustLucky"],"picked":"Meditate","floor":8.0},{"not_picked":["JustLucky","BattleHymn+1"],"picked":"Consecrate","floor":10.0},{"not_picked":["FlyingSleeves","Meditate"],"picked":"Protect","floor":13.0},{"not_picked":["DevaForm+1","MasterReality+1"],"picked":"DeusExMachina","floor":16.0},{"not_picked":["BattleHymn+1","SandsOfTime+1"],"picked":"Tantrum","floor":18.0},{"not_picked":["Pray","Halt","Consecrate"],"picked":"SKIP","floor":19.0},{"not_picked":["EmptyBody","Tantrum","Crescendo+1"],"picked":"SKIP","floor":22.0},{"not_picked":["Tantrum","Crescendo+1"],"picked":"EmptyBody","floor":22.0},{"not_picked":["Tantrum","EmptyFist"],"picked":"EmptyMind+1","floor":23.0},{"not_picked":["ClearTheMind","Collect+1"],"picked":"TalkToTheHand","floor":24.0},{"not_picked":["Indignation","FlyingSleeves+1"],"picked":"Protect+1","floor":25.0},{"not_picked":["Blasphemy","Protect+1","EmptyFist"],"picked":"SKIP","floor":27.0},{"not_picked":["EmptyFist","EmptyBody"],"picked":"FearNoEvil","floor":31.0},{"not_picked":["Vault","ConjureBlade"],"picked":"DevaForm+1","floor":33.0},{"not_picked":["BowlingBash","InnerPeace+1"],"picked":"FlurryOfBlows+1","floor":35.0},{"not_picked":["BowlingBash+1","Crescendo+1","SashWhip+1"],"picked":"SKIP","floor":36.0},{"not_picked":["WindmillStrike+1","Tantrum","Vengeance"],"picked":"SKIP","floor":38.0},{"not_picked":["EmptyMind","Wallop+1"],"picked":"MentalFortress+1","floor":39.0},{"not_picked":["Protect","ReachHeaven","Halt+1"],"picked":"SKIP","floor":40},{"not_picked":["Crescendo","Collect+1","Study+1"],"picked":"SKIP","floor":41},{"not_picked":["WaveOfTheHand","SandsOfTime","ThirdEye"],"picked":"SKIP","floor":44},{"not_picked":["Mind Blast","Madness"],"picked":"Flash of Steel","floor":46},{"not_picked":["ClearTheMind+1","SashWhip","FlurryOfBlows+1"],"picked":"SKIP","floor":47},{"not_picked":["CarveReality+1","BowlingBash+1","ClearTheMind+1"],"picked":"SKIP","floor":48},{"not_picked":["Consecrate","ThirdEye+1","ClearTheMind+1"],"picked":"SKIP","floor":54}],"player_experience":983463,"relics_obtained":[{"floor":7.0,"key":"InkBottle"},{"floor":9.0,"key":"Yang"},{"floor":10.0,"key":"Frozen Egg 2"},{"floor":23.0,"key":"Dead Branch"},{"floor":25.0,"key":"Eternal Feather"},{"floor":26.0,"key":"Smiling Mask"},{"floor":27.0,"key":"The Courier"},{"floor":37.0,"key":"Girya"},{"floor":40,"key":"Orichalcum"},{"floor":54,"key":"Gambling Chip"}],"event_choices":[{"cards_removed":["Defend_P"],"damage_healed":0.0,"max_hp_gain":0.0,"max_hp_loss":0.0,"gold_gain":0.0,"event_name":"Golden Wing","player_choice":"Card Removal","floor":3.0,"gold_loss":0.0,"damage_taken":7.0},{"damage_healed":0.0,"max_hp_gain":0.0,"max_hp_loss":0.0,"gold_gain":0.0,"event_name":"Shining Light","player_choice":"Entered Light","floor":4.0,"gold_loss":0.0,"damage_taken":14.0,"cards_upgraded":["Strike_P","Strike_P"]},{"damage_healed":24.0,"max_hp_gain":0.0,"max_hp_loss":0.0,"gold_gain":0.0,"event_name":"Big Fish","player_choice":"Banana","floor":5.0,"gold_loss":0.0,"damage_taken":0.0},{"damage_healed":0.0,"max_hp_gain":0.0,"max_hp_loss":0.0,"gold_gain":0.0,"event_name":"Living Wall","player_choice":"Grow","floor":12.0,"gold_loss":0.0,"damage_taken":0.0,"cards_upgraded":["Eruption"]},{"damage_healed":0.0,"max_hp_gain":0.0,"max_hp_loss":0.0,"gold_gain":0.0,"event_name":"Liars Game","player_choice":"Ignored","floor":14.0,"gold_loss":0.0,"damage_taken":0.0},{"damage_healed":0.0,"max_hp_gain":0.0,"max_hp_loss":36.0,"gold_gain":0.0,"event_name":"Ghosts","player_choice":"Became a Ghost","floor":20.0,"gold_loss":0.0,"damage_taken":0.0,"cards_obtained":["Ghostly","Ghostly","Ghostly","Ghostly","Ghostly"]},{"damage_healed":0.0,"max_hp_gain":0.0,"max_hp_loss":0.0,"gold_gain":0.0,"event_name":"The Mausoleum","player_choice":"Opened","floor":21.0,"gold_loss":0.0,"damage_taken":0.0,"relics_obtained":["Centennial Puzzle"],"cards_obtained":["Writhe"]},{"damage_healed":0.0,"max_hp_gain":0.0,"max_hp_loss":0.0,"gold_gain":99.0,"event_name":"Nest","player_choice":"Stole From Cult","floor":30.0,"gold_loss":0.0,"damage_taken":0.0},{"damage_healed":0.0,"max_hp_gain":0.0,"max_hp_loss":0.0,"gold_gain":0.0,"event_name":"MindBloom","player_choice":"Fight","floor":37.0,"gold_loss":0.0,"damage_taken":0.0},{"cards_removed":["WheelKick"],"damage_healed":0,"gold_gain":0,"player_choice":"Removed Attack","damage_taken":0,"max_hp_gain":0,"max_hp_loss":0,"event_name":"Falling","floor":42,"gold_loss":0},{"damage_healed":0,"gold_gain":0,"player_choice":"Memory 1","damage_taken":0,"max_hp_gain":0,"max_hp_loss":0,"event_name":"SensoryStone","floor":46,"gold_loss":0}],"is_beta":false,"boss_relics":[{"not_picked":["Astrolabe","Cursed Key"],"picked":"Pandora\u0027s Box"},{"not_picked":["Sozu","Runic Dome"],"picked":"VioletLotus"}],"items_purged_floors":[28],"is_endless":false,"potions_floor_spawned":[7,13,16,19,23,25,31,35,36,38,41,44,47,54],"ascension_level":10}}