{"host":"khm4we1ijduz33xh","time":1610977618,"event":{"mods":["AchievementEnabler","BaseMod","Colored Map","Minty Spire (QoL Compilation)","Rare Cards Sparkle","StSLib","SuperFastMode"],"gold_per_floor":[16,29,41,60,77,77,108,128,128,143,174,231,231,264,264,360,360,376,391,99,134,233,233,268,268,268,297,94,94,31,46,46,146,146,161,11,11,11,25,51,51,51,119,152,206,7,7,37,37,37],"floor_reached":51,"language":"KOR","playtime":2381,"items_purged":["Strike_P","Strike_P","Strike_P","SignatureMove","Defend_P"],"score":1367,"play_id":"2e28d51a-d91d-4cd6-9d31-6c1d3232a0fb","local_time":"20210118224658","is_ascension_mode":true,"campfire_choices":[{"data":"Eruption","floor":6.0,"key":"SMITH"},{"data":"Judgement","floor":13,"key":"SMITH"},{"floor":15,"key":"REST"},{"data":"Adaptation","floor":23,"key":"SMITH"},{"data":"FearNoEvil","floor":25,"key":"SMITH"},{"data":"WheelKick","floor":29,"key":"SMITH"},{"floor":32,"key":"REST"},{"floor":42,"key":"RECALL"},{"floor":47,"key":"DIG"},{"floor":49,"key":"DIG"}],"circlet_count":0,"master_deck":["Defend_P","Defend_P","Eruption+1","Vigilance","WheelKick+1","Swivel","Judgement+1","Halt","Adaptation+1","FlurryOfBlows","TalkToTheHand","FearNoEvil+1","Deep Breath","Evaluate","Tantrum+1"],"relics":["PureWater","Vajra","Dream Catcher","InkBottle","Centennial Puzzle","HornCleat","VioletLotus","Nunchaku","Red Mask","Bag of Preparation","Damaru","Membership Card","Fusion Hammer","TheAbacus","Pantograph","Sundial","Ginger","Shovel","Potion Belt","Gremlin Horn","Meat on the Bone","Blue Candle"],"acts_visited":["Exordium","TheCity","TheBeyond"],"potions_floor_usage":[12,14,24,44,48,50,50],"damage_taken":[{"damage":7.0,"enemies":"Jaw Worm","floor":1.0,"turns":3.0},{"damage":0.0,"enemies":"2 Louse","floor":2.0,"turns":2.0},{"damage":0.0,"enemies":"Small Slimes","floor":3.0,"turns":3.0},{"damage":0.0,"enemies":"2 Fungi Beasts","floor":4.0,"turns":2.0},{"damage":3.0,"enemies":"Large Slime","floor":5.0,"turns":3.0},{"damage":0.0,"enemies":"Lagavulin","floor":7.0,"turns":4.0},{"damage":8.0,"enemies":"Lots of Slimes","floor":8.0,"turns":3.0},{"damage":2.0,"enemies":"Blue Slaver","floor":10.0,"turns":3.0},{"damage":0.0,"enemies":"Gremlin Nob","floor":11.0,"turns":2.0},{"damage":0,"enemies":"Gremlin Nob","floor":12,"turns":2},{"damage":0,"enemies":"Lagavulin","floor":14,"turns":3},{"damage":70,"enemies":"Hexaghost","floor":16,"turns":10},{"damage":9,"enemies":"Chosen","floor":18,"turns":3},{"damage":1,"enemies":"Shell Parasite","floor":19,"turns":3},{"damage":4,"enemies":"Masked Bandits","floor":21,"turns":2},{"damage":0,"enemies":"Book of Stabbing","floor":24,"turns":3},{"damage":20,"enemies":"Gremlin Leader","floor":27,"turns":5},{"damage":0,"enemies":"3 Cultists","floor":31,"turns":3},{"damage":0,"enemies":"Automaton","floor":33,"turns":6},{"damage":0,"enemies":"Orb Walker","floor":35,"turns":1},{"damage":0,"enemies":"3 Darklings","floor":39,"turns":4},{"damage":0,"enemies":"Reptomancer","floor":40,"turns":4},{"damage":0,"enemies":"Giant Head","floor":44,"turns":6},{"damage":0,"enemies":"2 Orb Walkers","floor":45,"turns":3},{"damage":0,"enemies":"Reptomancer","floor":48,"turns":4},{"damage":0,"enemies":"Donu and Deca","floor":50,"turns":5}],"seed_played":"5900261658329693049","potions_obtained":[{"floor":2.0,"key":"BlessingOfTheForge"},{"floor":3.0,"key":"GamblersBrew"},{"floor":4.0,"key":"SpeedPotion"},{"floor":12,"key":"LiquidMemories"},{"floor":14,"key":"Ambrosia"},{"floor":21,"key":"DuplicationPotion"},{"floor":33,"key":"EssenceOfSteel"},{"floor":40,"key":"Fruit Juice"},{"floor":48,"key":"Fruit Juice"}],"is_trial":false,"path_per_floor":["M","M","M","M","M","R","E","M","T","M","E","?","R","E","R","B",null,"M","M","$","?","?","R","E","R","T","E","$","R","$","M","R","B",null,"M","$","?","?","M","E","?","R","T","E","?","$","R","E","R","B",null],"character_chosen":"WATCHER","items_purchased":["FearNoEvil","Nunchaku","Membership Card","TheAbacus","Evaluate","Potion Belt","Weak Potion"],"campfire_rested":2,"item_purchase_floors":[20,20,28,36,46,46,46],"current_hp_per_floor":[65,65,65,65,62,62,62,54,54,52,52,52,52,52,72,2,72,63,62,62,58,58,58,58,58,58,38,38,38,38,38,59,59,72,72,72,72,72,72,72,68,68,68,73,73,73,73,78,78,78],"gold":37,"neow_bonus":"REMOVE_TWO","is_daily":false,"chose_seed":false,"campfire_upgraded":5,"win_rate":0.0,"timestamp":1610977618,"path_taken":["M","M","M","M","M","R","E","M","T","M","E","?","R","E","R","BOSS","M","M","$","?","?","R","E","R","T","E","$","R","$","M","R","BOSS","M","$","?","?","M","E","?","R","T","E","?","$","R","E","R","BOSS"],"items_purchased_type":["Card","Relic","Relic","Relic","Card","Relic","Potion"],"build_version":"2020-12-22","purchased_purges":5,"victory":true,"max_hp_per_floor":[72,72,72,72,72,72,72,72,72,72,72,72,72,72,72,72,72,72,72,72,72,72,72,72,72,72,72,72,72,72,72,72,72,72,72,72,72,72,72,72,68,68,68,73,73,73,73,78,78,78],"card_choices":[{"not_picked":["FlyingSleeves","Study"],"picked":"WheelKick","floor":1.0},{"not_picked":["Protect","Evaluate"],"picked":"Swivel","floor":2.0},{"not_picked":["Consecrate","EmptyBody"],"picked":"Judgement","floor":3.0},{"not_picked":["EmptyFist","Wireheading","Nirvana"],"picked":"SKIP","floor":4.0},{"not_picked":["Swivel","EmptyBody","FollowUp"],"picked":"SKIP","floor":5.0},{"not_picked":["Crescendo","FlyingSleeves","DeceiveReality"],"picked":"SKIP","floor":7.0},{"not_picked":["CutThroughFate","Protect"],"picked":"Halt","floor":8.0},{"not_picked":["Conclude","FlyingSleeves"],"picked":"SignatureMove","floor":10.0},{"not_picked":["Protect","SashWhip"],"picked":"EmptyFist","floor":11.0},{"not_picked":["MasterReality","Protect","WaveOfTheHand"],"picked":"SKIP","floor":14},{"not_picked":["FlurryOfBlows","Protect"],"picked":"Adaptation","floor":15},{"not_picked":["BowlingBash+1","Nirvana"],"picked":"FlurryOfBlows","floor":18},{"not_picked":["Weave","Pray+1"],"picked":"TalkToTheHand","floor":19},{"not_picked":["EmptyFist","WaveOfTheHand+1","Wireheading+1"],"picked":"SKIP","floor":24},{"not_picked":["TalkToTheHand","CrushJoints","BattleHymn+1"],"picked":"SKIP","floor":27},{"not_picked":["FlyingSleeves","Worship+1","WreathOfFlame"],"picked":"SKIP","floor":31},{"not_picked":["FlyingSleeves+1","Crescendo","CutThroughFate"],"picked":"SKIP","floor":35},{"not_picked":["PanicButton","Trip"],"picked":"Deep Breath","floor":37},{"not_picked":["WreathOfFlame","BowlingBash+1","Halt+1"],"picked":"SKIP","floor":39},{"not_picked":["WreathOfFlame","BowlingBash+1","Halt+1"],"picked":"SKIP","floor":39},{"not_picked":["WreathOfFlame","BowlingBash+1","Halt+1"],"picked":"SKIP","floor":39},{"not_picked":["SashWhip+1","Halt","Brilliance"],"picked":"SKIP","floor":40},{"not_picked":["SashWhip+1","Halt","Brilliance"],"picked":"SKIP","floor":40},{"not_picked":["Study","ClearTheMind","BowlingBash"],"picked":"SKIP","floor":44},{"not_picked":["CutThroughFate","Fasting2+1"],"picked":"Tantrum+1","floor":48}],"player_experience":229627,"relics_obtained":[{"floor":7.0,"key":"Vajra"},{"floor":9.0,"key":"Dream Catcher"},{"floor":11.0,"key":"InkBottle"},{"floor":12,"key":"Centennial Puzzle"},{"floor":14,"key":"HornCleat"},{"floor":21,"key":"Red Mask"},{"floor":24,"key":"Bag of Preparation"},{"floor":27,"key":"Damaru"},{"floor":40,"key":"Pantograph"},{"floor":43,"key":"Sundial"},{"floor":44,"key":"Ginger"},{"floor":45,"key":"Shovel"},{"floor":47,"key":"Gremlin Horn"},{"floor":48,"key":"Meat on the Bone"},{"floor":49,"key":"Blue Candle"}],"event_choices":[{"damage_healed":0,"gold_gain":0,"player_choice":"Searched \u00272\u0027 times","damage_taken":0,"max_hp_gain":0,"max_hp_loss":0,"event_name":"Dead Adventurer","floor":12,"gold_loss":0},{"damage_healed":0,"gold_gain":0,"player_choice":"Fought Bandits","damage_taken":0,"max_hp_gain":0,"max_hp_loss":0,"event_name":"Masked Bandits","floor":21,"gold_loss":0},{"damage_healed":0,"gold_gain":99,"player_choice":"Stole From Cult","damage_taken":0,"max_hp_gain":0,"max_hp_loss":0,"event_name":"Nest","floor":22,"gold_loss":0},{"damage_healed":0,"gold_gain":0,"player_choice":"Memory 1","damage_taken":0,"max_hp_gain":0,"max_hp_loss":0,"event_name":"SensoryStone","floor":37,"gold_loss":0},{"cards_removed":["EmptyFist"],"damage_healed":0,"gold_gain":0,"player_choice":"Removed Attack","damage_taken":0,"max_hp_gain":0,"max_hp_loss":0,"event_name":"Falling","floor":38,"gold_loss":0},{"damage_healed":0,"gold_gain":0,"player_choice":"Max HP","damage_taken":0,"max_hp_gain":0,"max_hp_loss":4,"event_name":"Winding Halls","floor":41,"gold_loss":0},{"damage_healed":0,"gold_gain":0,"player_choice":"Fight","damage_taken":0,"max_hp_gain":0,"max_hp_loss":0,"event_name":"Mysterious Sphere","floor":45,"gold_loss":0}],"is_beta":false,"boss_relics":[{"not_picked":["Pandora\u0027s Box","Snecko Eye"],"picked":"VioletLotus"},{"not_picked":["Velvet Choker","Runic Pyramid"],"picked":"Fusion Hammer"}],"items_purged_floors":[20,28,30,36,46],"is_endless":false,"potions_floor_spawned":[2,3,4,11,12,14,16,19,21,33,40,48],"ascension_level":4}}