{"host":"d85gwtocd8go8gx0","time":1610955401,"event":{"mods":["BaseMod","Dark Map","Highlight Path","Minty Spire (QoL Compilation)","Permanent Neow","Quick Restart","UnlockEverythingMod"],"gold_per_floor":[110,121,135,135,146,172,172,201,254,286,323,335,274,296,308,393,405,430,442,471,183,193,193,193],"floor_reached":23,"language":"ENG","playtime":774,"items_purged":["Strike_R+1"],"score":406,"play_id":"e324f7ed-4c16-4d55-8a10-10f1b432841e","local_time":"20210117233641","is_ascension_mode":true,"campfire_choices":[{"data":"Bash","floor":7.0,"key":"SMITH"},{"floor":15,"key":"REST"}],"circlet_count":0,"master_deck":["AscendersBane","Strike_R+1","Strike_R+1","Strike_R+1","Strike_R+1","Defend_R+1","Defend_R+1","Defend_R+1","Defend_R+1","Bash+1","CurseOfTheBell","Infernal Blade","Uppercut","Whirlwind+1","Havoc","Inflame","Flex","Ghostly Armor","Feel No Pain","Fiend Fire","Warcry","Immolate","Flex","Warcry+1"],"relics":["Calling Bell","Akabeko","Mummified Hand","Bird Faced Urn","Ornamental Fan","Odd Mushroom","MawBank","Whetstone","Sozu","Brimstone"],"acts_visited":["Exordium","TheCity"],"potions_floor_usage":[16],"damage_taken":[{"damage":1.0,"enemies":"Cultist","floor":1.0,"turns":3.0},{"damage":7.0,"enemies":"Jaw Worm","floor":2.0,"turns":2.0},{"damage":1.0,"enemies":"Small Slimes","floor":3.0,"turns":2.0},{"damage":12.0,"enemies":"Exordium Wildlife","floor":5.0,"turns":2.0},{"damage":20.0,"enemies":"Lagavulin","floor":6.0,"turns":6.0},{"damage":0.0,"enemies":"The Mushroom Lair","floor":8.0,"turns":1.0},{"damage":5.0,"enemies":"Large Slime","floor":10.0,"turns":4.0},{"damage":28,"enemies":"Gremlin Nob","floor":11,"turns":4},{"damage":0,"enemies":"3 Louse","floor":14,"turns":1},{"damage":55,"enemies":"The Guardian","floor":16,"turns":12},{"damage":17,"enemies":"Chosen","floor":18,"turns":4},{"damage":0,"enemies":"Spheric Guardian","floor":20,"turns":3},{"damage":22,"enemies":"Snake Plant","floor":22,"turns":3},{"damage":35,"enemies":"Gremlin Leader","floor":23,"turns":3}],"seed_played":"-9051127140350054815","potions_obtained":[{"floor":2.0,"key":"AttackPotion"},{"floor":3.0,"key":"Fire Potion"},{"floor":10.0,"key":"FairyPotion"},{"floor":16,"key":"BlessingOfTheForge"}],"is_trial":false,"path_per_floor":["M","M","M","?","M","E","R","?","T","M","E","$","?","M","R","B",null,"M","?","M","$","M","E"],"character_chosen":"IRONCLAD","items_purchased":["Brimstone","Flex"],"campfire_rested":1,"item_purchase_floors":[21,21],"current_hp_per_floor":[67,60,59,64,52,32,32,32,32,29,3,3,3,3,27,4,61,48,48,50,50,30,0,0],"gold":193,"neow_bonus":"BOSS_RELIC","is_daily":false,"chose_seed":false,"campfire_upgraded":1,"win_rate":0.0,"timestamp":1610955401,"path_taken":["M","?","M","?","M","E","R","?","T","M","E","?","?","M","R","BOSS","M","?","M","$","M","E"],"items_purchased_type":["Relic","Card"],"build_version":"2020-12-22","purchased_purges":1,"victory":false,"max_hp_per_floor":[75,75,75,80,80,80,80,80,80,80,80,80,80,80,80,80,80,80,80,80,80,80,80,80],"card_choices":[{"not_picked":["Body Slam","Rampage"],"picked":"Infernal Blade","floor":1.0},{"not_picked":["Rampage","Sentinel"],"picked":"Uppercut","floor":2.0},{"not_picked":["True Grit","Battle Trance"],"picked":"Whirlwind","floor":3.0},{"not_picked":["Second Wind","Dual Wield"],"picked":"Havoc","floor":5.0},{"not_picked":["Flex","Dark Embrace"],"picked":"Inflame","floor":6.0},{"not_picked":["Headbutt","Perfected Strike"],"picked":"Flex","floor":10.0},{"not_picked":["Shrug It Off","Reckless Charge"],"picked":"Ghostly Armor","floor":11},{"not_picked":["Feel No Pain","Fire Breathing","Reckless Charge"],"picked":"SKIP","floor":14},{"not_picked":["Fire Breathing","Reckless Charge"],"picked":"Feel No Pain","floor":14},{"not_picked":["Bludgeon","Immolate"],"picked":"Fiend Fire","floor":16},{"not_picked":["Perfected Strike","Wild Strike"],"picked":"Warcry","floor":18},{"not_picked":["Headbutt","Shrug It Off"],"picked":"Immolate","floor":20},{"not_picked":["Iron Wave","Twin Strike"],"picked":"Warcry+1","floor":22}],"player_experience":28295,"relics_obtained":[{"floor":0.0,"key":"Akabeko"},{"floor":0.0,"key":"Mummified Hand"},{"floor":0.0,"key":"Bird Faced Urn"},{"floor":6.0,"key":"Ornamental Fan"},{"floor":8.0,"key":"Odd Mushroom"},{"floor":9.0,"key":"MawBank"},{"floor":11,"key":"Whetstone"}],"event_choices":[{"damage_healed":0.0,"max_hp_gain":5.0,"max_hp_loss":0.0,"gold_gain":0.0,"event_name":"Big Fish","player_choice":"Donut","floor":4.0,"gold_loss":0.0,"damage_taken":0.0},{"damage_healed":0.0,"max_hp_gain":0.0,"max_hp_loss":0.0,"gold_gain":0.0,"event_name":"Mushrooms","player_choice":"Fought Mushrooms","floor":8.0,"gold_loss":0.0,"damage_taken":0.0},{"damage_healed":0,"gold_gain":0,"player_choice":"Left Gold","damage_taken":0,"max_hp_gain":0,"max_hp_loss":0,"event_name":"World of Goop","floor":13,"gold_loss":73},{"damage_healed":0,"gold_gain":0,"player_choice":"Simplicity","damage_taken":0,"max_hp_gain":0,"max_hp_loss":0,"event_name":"Back to Basics","floor":19,"gold_loss":0,"cards_upgraded":["Strike_R","Strike_R","Strike_R","Strike_R","Defend_R","Defend_R","Defend_R","Defend_R"]}],"is_beta":false,"boss_relics":[{"not_picked":["Black Star","Snecko Eye"],"picked":"Sozu"}],"items_purged_floors":[21],"is_endless":false,"potions_floor_spawned":[2,3,5,10,16,20],"killed_by":"Gremlin Leader","ascension_level":20}}