{"host":"q4fvldg6fizlp683","time":1610934164,"event":{"mods":["AchievementEnabler","BaseMod","Better Altar","Better Match","Better Note","Better Sensory Stone","Better Skull","Better Third Choice","Block Reminder","Colored Map","Colored Powertips","Minty Spire (QoL Compilation)","Rare Cards Sparkle","Relic Stats","StSLib"],"gold_per_floor":[115,130,100,118,0,26,40,75,149,149,167,18,35,35,35,139,139,153,153,153,170,170,197,197,217,240,240,259,31,50,50,50,155,155,174,174,27,45,56,81,81,81,105,0,14,32,32,81,81,81,81],"floor_reached":50,"language":"ENG","playtime":4713,"items_purged":[],"score":527,"play_id":"281389ef-e791-498f-b915-8c4803fe6f89","local_time":"20210118014244","is_ascension_mode":false,"campfire_choices":[{"floor":10,"key":"REST"},{"floor":15,"key":"REST"},{"floor":24,"key":"REST"},{"floor":27,"key":"REST"},{"floor":32,"key":"REST"},{"floor":41,"key":"REST"},{"floor":49,"key":"REST"}],"circlet_count":0,"master_deck":["Strike_G","Strike_G","Strike_G","Strike_G","Defend_G","Defend_G","Defend_G","Defend_G","Defend_G","Survivor","Neutralize","Wraith Form v2","Blade Dance","Escape Plan","Dagger Spray","Skewer","Reflex","Finisher","Endless Agony","Slice","Prepared","Flechettes","After Image","Masterful Stab","Deflect+1","Footwork","Blur","Tactician","Caltrops","Slice","Terror","Night Terror","Backstab","Underhanded Strike+1","Parasite","All Out Attack+1","Escape Plan+1","PiercingWail+1","Blade Dance+1","Secret Weapon","Trip","Backstab+1"],"relics":["Ring of the Snake","Shuriken","Thread and Needle","Bottled Lightning","PreservedInsect","Ginger","Philosopher\u0027s Stone","GremlinMask","Vajra","Strawberry","Anchor","MutagenicStrength","Black Star","Oddly Smooth Stone","Ornamental Fan","Bag of Preparation","Potion Belt","Red Mask","FossilizedHelix"],"acts_visited":["Exordium","TheCity","TheBeyond"],"potions_floor_usage":[16,16,33,33,50,50],"damage_taken":[{"damage":5,"enemies":"2 Louse","floor":1,"turns":5},{"damage":1,"enemies":"Cultist","floor":2,"turns":4},{"damage":0,"enemies":"Small Slimes","floor":4,"turns":3},{"damage":31,"enemies":"3 Sentries","floor":6,"turns":9},{"damage":3,"enemies":"3 Louse","floor":7,"turns":3},{"damage":2,"enemies":"Lagavulin","floor":8,"turns":6},{"damage":0,"enemies":"2 Fungi Beasts","floor":11,"turns":2},{"damage":0,"enemies":"Blue Slaver","floor":13,"turns":2},{"damage":11,"enemies":"Hexaghost","floor":16,"turns":7},{"damage":0,"enemies":"Shell Parasite","floor":18,"turns":3},{"damage":0,"enemies":"Chosen","floor":21,"turns":3},{"damage":58,"enemies":"Slavers","floor":23,"turns":6},{"damage":1,"enemies":"Snecko","floor":25,"turns":5},{"damage":0,"enemies":"Sentry and Sphere","floor":28,"turns":1},{"damage":0,"enemies":"Cultist and Chosen","floor":30,"turns":4},{"damage":16,"enemies":"Champ","floor":33,"turns":9},{"damage":0,"enemies":"Orb Walker","floor":35,"turns":2},{"damage":37,"enemies":"3 Darklings","floor":38,"turns":5},{"damage":7,"enemies":"Writhing Mass","floor":39,"turns":5},{"damage":39,"enemies":"Reptomancer","floor":40,"turns":5},{"damage":0,"enemies":"Maw","floor":45,"turns":7},{"damage":1,"enemies":"4 Shapes","floor":46,"turns":3},{"damage":12,"enemies":"2 Orb Walkers","floor":48,"turns":4},{"damage":81,"enemies":"Donu and Deca","floor":50,"turns":10}],"seed_played":"1469993562591872827","potions_obtained":[{"floor":3,"key":"CunningPotion"},{"floor":3,"key":"EssenceOfSteel"},{"floor":6,"key":"FairyPotion"},{"floor":21,"key":"Weak Potion"},{"floor":23,"key":"Dexterity Potion"},{"floor":40,"key":"EssenceOfSteel"},{"floor":48,"key":"Regen Potion"}],"is_trial":false,"path_per_floor":["M","M","?","M","$","E","M","E","T","R","M","$","M","T","R","B",null,"M","?","?","M","?","E","R","M","T","R","M","$","M","?","R","B",null,"M","?","$","M","M","E","R","?","T","?","M","M","?","?","R","B"],"character_chosen":"THE_SILENT","items_purchased":["Skewer","Reflex","PreservedInsect","Anchor","Caltrops","Slice","Oddly Smooth Stone"],"campfire_rested":7,"item_purchase_floors":[5,5,12,29,29,29,37],"current_hp_per_floor":[65,64,64,64,64,33,30,28,28,49,49,49,49,49,70,59,70,70,63,63,63,63,5,26,25,32,55,55,55,55,55,77,61,77,77,73,73,36,29,21,42,42,42,42,42,41,41,29,50,0,0],"gold":81,"neow_bonus":"ONE_RANDOM_RARE_CARD","is_daily":false,"chose_seed":false,"campfire_upgraded":0,"win_rate":0.0,"timestamp":1610934164,"path_taken":["M","M","?","M","$","E","M","E","T","R","M","$","?","?","R","BOSS","M","?","?","M","?","E","R","M","T","R","?","$","M","?","R","BOSS","M","?","$","M","M","E","R","?","T","?","M","M","?","?","R","BOSS"],"items_purchased_type":["Card","Card","Relic","Relic","Card","Card","Relic"],"build_version":"2020-12-22","purchased_purges":0,"victory":false,"max_hp_per_floor":[70,70,70,70,70,70,70,70,70,70,70,70,70,70,70,70,70,70,70,70,70,70,70,70,70,77,77,77,77,77,77,77,77,77,77,73,73,73,73,73,73,73,73,73,73,73,73,73,73,73,73],"relic_stats":{"counters":[24,113],"Shuriken":[64],"Ornamental Fan":[68],"PreservedInsect":100,"Black Star":1,"Bag of Preparation":[8],"Ginger":[26],"obtain_stats":[{"Potion Belt":43,"Vajra":23,"Oddly Smooth Stone":37,"Thread and Needle":8,"GremlinMask":20,"PreservedInsect":12,"Bag of Preparation":40,"Ginger":14,"Anchor":29,"Shuriken":6,"Ornamental Fan":40,"Strawberry":26,"MutagenicStrength":31,"Philosopher\u0027s Stone":17,"Black Star":34,"Red Mask":44,"Bottled Lightning":9,"FossilizedHelix":48,"Ring of the Snake":0},{"Potion Belt":20,"Vajra":12,"Oddly Smooth Stone":17,"Thread and Needle":6,"GremlinMask":10,"PreservedInsect":7,"Bag of Preparation":20,"Ginger":8,"Anchor":14,"Shuriken":4,"Ornamental Fan":20,"Strawberry":13,"MutagenicStrength":15,"Philosopher\u0027s Stone":9,"Black Star":16,"Red Mask":20,"Bottled Lightning":6,"FossilizedHelix":23,"Ring of the Snake":0},{"Potion Belt":89,"Vajra":53,"Oddly Smooth Stone":74,"Thread and Needle":30,"GremlinMask":44,"PreservedInsect":32,"Bag of Preparation":89,"Ginger":34,"Anchor":59,"Shuriken":21,"Ornamental Fan":89,"Strawberry":58,"MutagenicStrength":63,"Philosopher\u0027s Stone":41,"Black Star":72,"Red Mask":89,"Bottled Lightning":30,"FossilizedHelix":103,"Ring of the Snake":0}],"Ring of the Snake":[50]},"card_choices":[{"not_picked":["Poisoned Stab","Underhanded Strike"],"picked":"Blade Dance","floor":1},{"not_picked":["Sucker Punch","Blade Dance"],"picked":"Escape Plan","floor":2},{"not_picked":["Acrobatics","Blade Dance"],"picked":"Dagger Spray","floor":4},{"not_picked":["Calculated Gamble","Heel Hook"],"picked":"Finisher","floor":6},{"not_picked":["Dodge and Roll","Quick Slash"],"picked":"Endless Agony","floor":7},{"not_picked":["Poisoned Stab","Backflip"],"picked":"Slice","floor":8},{"not_picked":["Poisoned Stab","Dagger Spray"],"picked":"Prepared","floor":11},{"not_picked":["Deflect","Dagger Throw"],"picked":"Flechettes","floor":13},{"not_picked":["Phantasmal Killer","Night Terror"],"picked":"After Image","floor":16},{"not_picked":["Predator","Distraction+1"],"picked":"Masterful Stab","floor":18},{"not_picked":["Slice","Backflip+1"],"picked":"Deflect+1","floor":21},{"not_picked":["Blur","Calculated Gamble"],"picked":"Footwork","floor":23},{"not_picked":["Prepared+1","Flechettes"],"picked":"Blur","floor":25},{"not_picked":["Dagger Throw","Backflip+1"],"picked":"Tactician","floor":28},{"not_picked":["Quick Slash+1","Noxious Fumes"],"picked":"Terror","floor":30},{"not_picked":["Wraith Form v2","After Image"],"picked":"Night Terror","floor":33},{"not_picked":["Dagger Spray+1","Deflect"],"picked":"Backstab","floor":35},{"not_picked":["Deflect+1","Slice"],"picked":"Underhanded Strike+1","floor":38},{"not_picked":["Slice+1","Caltrops+1"],"picked":"All Out Attack+1","floor":39},{"not_picked":["Glass Knife","Caltrops"],"picked":"Escape Plan+1","floor":40},{"not_picked":["Backflip+1","Slice"],"picked":"PiercingWail+1","floor":45},{"not_picked":["Acrobatics","Underhanded Strike"],"picked":"Blade Dance+1","floor":46},{"not_picked":["Mind Blast","PanicButton"],"picked":"Secret Weapon","floor":47},{"not_picked":["Forethought","Master of Strategy"],"picked":"Trip","floor":47},{"not_picked":["Calculated Gamble+1","Quick Slash"],"picked":"Backstab+1","floor":48}],"player_experience":16584,"relics_obtained":[{"floor":6,"key":"Shuriken"},{"floor":8,"key":"Thread and Needle"},{"floor":9,"key":"Bottled Lightning"},{"floor":14,"key":"Ginger"},{"floor":23,"key":"Vajra"},{"floor":26,"key":"Strawberry"},{"floor":40,"key":"Ornamental Fan"},{"floor":40,"key":"Bag of Preparation"},{"floor":43,"key":"Potion Belt"},{"floor":48,"key":"FossilizedHelix"}],"event_choices":[{"damage_healed":0,"gold_gain":0,"player_choice":"Bought 2 Potions","damage_taken":0,"max_hp_gain":0,"max_hp_loss":0,"event_name":"The Woman in Blue","floor":3,"gold_loss":0},{"damage_healed":0,"gold_gain":0,"player_choice":"Damaged","damage_taken":7,"max_hp_gain":0,"max_hp_loss":0,"event_name":"Wheel of Change","floor":19,"gold_loss":0},{"damage_healed":0,"gold_gain":0,"player_choice":"Trade","damage_taken":0,"relics_obtained":["GremlinMask"],"max_hp_gain":0,"max_hp_loss":0,"event_name":"FaceTrader","floor":20,"gold_loss":0},{"damage_healed":0,"gold_gain":0,"player_choice":"Ignored","damage_taken":0,"max_hp_gain":0,"max_hp_loss":0,"event_name":"N\u0027loth","floor":22,"gold_loss":0},{"damage_healed":0,"gold_gain":0,"player_choice":"Inject Mutagens","damage_taken":0,"relics_obtained":["MutagenicStrength"],"max_hp_gain":0,"max_hp_loss":0,"event_name":"Drug Dealer","floor":31,"gold_loss":0},{"damage_healed":0,"gold_gain":0,"player_choice":"Max HP","damage_taken":0,"max_hp_gain":0,"max_hp_loss":4,"event_name":"Winding Halls","floor":36,"gold_loss":0},{"cards_removed":["Strike_G"],"damage_healed":0,"gold_gain":0,"player_choice":"Removed Attack","damage_taken":0,"max_hp_gain":0,"max_hp_loss":0,"event_name":"Falling","floor":42,"gold_loss":0},{"damage_healed":0,"gold_gain":0,"player_choice":"Paid","damage_taken":0,"relics_obtained":["Red Mask"],"max_hp_gain":0,"max_hp_loss":0,"event_name":"Tomb of Lord Red Mask","floor":44,"gold_loss":105},{"damage_healed":0,"gold_gain":3,"player_choice":"1","damage_taken":0,"max_hp_gain":0,"max_hp_loss":0,"event_name":"betterStone:BetterStone","floor":47,"gold_loss":0},{"damage_healed":0,"gold_gain":0,"player_choice":"Fight","damage_taken":0,"max_hp_gain":0,"max_hp_loss":0,"event_name":"Mysterious Sphere","floor":48,"gold_loss":0}],"is_beta":false,"boss_relics":[{"not_picked":["Cursed Key","Velvet Choker"],"picked":"Philosopher\u0027s Stone"},{"not_picked":["Coffee Dripper","Tiny House"],"picked":"Black Star"}],"items_purged_floors":[],"is_endless":false,"potions_floor_spawned":[6,8,11,13,21,23,25,40,48],"killed_by":"Donu and Deca","ascension_level":0}}