{"host":"lh9qfzqeqctr28d2","time":1610978133,"event":{"mods":["BaseMod","CapriCore","Luminous","Minty Spire (QoL Compilation)","Quick Restart","Relic Stats","Remilia£®¿Ÿ√◊¿Ú—«£©","StSLib","Yakumo Yukari mod"],"gold_per_floor":[112,132,147,147,160,160,160],"floor_reached":6,"language":"ZHS","playtime":215,"items_purged":[],"score":57,"play_id":"2e046357-acd7-4c23-9952-c08fb9f52ceb","local_time":"20210118215533","is_ascension_mode":true,"campfire_choices":[],"circlet_count":0,"master_deck":["AscendersBane","Strike_RM","Strike_RM","Strike_RM","Defend_RM","Defend_RM","Defend_RM","Defend_RM","RedMoon","ScarletShoot","Apotheosis","BombardNight","EndlessAdversity","BloodyMagicSquare","BloodHunter"],"relics":["ScarletHat"],"acts_visited":["Exordium"],"potions_floor_usage":[],"damage_taken":[{"damage":0,"enemies":"Cultist","floor":1,"turns":4},{"damage":5,"enemies":"2 Louse","floor":2,"turns":4},{"damage":6,"enemies":"Small Slimes","floor":3,"turns":4},{"damage":7,"enemies":"Blue Slaver","floor":5,"turns":2},{"damage":0,"enemies":"3 Sentries","floor":6,"turns":1}],"seed_played":"-9179945558692653867","potions_obtained":[{"floor":1,"key":"FearPotion"},{"floor":3,"key":"BlessingOfTheForge"}],"is_trial":false,"path_per_floor":["M","M","M","?","M","E"],"character_chosen":"REMILIA","items_purchased":[],"campfire_rested":0,"item_purchase_floors":[],"current_hp_per_floor":[55,50,44,44,39,39,39],"gold":160,"neow_bonus":"RANDOM_COLORLESS_2","is_daily":false,"chose_seed":false,"campfire_upgraded":0,"win_rate":0.0,"timestamp":1610978133,"path_taken":["M","M","M","?","M","E"],"items_purchased_type":[],"build_version":"2020-12-22","purchased_purges":0,"victory":false,"max_hp_per_floor":[75,75,75,75,75,75,75],"relic_stats":{"counters":[5,15],"obtain_stats":[{"ScarletHat":0},{"ScarletHat":0},{"ScarletHat":0}]},"card_choices":[{"not_picked":["HandOfGreed","Violence"],"picked":"Apotheosis","floor":0},{"not_picked":["TwelveNightmare","UnstableMagic"],"picked":"BombardNight","floor":1},{"not_picked":["BlasphemousPunishment","BombardNight"],"picked":"EndlessAdversity","floor":2},{"not_picked":["NightDance","GlobalNightmare","CharismaGuard"],"picked":"SKIP","floor":3},{"not_picked":["BombardNight","DiffusionOfMisfortune"],"picked":"BloodHunter","floor":5}],"player_experience":428878,"relics_obtained":[],"event_choices":[{"damage_healed":0,"gold_gain":0,"cards_transformed":["Strike_RM"],"player_choice":"Change","damage_taken":0,"max_hp_gain":0,"max_hp_loss":0,"event_name":"Living Wall","floor":4,"gold_loss":0,"cards_obtained":["BloodyMagicSquare"]}],"is_beta":false,"boss_relics":[],"items_purged_floors":[],"is_endless":false,"potions_floor_spawned":[1,3],"killed_by":"3 Sentries","ascension_level":10}}