{"host":"jfdrqiydeufe5vnu","time":1610952154,"event":{"mods":["ATMod(阿瑾Mod)","Arknights The Spire","BaseMod","BetterRewards","Downfall","Energized Spire","LagranYue(拉格朗・月)","Minty Spire (QoL Compilation)","Spicy Shops","StSLib","TestMod","UnlockEverythingMod","vexMod","【遗物卡牌】REMEMod","篝火指南"],"gold_per_floor":[112,112,112,10,10,10,82,107,107,48,48,48,77,95,95,194,194,209,209,209,10,10,10,27,27,77,2,12,42,42,71,71,172,172,200,53,70,70,70,114,130,130,154,0,35,35,51,77,77,94,94,94,45,78,109],"floor_reached":56,"language":"ZHS","playtime":1870,"items_purged":[],"score":1695,"play_id":"ec26b1dd-bd71-4e79-b0a5-0540870fbd49","local_time":"20210118144234","is_ascension_mode":false,"campfire_choices":[{"data":"Vault","floor":6,"key":"SMITH"},{"floor":15,"key":"REST"},{"data":"AT_FamilyPortrait","floor":23,"key":"SMITH"},{"data":"Eruption","floor":32,"key":"SMITH"},{"floor":42,"key":"RECALL"},{"data":"Collect","floor":46,"key":"SMITH"},{"data":"Alpha","floor":49,"key":"SMITH"},{"data":"AT_ChampionStep","floor":52,"key":"SMITH"}],"circlet_count":0,"master_deck":["Strike_P","Strike_P","Strike_P","Defend_P","Defend_P","Defend_P","Defend_P","Eruption+1","Vigilance","AT_FamilyPortrait+1","Vengeance","Prostrate+1","Vault+1","Clumsy","Collect+1","SignatureMove","DeusExMachina","CutThroughFate","DeusExMachina","FlurryOfBlows","FlyingSleeves","FlurryOfBlows","EmptyFist","AT_DivineConfetti","InnerPeace+1","Alpha+1","JustLucky","Consecrate","AT_ChampionStep","CarveReality+1","AT_ChampionStep+1","Consecrate+1","FlurryOfBlows"],"relics":["PureWater","REME_ComplimentaryCards","AT_ATBox","testmod-TestBox","LagranYue:RandomDrawCardRelic","testmod-TimeTraveler","Yang","testmod-HeartOfStrike","Juzu Bracelet","LagranYue:MagicReflectiveArmorRelic","AT_DeathDance","Mercury Hourglass","Question Card","AT_ForceNature","testmod-LifeArmor","Potion Belt","vexMod:MemoryStick","REME_DuelDisc","vexMod:Spyglass","Centennial Puzzle","AT_GuinsooRageblade","testmod-DeterminationOfClimber","Vajra","CaptainsWheel","testmod-Hope","MealTicket","Red Mask","Lantern","testmod-Déjàvu"],"acts_visited":["Exordium","TheCity","TheBeyond","TheEnding"],"potions_floor_usage":[24,29,33,33,40],"damage_taken":[{"damage":0,"enemies":"Cultist","floor":1,"turns":2},{"damage":0,"enemies":"Gremlin Nob","floor":8,"turns":3},{"damage":6,"enemies":"3 Sentries","floor":13,"turns":3},{"damage":0,"enemies":"2 Louse","floor":14,"turns":1},{"damage":0,"enemies":"Slime Boss","floor":16,"turns":5},{"damage":0,"enemies":"2 Thieves","floor":18,"turns":2},{"damage":5,"enemies":"Chosen","floor":24,"turns":2},{"damage":0,"enemies":"Snake Plant","floor":28,"turns":2},{"damage":6,"enemies":"Book of Stabbing","floor":29,"turns":5},{"damage":0,"enemies":"Gremlin Leader","floor":31,"turns":3},{"damage":0,"enemies":"Automaton","floor":33,"turns":2},{"damage":0,"enemies":"3 Darklings","floor":35,"turns":2},{"damage":0,"enemies":"Orb Walker","floor":37,"turns":2},{"damage":0,"enemies":"Giant Head","floor":40,"turns":2},{"damage":3,"enemies":"Sphere and 2 Shapes","floor":41,"turns":2},{"damage":0,"enemies":"Nemesis","floor":45,"turns":1},{"damage":0,"enemies":"3 Darklings","floor":47,"turns":1},{"damage":0,"enemies":"Maw","floor":48,"turns":1},{"damage":0,"enemies":"Donu and Deca","floor":50,"turns":4},{"damage":0,"enemies":"Shield and Spear","floor":54,"turns":1},{"damage":0,"enemies":"The Heart","floor":55,"turns":4}],"seed_played":"-4817093838386480379","potions_obtained":[{"floor":8,"key":"StancePotion"},{"floor":13,"key":"SpeedPotion"},{"floor":28,"key":"Energy Potion"},{"floor":29,"key":"testmod-SpacePotion"},{"floor":35,"key":"AttackPotion"},{"floor":37,"key":"Strength Potion"},{"floor":40,"key":"LiquidMemories"}],"is_trial":false,"path_per_floor":["M","?","?","$","?","R","T","E","T","$","?","?","E","M","R","B",null,"M","?","?","$","$","R","M","$","T","?","M","E","T","E","R","B",null,"M","$","M","T","?","E","M","R","T","?","E","R","M","M","R","B",null,"R","$","E","B",null],"character_chosen":"WATCHER","items_purchased":["Yang","testmod-HeartOfStrike","Juzu Bracelet","LagranYue:MagicReflectiveArmorRelic","AT_DeathDance","testmod-LifeArmor","vexMod:Spyglass","Ambrosia","FlyingSleeves","Vajra","Energy Potion"],"campfire_rested":1,"item_purchase_floors":[0,0,0,0,4,10,21,21,21,36,53],"current_hp_per_floor":[40,40,33,33,57,57,57,57,57,57,48,30,24,24,45,45,72,72,72,72,72,72,72,67,67,67,67,67,61,61,61,61,61,72,72,72,72,72,72,72,72,72,72,72,72,72,72,72,72,72,72,72,72,72,72],"gold":109,"neow_bonus":"","is_daily":false,"chose_seed":false,"campfire_upgraded":6,"win_rate":0.0,"timestamp":1610952154,"path_taken":["M","?","?","$","?","R","?","E","T","?","?","?","E","M","R","BOSS","M","?","?","$","?","R","M","$","T","?","M","E","?","E","R","BOSS","M","$","?","?","?","E","M","R","T","?","E","R","M","M","R","BOSS","R","$","E","BOSS"],"items_purchased_type":["Relic","Relic","Relic","Relic","Relic","Relic","Relic","Potion","Card","Relic","Potion"],"build_version":"2020-12-22","purchased_purges":0,"victory":true,"max_hp_per_floor":[72,72,72,72,72,72,72,72,72,72,72,72,72,72,72,72,72,72,72,72,72,72,72,72,72,72,72,72,72,72,72,72,72,72,72,72,72,72,72,72,72,72,72,72,72,72,72,72,72,72,72,72,72,72,72],"card_choices":[{"not_picked":["JustLucky","LikeWater"],"picked":"Prostrate","floor":1},{"not_picked":["Vengeance","FlyingSleeves","Nirvana"],"picked":"SKIP","floor":8},{"not_picked":["WheelKick","Pray","CutThroughFate"],"picked":"Collect","floor":13},{"not_picked":["FollowUp","Swivel","ReachHeaven"],"picked":"SignatureMove","floor":14},{"not_picked":["Vault","Scrawl","MasterReality"],"picked":"DeusExMachina","floor":16},{"not_picked":["WindmillStrike","Nirvana","Wallop"],"picked":"CutThroughFate","floor":18},{"not_picked":["Wireheading","PathToVictory","AT_OneInchPunch"],"picked":"FlurryOfBlows","floor":24},{"not_picked":["FollowUp","BowlingBash","Crescendo"],"picked":"EmptyFist","floor":28},{"not_picked":["EmptyFist","FlurryOfBlows","ReachHeaven"],"picked":"AT_DivineConfetti","floor":29},{"not_picked":["EmptyBody","AT_IrregularMenstruation","ThirdEye"],"picked":"InnerPeace+1","floor":31},{"not_picked":["REME_EmptyShield","SpiritShield","MasterReality"],"picked":"Alpha","floor":33},{"not_picked":["Weave","FlyingSleeves","Nirvana"],"picked":"JustLucky","floor":35},{"not_picked":["CrushJoints","WaveOfTheHand","CarveReality+1"],"picked":"Consecrate","floor":37},{"not_picked":["LikeWater+1","CutThroughFate+1","EmptyBody"],"picked":"AT_ChampionStep","floor":40},{"not_picked":["REME_Repentance","CrushJoints","EmptyBody","ThirdEye+1"],"picked":"SKIP","floor":41},{"not_picked":["SashWhip+1","LessonLearned","Brilliance"],"picked":"CarveReality+1","floor":45},{"not_picked":["Protect","Evaluate+1","ForeignInfluence"],"picked":"AT_ChampionStep","floor":47},{"not_picked":["TalkToTheHand+1","ThirdEye","FlurryOfBlows"],"picked":"Consecrate+1","floor":48},{"not_picked":["BowlingBash","CarveReality+1","Nirvana"],"picked":"FlurryOfBlows","floor":54}],"player_experience":72924,"relics_obtained":[{"floor":7,"key":"Mercury Hourglass"},{"floor":8,"key":"Question Card"},{"floor":9,"key":"AT_ForceNature"},{"floor":13,"key":"vexMod:MemoryStick"},{"floor":29,"key":"Centennial Puzzle"},{"floor":30,"key":"AT_GuinsooRageblade"},{"floor":38,"key":"CaptainsWheel"},{"floor":40,"key":"testmod-Hope"},{"floor":43,"key":"MealTicket"},{"floor":45,"key":"Lantern"},{"floor":54,"key":"testmod-Déjàvu"}],"event_choices":[{"damage_healed":0,"gold_gain":0,"player_choice":"1 cards matched","damage_taken":0,"max_hp_gain":0,"max_hp_loss":0,"event_name":"Match and Keep!","floor":2,"gold_loss":0,"cards_obtained":["Vault"]},{"damage_healed":0,"gold_gain":0,"player_choice":"Ignored","damage_taken":7,"max_hp_gain":0,"max_hp_loss":0,"event_name":"恩洛斯的盘子","floor":3,"gold_loss":0},{"damage_healed":24,"gold_gain":0,"player_choice":"Banana","damage_taken":0,"max_hp_gain":0,"max_hp_loss":0,"event_name":"Big Fish","floor":5,"gold_loss":0},{"damage_healed":0,"gold_gain":0,"player_choice":"Entered Light","damage_taken":14,"max_hp_gain":0,"max_hp_loss":0,"event_name":"Shining Light","floor":11,"gold_loss":0,"cards_upgraded":["Strike_P","Prostrate"]},{"damage_healed":0,"gold_gain":0,"player_choice":"Success","damage_taken":33,"relics_obtained":["Potion Belt"],"max_hp_gain":0,"max_hp_loss":0,"event_name":"Scrap Ooze","floor":12,"gold_loss":0},{"damage_healed":0,"gold_gain":0,"player_choice":"Copied","damage_taken":0,"max_hp_gain":0,"max_hp_loss":0,"event_name":"Duplicator","floor":19,"gold_loss":0,"cards_obtained":["DeusExMachina"]},{"damage_healed":0,"gold_gain":0,"player_choice":"Read","damage_taken":0,"max_hp_gain":0,"max_hp_loss":0,"event_name":"The Library","floor":20,"gold_loss":0,"cards_obtained":["FlurryOfBlows"]},{"cards_removed":["Shame"],"damage_healed":0,"gold_gain":0,"player_choice":"Gave Gold","damage_taken":0,"max_hp_gain":0,"max_hp_loss":0,"event_name":"Beggar","floor":27,"gold_loss":75},{"cards_removed":["Strike_P"],"damage_healed":0,"gold_gain":0,"player_choice":"Removed Attack","damage_taken":0,"max_hp_gain":0,"max_hp_loss":0,"event_name":"Falling","floor":39,"gold_loss":0},{"damage_healed":0,"gold_gain":0,"player_choice":"Paid","damage_taken":0,"relics_obtained":["Red Mask"],"max_hp_gain":0,"max_hp_loss":0,"event_name":"Tomb of Lord Red Mask","floor":44,"gold_loss":154}],"is_beta":false,"boss_relics":[{"not_picked":["energizedSpire:DeadBattery","Runic Dome"],"picked":"REME_DuelDisc"},{"not_picked":["testmod-StringDisintegrator","energizedSpire:MagnifyingGlass"],"picked":"testmod-DeterminationOfClimber"}],"items_purged_floors":[],"is_endless":false,"potions_floor_spawned":[8,13,28,29,35,37,40],"ascension_level":0}}