{"host":"w23c85yopnejbyem","time":1610963529,"event":{"mods":["100% Spire Juice","2.2 Compatiblity","AchievementEnabler","Act Like it!","Arknights The Spire","BaseMod","Beaked The Cultist","BetterRewards","CapriCore","ChefMod","Colored Map","Colored Powertips","Conspire","Downfall-Rebalance","Duelist Mod","Elementarium","Gensokyo","GifTheSpireLib","Halation","Hallownest","Hermit","Highlight Path","JesterMod","KinomotoSakuraMod(????)","Luminous","Menagerie","Mimic Mod","Minty Spire (QoL Compilation)","Permanent Neow","Quarter Circle Forward PUNCH!","Quick Restart","Replay The Spire","Robot Space Explorer","Shade Mod","Shedinja","Shop Mod","Spicy Shops","Spikes Relics","StS++","StSLib","Stuff the Spire","The Animator","The Blue Laboratory","The Bug Knight","The Dragon Tamer","The Edgeheg","The Fake Hero","The Immortal","The Marked","The Mystic","The Senshi","The Trickster","TheSwordswoman","TheVacant","TheVelvet","Useless Jewels Mod","Yakumo Yukari mod","??????REMEMod"],"gold_per_floor":[109,109,121,121,140,168,181,215,215,107,107,32,44,53,53,102,102,112,143,143,66,16,16,32,32,32,32,46,59,3,53,53,56,56],"floor_reached":33,"language":"ENG","playtime":2015,"items_purged":[],"score":349,"play_id":"4f4728a6-b779-4d36-b00b-e0ab89377749","local_time":"20210118095209","is_ascension_mode":true,"campfire_choices":[{"data":"Secret Technique","floor":11,"key":"SMITH"},{"floor":15,"key":"REST"},{"data":"Adrenaline","floor":23,"key":"SMITH"},{"floor":25,"key":"REST"},{"data":"Tools of the Trade","floor":27,"key":"SMITH"},{"data":"Malaise","floor":32,"key":"SMITH"},{"data":"InfectiousVector","floor":32,"key":"SMITH"}],"circlet_count":0,"master_deck":["Strike_G+1","Strike_G","Strike_G","Strike_G","Strike_G+1","Defend_G","Defend_G","Defend_G+1","Defend_G","Defend_G","Survivor","Neutralize","Secret Technique+1","Poisoned Stab","PiercingWail","Menagerie:SagesJudgement","Malaise+1","Flying Knee","Cloak And Dagger","InfectiousVector+1","StSpp:PoisonousPunch+1","Adrenaline+1","Hidden Blade","conspire:SpireCoStock","Tools of the Trade+1","ReplayTheSpireMod:Speed Training+1","Gensokyo:RustyChest"],"relics":["Ring of the Snake","REME_ComplimentaryCards","REME_HandOfSuture","StuffTheSpire:RubySignet","Simple Rune","StSpp:TwinEgg","Menagerie:Aurumvore","halation:KoshaPiece","Gremlin Food","Bag of Marbles","Strawberry","Question Card","Replay:Ringing Soul","Gremlin Horn","Replay:Arrowhead","ZombieTooth","qcfpunch:Broken_Tusk"],"acts_visited":["Menagerie:Menagerie","Gensokyo:Gensokyoer"],"potions_floor_usage":[8,14,29,29],"damage_taken":[{"damage":0,"enemies":"Menagerie:StygianBoar","floor":1,"turns":5},{"damage":0,"enemies":"Menagerie:MonstrousExperiment","floor":3,"turns":3},{"damage":0,"enemies":"Menagerie:2_RABBITS","floor":5,"turns":5},{"damage":6,"enemies":"Menagerie:Hydra","floor":6,"turns":8},{"damage":0,"enemies":"Menagerie:DREAD_MOTH_AND_GRAFTED_WORMS","floor":7,"turns":3},{"damage":25,"enemies":"Menagerie:MaskedSummoner","floor":8,"turns":22},{"damage":5,"enemies":"Menagerie:Hydra","floor":13,"turns":4},{"damage":4,"enemies":"Menagerie:Hexasnake","floor":14,"turns":5},{"damage":17,"enemies":"Menagerie:Suneater","floor":16,"turns":9},{"damage":16,"enemies":"Gensokyo:2_Gloops","floor":18,"turns":4},{"damage":25,"enemies":"Gensokyo:Koishi","floor":24,"turns":8},{"damage":4,"enemies":"Gensokyo:Chomper","floor":28,"turns":4},{"damage":0,"enemies":"Gensokyo:Reisen","floor":29,"turns":2},{"damage":30,"enemies":"Gensokyo:Reisen","floor":31,"turns":9},{"damage":47,"enemies":"Gensokyo:Kaguya","floor":33,"turns":10}],"seed_played":"7366507077849054137","potions_obtained":[{"floor":6,"key":"blueLaboratory:Moonshine"},{"floor":7,"key":"blueLaboratory:BottleOfRum"},{"floor":8,"key":"SkillPotion"},{"floor":13,"key":"BlessingOfTheForge"},{"floor":19,"key":"blueLaboratory:ExaltedPotion"},{"floor":31,"key":"Weak Potion"}],"is_trial":false,"path_per_floor":["M","T","M","?","M","E","M","E","T","?","R","$","E","M","R","B",null,"M","?","?","$","?","R","E","R","T","R","M","E","COS","?","R","B"],"character_chosen":"THE_SILENT","items_purchased":["halation:KoshaPiece","Strawberry"],"campfire_rested":2,"item_purchase_floors":[12,21],"current_hp_per_floor":[70,70,70,65,65,59,59,34,34,34,34,34,29,25,46,33,70,56,56,56,63,63,63,38,61,61,61,57,60,63,43,43,0,0],"gold":56,"neow_bonus":"RANDOM_COMMON_RELIC","is_daily":false,"chose_seed":false,"campfire_upgraded":5,"win_rate":0.0,"timestamp":1610963529,"path_taken":["M","?","M","?","M","E","M","E","T","?","R","?","E","M","R","BOSS","M","?","?","$","?","R","E","R","T","R","?","E","COS","?","R","BOSS"],"items_purchased_type":["Relic","Relic"],"build_version":"2020-12-22","purchased_purges":0,"victory":false,"max_hp_per_floor":[70,70,70,70,70,70,70,70,70,70,70,70,70,70,70,70,70,70,70,70,77,77,77,77,77,77,77,77,80,83,83,83,83,83],"card_choices":[{"not_picked":["Dodge and Roll","Bane"],"picked":"Poisoned Stab","floor":1},{"not_picked":["StuffTheSpire:Injection","Accuracy"],"picked":"PiercingWail","floor":3},{"not_picked":["Reflex","Expertise"],"picked":"Malaise","floor":5},{"not_picked":["Catalyst","Slice"],"picked":"Flying Knee","floor":6},{"not_picked":["Masterful Stab","StuffTheSpire:BumpUp"],"picked":"Cloak And Dagger","floor":7},{"not_picked":["Night Terror","Concentrate","ReplayTheSpireMod:Shiv Toss"],"picked":"SKIP","floor":8},{"not_picked":["StSpp:Dive","ReplayTheSpireMod:The Works"],"picked":"InfectiousVector","floor":13},{"not_picked":["Masterful Stab","StSpp:Throw"],"picked":"StSpp:PoisonousPunch","floor":14},{"not_picked":["REME_GrazeFinale","StSpp:NonchalentStrike"],"picked":"Adrenaline","floor":16},{"not_picked":["Slice","Blade Dance"],"picked":"Hidden Blade","floor":18},{"not_picked":["Flechettes","Deflect"],"picked":"Tools of the Trade","floor":24},{"not_picked":["Backflip","Quick Slash","Acrobatics+1","Prepared"],"picked":"SKIP","floor":28},{"not_picked":["Poisoned Stab+1","Bane+1","Hidden Blade"],"picked":"ReplayTheSpireMod:Speed Training+1","floor":29}],"player_experience":489918,"relics_obtained":[{"floor":2,"key":"StuffTheSpire:RubySignet"},{"floor":6,"key":"Simple Rune"},{"floor":8,"key":"StSpp:TwinEgg"},{"floor":13,"key":"Gremlin Food"},{"floor":19,"key":"Bag of Marbles"},{"floor":24,"key":"Question Card"},{"floor":26,"key":"Replay:Ringing Soul"},{"floor":29,"key":"Gremlin Horn"},{"floor":31,"key":"Replay:Arrowhead"},{"floor":31,"key":"ZombieTooth"}],"event_choices":[{"damage_healed":0,"gold_gain":0,"player_choice":"Help the mage","damage_taken":5,"max_hp_gain":0,"max_hp_loss":0,"event_name":"Menagerie:MageAndMonster","floor":4,"gold_loss":0,"cards_obtained":["Menagerie:SagesJudgement"]},{"damage_healed":0,"gold_gain":0,"player_choice":"Pacify","damage_taken":0,"relics_obtained":["Menagerie:Aurumvore"],"max_hp_gain":0,"max_hp_loss":0,"event_name":"Menagerie:ScentOfGold","floor":10,"gold_loss":0},{"damage_healed":0,"gold_gain":0,"player_choice":"Invest 1","damage_taken":0,"max_hp_gain":0,"max_hp_loss":0,"event_name":"conspire:Investor","floor":22,"gold_loss":0}],"is_beta":false,"boss_relics":[{"not_picked":["Velvet Choker","Snecko Eye","StSpp:PileOfSugar"]}],"items_purged_floors":[],"is_endless":false,"potions_floor_spawned":[6,7,8,13,31],"killed_by":"Gensokyo:Kaguya","ascension_level":2}}