{"host":"ojme7g6xlqwffsso","time":1610948947,"event":{"mods":["BaseMod","Downfall","Lobotomy","Minty Spire (QoL Compilation)","StSLib"],"gold_per_floor":[113,131,131,141,156,156,156,156],"floor_reached":7,"language":"ENG","playtime":339,"items_purged":[],"score":65,"play_id":"f541acec-94b2-4b29-853d-1c41b6628be9","local_time":"20210118144907","is_ascension_mode":true,"campfire_choices":[{"data":"Flex","floor":6,"key":"SMITH"}],"circlet_count":0,"master_deck":["AscendersBane","Strike_R","Strike_R","Strike_R","Strike_R","Defend_R","Defend_R","Defend_R","Defend_R","Bash","Flex+1","DreamingCurrent","Headbutt","SpiderBud","Dual Wield","Yin","Pommel Strike","Shrug It Off"],"relics":["Burning Blood","CogitoBucket","Yang_Lob"],"acts_visited":["Exordium"],"potions_floor_usage":[],"damage_taken":[{"damage":8,"enemies":"Small Slimes","floor":1,"turns":4},{"damage":21,"enemies":"Cultist","floor":2,"turns":3},{"damage":29,"enemies":"Jaw Worm","floor":4,"turns":3},{"damage":78,"enemies":"Exordium Thugs","floor":5,"turns":14},{"damage":92,"enemies":"Gremlin Nob","floor":7,"turns":5}],"seed_played":"1381954627621522585","potions_obtained":[{"floor":5,"key":"hexamod:SoulburnPotion"}],"is_trial":false,"path_per_floor":["M","M","?","M","M","R","E"],"character_chosen":"IRONCLAD","items_purchased":[],"campfire_rested":0,"item_purchase_floors":[],"current_hp_per_floor":[70,61,61,44,50,50,0,0],"gold":156,"neow_bonus":"","is_daily":false,"chose_seed":false,"campfire_upgraded":1,"win_rate":0.0,"timestamp":1610948947,"path_taken":["M","M","?","M","?","R","E"],"items_purchased_type":[],"build_version":"2020-12-22","purchased_purges":0,"victory":false,"max_hp_per_floor":[80,80,80,80,80,80,80,80],"card_choices":[{"not_picked":["Cleave","Dual Wield"],"picked":"Flex","floor":1},{"not_picked":["CherryBlossoms","Rudolta"],"picked":"DreamingCurrent","floor":1},{"not_picked":["True Grit","Second Wind"],"picked":"Headbutt","floor":2},{"not_picked":["Scorched","GreedKing"],"picked":"SpiderBud","floor":2},{"not_picked":["OldLady","CherryBlossoms"],"picked":"Yin","floor":4},{"not_picked":["Fire Breathing","Armaments"],"picked":"Pommel Strike","floor":4},{"not_picked":["Inflame","Thunderclap"],"picked":"Shrug It Off","floor":5}],"player_experience":882372,"relics_obtained":[],"event_choices":[{"damage_healed":0,"gold_gain":0,"cards_transformed":["Strike_R"],"player_choice":"Transformed","damage_taken":0,"max_hp_gain":0,"max_hp_loss":0,"event_name":"Transmorgrifier","floor":3,"gold_loss":0,"cards_obtained":["Dual Wield"]}],"is_beta":false,"boss_relics":[],"items_purged_floors":[],"is_endless":false,"potions_floor_spawned":[5],"killed_by":"Gremlin Nob","ascension_level":10}}