{"host":"ockkdcgl3b18tfz9","time":1610984082,"event":{"mods":["2.2 Compatiblity","BaseMod","Better Skull","Better Third Choice","BetterRewards","Hermit","Minty Spire (QoL Compilation)","Quick Restart","Replay The Spire","Spicy Shops","StSLib","SuperFastMode","The Jungle"],"gold_per_floor":[118,135,151,116,116,142,142,157,157,157,157,9,32,50,61,61,161,161,171,171,171,171,186,186,186,186],"floor_reached":25,"language":"ENG","playtime":326,"items_purged":[],"score":281,"play_id":"923160d7-c5e4-40cc-a813-fbd140da31f2","local_time":"20210118223442","is_ascension_mode":true,"campfire_choices":[{"data":"Heavy Blade","floor":11,"key":"SMITH"},{"data":"Barricade","floor":16,"key":"SMITH"},{"floor":24,"key":"REST"}],"circlet_count":0,"master_deck":["Strike_R","Strike_R","Strike_R","Strike_R","Strike_R","Defend_R","Defend_R","Defend_R","Bash","Thunderclap","Iron Wave","Heavy Blade+1","Rage","Barricade+1","Feel No Pain","Offering","Pommel Strike","Infernal Blade"],"relics":["Burning Blood","Brimstone","Strawberry","Omamori","HandDrill","Odd Mushroom","Mark of Pain"],"acts_visited":["Exordium","TheCity"],"potions_floor_usage":[6,13,13,17,17,25,25],"damage_taken":[{"damage":9,"enemies":"Small Slimes","floor":1,"turns":3},{"damage":0,"enemies":"Cultist","floor":2,"turns":2},{"damage":7,"enemies":"Jaw Worm","floor":3,"turns":3},{"damage":23,"enemies":"Lagavulin","floor":6,"turns":4},{"damage":2,"enemies":"Exordium Wildlife","floor":8,"turns":2},{"damage":17,"enemies":"The Mushroom Lair","floor":13,"turns":3},{"damage":0,"enemies":"2 Fungi Beasts","floor":14,"turns":2},{"damage":15,"enemies":"Red Slaver","floor":15,"turns":2},{"damage":69,"enemies":"Hexaghost","floor":17,"turns":7},{"damage":33,"enemies":"2 Thieves","floor":19,"turns":3},{"damage":16,"enemies":"Shell Parasite","floor":23,"turns":3},{"damage":32,"enemies":"Slavers","floor":25,"turns":2}],"seed_played":"-1272668321199930905","potions_obtained":[{"floor":1,"key":"BloodPotion"},{"floor":3,"key":"Fire Potion"},{"floor":6,"key":"Swift Potion"},{"floor":7,"key":"PowerPotion"},{"floor":13,"key":"Strength Potion"},{"floor":17,"key":"CultistPotion"},{"floor":23,"key":"Dexterity Potion"}],"is_trial":false,"path_per_floor":["M","M","M","?","$","E","?","M","T","M","R","$","?","M","M","R","B",null,"M","?","?","?","M","R","E"],"character_chosen":"IRONCLAD","items_purchased":["Brimstone","Strawberry","HandDrill"],"campfire_rested":1,"item_purchase_floors":[0,0,12],"current_hp_per_floor":[61,67,66,87,87,70,70,74,74,74,74,74,80,86,77,77,14,69,42,42,25,25,15,42,10,10],"gold":186,"neow_bonus":"","is_daily":false,"chose_seed":false,"campfire_upgraded":2,"win_rate":0.0,"timestamp":1610984082,"path_taken":["M","M","M","?","$","E","?","M","T","?","R","?","?","M","M","R","BOSS","M","?","?","?","M","R","E"],"items_purchased_type":["Relic","Relic","Relic"],"build_version":"2020-12-22","purchased_purges":0,"victory":false,"max_hp_per_floor":[87,87,87,87,87,87,87,87,87,87,87,87,87,87,87,87,87,87,87,87,92,92,92,92,92,92],"card_choices":[{"not_picked":["Twin Strike","Clash"],"picked":"Thunderclap","floor":1},{"not_picked":["Twin Strike","Clothesline"],"picked":"Iron Wave","floor":2},{"not_picked":["ReplayTheSpireMod:Strike From Hell","Carnage","Wild Strike"],"picked":"SKIP","floor":3},{"not_picked":["Pummel","Run Through","True Grit"],"picked":"SKIP","floor":6},{"not_picked":["Clash","Havoc"],"picked":"Heavy Blade","floor":8},{"not_picked":["ReplayTheSpireMod:Stacked","Wild Strike"],"picked":"Rage","floor":13},{"not_picked":["Uppercut","Rage"],"picked":"Barricade","floor":14},{"not_picked":["Dark Embrace","Clash"],"picked":"Feel No Pain","floor":15},{"not_picked":["Double Tap","Eclipse"],"picked":"Offering","floor":17},{"not_picked":["Evolve","Clash"],"picked":"Pommel Strike","floor":19},{"not_picked":["Entrench","ReplayReversal"],"picked":"Infernal Blade","floor":23}],"player_experience":288299,"relics_obtained":[{"floor":6,"key":"Omamori"},{"floor":13,"key":"Odd Mushroom"}],"event_choices":[{"damage_healed":21,"gold_gain":0,"player_choice":"Healed","damage_taken":0,"max_hp_gain":0,"max_hp_loss":0,"event_name":"The Cleric","floor":4,"gold_loss":35},{"damage_healed":0,"gold_gain":0,"player_choice":"Got Potions","damage_taken":0,"max_hp_gain":0,"max_hp_loss":0,"event_name":"Lab","floor":7,"gold_loss":0},{"damage_healed":0,"gold_gain":0,"player_choice":"Fought Mushrooms","damage_taken":0,"max_hp_gain":0,"max_hp_loss":0,"event_name":"Mushrooms","floor":13,"gold_loss":0},{"damage_healed":0,"gold_gain":0,"player_choice":"Shed Blood","damage_taken":22,"max_hp_gain":5,"max_hp_loss":0,"event_name":"Forgotten Altar","floor":21,"gold_loss":0},{"cards_removed":["Defend_R"],"damage_healed":0,"gold_gain":0,"player_choice":"Purged","damage_taken":0,"max_hp_gain":0,"max_hp_loss":0,"event_name":"Purifier","floor":22,"gold_loss":0}],"is_beta":false,"boss_relics":[{"not_picked":["Runic Pyramid","Ooze Armor"],"picked":"Mark of Pain"}],"items_purged_floors":[],"is_endless":false,"potions_floor_spawned":[1,3,6,13,17,23],"killed_by":"Slavers","ascension_level":8}}