{"host":"uimu98mr9zvwuo5s","time":1610981511,"event":{"mods":["Aspiration","BaseMod","BetterRewards","Conspire","Defective Defect","GifTheSpireLib","Gremlin Mod","Hermit","Highlight Path","Hubris","Infinite Spire","Jedi Mod","Jorbs\u0027s Wanderer Trilogy","LagranYue(???·?)","Minty Spire (QoL Compilation)","Replay The Spire","Shop Mod","StSLib","Stuff the Spire","The Hierophant","Uncapped"],"gold_per_floor":[116,66,66,87,107,107,121,121,121,121,111,156,178,210,210,210,210],"floor_reached":16,"language":"ENG","playtime":851,"items_purged":["Gremlin:Strike"],"score":177,"play_id":"d8c8dbf4-65b5-4b15-b7b8-611af58582d5","local_time":"20210118095151","is_ascension_mode":false,"campfire_choices":[{"data":"Gremlin:GremlinArms","floor":6,"key":"SMITH"},{"data":"Gremlin:GremlinToss","floor":8,"key":"SMITH"},{"data":"Gremlin:GremlinToss","floor":10,"key":"SMITH"}],"circlet_count":0,"master_deck":["Gremlin:Strike","Gremlin:Strike","Gremlin:Defend","Gremlin:Defend","Gremlin:Defend","Gremlin:Defend","Gremlin:TagTeam","Gremlin:GremlinDance","Gremlin:Polish+1","Gremlin:ShankStone","Gremlin:GremlinToss+1","Gremlin:Polish+1","Gremlin:Patsy","Gremlin:GremlinArms+1","Gremlin:GremlinToss+1","Gremlin:GremlinArms","Gremlin:Polish+1","Gremlin:Polish+1","conspire:SpireCoStock","Gremlin:GremlinArms+1"],"relics":["Gremlin:GremlinKnob","LagranYue:RandomDrawCardRelic","MerchantsRug","Chemical X","Turnip","Membership Card","Gremlin:PricklyShields","hubris:MobiusCoin","Replay:Bottled Eggs","hubris:64BitClover","StuffTheSpire:BottledEssence","Golden Egg","Gremlin Horn"],"acts_visited":["Exordium"],"potions_floor_usage":[],"damage_taken":[{"damage":9,"enemies":"2 Louse","floor":1,"turns":3},{"damage":1,"enemies":"infinitespire:Voidling","floor":4,"turns":2},{"damage":10,"enemies":"Small Slimes","floor":5,"turns":3},{"damage":0,"enemies":"Looter","floor":7,"turns":2},{"damage":28,"enemies":"Gremlin Nob","floor":12,"turns":4},{"damage":13,"enemies":"Exordium Wildlife","floor":13,"turns":4},{"damage":4,"enemies":"Red Slaver","floor":14,"turns":3},{"damage":10,"enemies":"Slime Boss","floor":16,"turns":4}],"seed_played":"-2350245188757104851","potions_obtained":[{"floor":4,"key":"BlessingOfTheForge"},{"floor":14,"key":"jedi:holywater"}],"is_trial":false,"path_per_floor":["M","?","?","M","M","R","M","R","T","R","$","E","M","M","R","B"],"character_chosen":"GREMLIN","items_purchased":["MerchantsRug","Gremlin:Polish","Gremlin:ShankStone","Gremlin:GremlinToss","Chemical X","Turnip","Gremlin:Polish","Membership Card","Gremlin:PricklyShields","hubris:MobiusCoin","Gremlin:Patsy","Gremlin:GremlinArms","Replay:Bottled Eggs","hubris:64BitClover","Gremlin:GremlinToss","StuffTheSpire:BottledEssence","Gremlin:GremlinArms","Gremlin:Polish","Gremlin:GremlinArms"],"campfire_rested":0,"item_purchase_floors":[0,0,0,0,0,0,0,0,0,0,0,0,0,0,0,0,0,0,11],"current_hp_per_floor":[20,20,20,19,9,9,2,2,2,2,2,20,9,2,2,19,19],"gold":210,"neow_bonus":"","is_daily":false,"chose_seed":false,"campfire_upgraded":3,"win_rate":0.0,"timestamp":1610981511,"path_taken":["M","?","?","M","M","R","M","R","T","R","$","E","M","M","R","BOSS"],"items_purchased_type":["Relic","Card","Card","Card","Relic","Relic","Card","Relic","Relic","Relic","Card","Card","Relic","Relic","Card","Relic","Card","Card","Card"],"build_version":"2020-12-22","purchased_purges":1,"victory":false,"max_hp_per_floor":[20,20,20,20,20,20,20,20,20,20,20,20,20,20,19,19,19],"card_choices":[{"not_picked":["Gremlin:PartyStick","Gremlin:ToeStub"],"picked":"Gremlin:Polish","floor":1},{"not_picked":["Gremlin:Glimmer","Gremlin:Changeo","Gremlin:Tadah"],"picked":"SKIP","floor":4},{"not_picked":["Gremlin:FanOfKnives","Gremlin:CatScratch","Gremlin:BulkUp"],"picked":"SKIP","floor":5},{"not_picked":["Gremlin:PinNeedle","Gremlin:Tadah","Gremlin:Presto"],"picked":"SKIP","floor":7},{"not_picked":["Gremlin:Tadah","Gremlin:GremlinOffensive","Gremlin:Mockery"],"picked":"SKIP","floor":12},{"not_picked":["Gremlin:Revel","Gremlin:Scatter","Gremlin:Irritability"],"picked":"SKIP","floor":13},{"not_picked":["Gremlin:Changeo","Gremlin:Presto","Gremlin:Mockery"],"picked":"SKIP","floor":14}],"player_experience":251859,"relics_obtained":[{"floor":9,"key":"Golden Egg"},{"floor":12,"key":"Gremlin Horn"}],"event_choices":[{"damage_healed":0,"gold_gain":0,"player_choice":"Invest 1","damage_taken":0,"max_hp_gain":0,"max_hp_loss":0,"event_name":"conspire:Investor","floor":2,"gold_loss":0},{"cards_removed":["Gremlin:Strike"],"damage_healed":0,"gold_gain":0,"player_choice":"Purged","damage_taken":0,"max_hp_gain":0,"max_hp_loss":0,"event_name":"Purifier","floor":3,"gold_loss":0}],"is_beta":false,"boss_relics":[],"items_purged_floors":[0],"is_endless":false,"potions_floor_spawned":[4,14],"killed_by":"Slime Boss","ascension_level":0}}