{"host":"dftyqn972q7tuon4","time":1610991750,"event":{"mods":["AchievementEnabler","BaseMod","Better Altar","Better Match","Better Note","Better Sensory Stone","Better Skull","Better Third Choice","Colored Powertips","Highlight Path","Minty Spire (QoL Compilation)","Permanent Neow","Quick Restart","StSLib"],"gold_per_floor":[111,286,286,296,296,312,312,3,3,13,0,0,25,36,36,134,134,151,165,182,182,194,206,218,230,311,323,353,365,409,401,413,529,541,572,603,94,0,0,26,26,59,59,92,102,2,29,49,49,49],"floor_reached":51,"language":"ENG","playtime":2171,"items_purged":["Strike_R","Wild Strike"],"score":1294,"play_id":"b5a63601-a43a-4dd2-900d-23266caf69d8","local_time":"20210118184230","is_ascension_mode":true,"campfire_choices":[{"data":"Armaments","floor":12.0,"key":"SMITH"},{"data":"Rupture","floor":15.0,"key":"SMITH"},{"data":"Rupture","floor":23.0,"key":"SMITH"},{"data":"Heavy Blade","floor":25.0,"key":"SMITH"},{"floor":32.0,"key":"REST"},{"data":"Limit Break","floor":41,"key":"SMITH"},{"data":"True Grit","floor":49,"key":"SMITH"}],"circlet_count":0,"master_deck":["AscendersBane","Strike_R","Strike_R","Strike_R","Strike_R","Defend_R","Defend_R","Defend_R","Defend_R","Bash","Armaments+1","Rupture+1","Combust","Rupture+1","Ghostly Armor","Reaper","Combust+1","Heavy Blade+1","Twin Strike+1","Whirlwind+1","Necronomicurse","Limit Break+1","Blood for Blood","Fiend Fire","Spot Weakness+1","Bloodletting+1","Normality","Dark Embrace+1","Blood for Blood+1","Writhe","Reaper","Pummel","Warcry+1","True Grit+1"],"relics":["Black Blood","Bag of Marbles","MealTicket","Mummified Hand","Kunai","betterThird:SlimedRelic","Dream Catcher","MawBank","Blue Candle","Necronomicon","Anchor","Cursed Key","Juzu Bracelet","Red Skull","OrangePellets","Red Mask","Charon\u0027s Ashes","Art of War","Orichalcum","Bottled Flame","InkBottle","Letter Opener"],"acts_visited":["Exordium","TheCity","TheBeyond"],"potions_floor_usage":[50,50],"damage_taken":[{"damage":6.0,"enemies":"2 Louse","floor":1.0,"turns":3.0},{"damage":1.0,"enemies":"Cultist","floor":4.0,"turns":3.0},{"damage":5.0,"enemies":"Small Slimes","floor":6.0,"turns":5.0},{"damage":5.0,"enemies":"2 Fungi Beasts","floor":10.0,"turns":4.0},{"damage":2.0,"enemies":"Blue Slaver","floor":14.0,"turns":2.0},{"damage":26.0,"enemies":"Hexaghost","floor":16.0,"turns":9.0},{"damage":48.0,"enemies":"3 Byrds","floor":18.0,"turns":6.0},{"damage":20.0,"enemies":"Shell Parasite","floor":19.0,"turns":5.0},{"damage":16.0,"enemies":"Centurion and Healer","floor":20.0,"turns":8.0},{"damage":20.0,"enemies":"Snake Plant","floor":28.0,"turns":3.0},{"damage":32.0,"enemies":"Slavers","floor":30.0,"turns":4.0},{"damage":102.0,"enemies":"Collector","floor":33.0,"turns":8.0},{"damage":1.0,"enemies":"Orb Walker","floor":35.0,"turns":2.0},{"damage":0.0,"enemies":"3 Darklings","floor":36.0,"turns":1.0},{"damage":31,"enemies":"Giant Head","floor":40,"turns":3},{"damage":11,"enemies":"Reptomancer","floor":42,"turns":3},{"damage":18,"enemies":"Nemesis","floor":44,"turns":3},{"damage":16,"enemies":"4 Shapes","floor":45,"turns":2},{"damage":12,"enemies":"Giant Head","floor":47,"turns":4},{"damage":40,"enemies":"Transient","floor":48,"turns":2},{"damage":53,"enemies":"Awakened One","floor":50,"turns":7}],"seed_played":"3320220958541711750","potions_obtained":[{"floor":4.0,"key":"Regen Potion"},{"floor":5.0,"key":"FairyPotion"},{"floor":5.0,"key":"Block Potion"},{"floor":6.0,"key":"ElixirPotion"},{"floor":18.0,"key":"SkillPotion"},{"floor":19.0,"key":"EssenceOfSteel"},{"floor":30.0,"key":"Energy Potion"},{"floor":36.0,"key":"ElixirPotion"},{"floor":44,"key":"HeartOfIron"},{"floor":45,"key":"BloodPotion"},{"floor":47,"key":"Swift Potion"},{"floor":48,"key":"ColorlessPotion"}],"is_trial":false,"path_per_floor":["M","?","?","M","?","M","?","$","T","M","?","R","T","M","R","B",null,"M","M","M","T","$","R","$","R","T","?","M","?","E","?","R","B",null,"M","M","$","?","T","E","R","E","T","E","M","$","E","M","R","B",null],"character_chosen":"IRONCLAD","items_purchased":["Mummified Hand","Combust","Juzu Bracelet","Red Skull","OrangePellets"],"campfire_rested":1,"item_purchase_floors":[8,8,37,37,37],"current_hp_per_floor":[72,72,53,58,58,73,66,80,80,80,69,69,69,73,73,53,73,45,37,44,44,59,59,74,74,74,74,66,50,41,41,65,36,69,80,80,80,80,80,61,61,62,62,56,80,80,80,52,52,43],"gold":49,"neow_bonus":"RANDOM_COMMON_RELIC","is_daily":false,"chose_seed":false,"campfire_upgraded":6,"win_rate":0.0,"timestamp":1610991750,"path_taken":["M","?","?","?","?","?","?","?","T","M","?","R","?","M","R","BOSS","M","M","M","?","$","R","$","R","T","?","M","?","E","?","R","BOSS","M","M","$","?","?","E","R","E","T","E","M","?","E","M","R","BOSS"],"items_purchased_type":["Relic","Card","Relic","Relic","Relic"],"build_version":"2020-12-22","purchased_purges":2,"victory":true,"max_hp_per_floor":[80,80,80,80,80,80,80,80,80,80,80,80,80,80,80,80,80,80,80,80,80,80,80,80,80,80,80,80,80,80,80,80,80,80,80,80,80,80,80,80,80,80,80,80,80,80,80,80,80,80],"card_choices":[{"not_picked":["Wild Strike","Flex"],"picked":"Armaments","floor":1.0},{"not_picked":["Warcry","Dual Wield"],"picked":"Rupture","floor":4.0},{"not_picked":["Sentinel","Havoc"],"picked":"Wild Strike","floor":6.0},{"not_picked":["Cleave","Thunderclap"],"picked":"Rupture","floor":10.0},{"not_picked":["Exhume","Headbutt"],"picked":"Ghostly Armor","floor":14.0},{"not_picked":["Bludgeon","Feed"],"picked":"Reaper","floor":16.0},{"not_picked":["Seeing Red+1","Metallicize"],"picked":"Combust+1","floor":18.0},{"not_picked":["Perfected Strike","Body Slam+1"],"picked":"Heavy Blade","floor":19.0},{"not_picked":["Flex+1","Combust"],"picked":"Twin Strike+1","floor":20.0},{"not_picked":["Disarm","Anger"],"picked":"Whirlwind+1","floor":28.0},{"not_picked":["Havoc","Iron Wave"],"picked":"Limit Break","floor":30.0},{"not_picked":["Anger","True Grit"],"picked":"Blood for Blood","floor":32.0},{"not_picked":["Corruption","Impervious"],"picked":"Fiend Fire","floor":33.0},{"not_picked":["Burning Pact+1","Clothesline+1"],"picked":"Spot Weakness+1","floor":35.0},{"not_picked":["Iron Wave","Feel No Pain+1"],"picked":"Bloodletting+1","floor":36.0},{"not_picked":["Anger+1","Sword Boomerang"],"picked":"Dark Embrace+1","floor":40},{"not_picked":["Fire Breathing+1","Juggernaut"],"picked":"Blood for Blood+1","floor":42},{"not_picked":["Carnage+1","Rage+1"],"picked":"Reaper","floor":44},{"not_picked":["Anger","Headbutt+1"],"picked":"Pummel","floor":45},{"not_picked":["Thunderclap","Iron Wave"],"picked":"Warcry+1","floor":47},{"not_picked":["Fire Breathing","Armaments+1"],"picked":"True Grit","floor":48}],"player_experience":693176,"relics_obtained":[{"floor":9.0,"key":"Kunai"},{"floor":13.0,"key":"Dream Catcher"},{"floor":21.0,"key":"MawBank"},{"floor":26.0,"key":"Blue Candle"},{"floor":29.0,"key":"Necronomicon"},{"floor":30.0,"key":"Anchor"},{"floor":39.0,"key":"Charon\u0027s Ashes"},{"floor":40,"key":"Art of War"},{"floor":42,"key":"Orichalcum"},{"floor":43,"key":"Bottled Flame"},{"floor":44,"key":"InkBottle"},{"floor":47,"key":"Letter Opener"}],"event_choices":[{"damage_healed":0.0,"max_hp_gain":0.0,"max_hp_loss":0.0,"gold_gain":175.0,"event_name":"betterThird:BetterSerpent","player_choice":"AGREE","floor":2.0,"gold_loss":0.0,"damage_taken":111.0},{"damage_healed":0.0,"max_hp_gain":0.0,"max_hp_loss":0.0,"gold_gain":0.0,"event_name":"betterSkull:BetterSkull","player_choice":"RE ","floor":3.0,"gold_loss":0.0,"damage_taken":21.0,"cards_upgraded":[],"relics_obtained":["MealTicket"]},{"damage_healed":0.0,"max_hp_gain":0.0,"max_hp_loss":0.0,"gold_gain":0.0,"event_name":"Lab","player_choice":"Got Potions","floor":5.0,"gold_loss":0.0,"damage_taken":0.0},{"cards_removed":["Doubt"],"damage_healed":0.0,"max_hp_gain":0.0,"max_hp_loss":0.0,"gold_gain":0.0,"event_name":"Golden Wing","player_choice":"Card Removal","floor":7.0,"gold_loss":0.0,"damage_taken":7.0},{"damage_healed":0.0,"max_hp_gain":0.0,"max_hp_loss":0.0,"gold_gain":0.0,"event_name":"betterThird:BetterGoop","player_choice":"Slimed","floor":11.0,"gold_loss":13.0,"damage_taken":11.0},{"damage_healed":0.0,"max_hp_gain":0.0,"max_hp_loss":0.0,"gold_gain":0.0,"event_name":"Ghosts","player_choice":"Ignored","floor":27.0,"gold_loss":0.0,"damage_taken":0.0},{"damage_healed":0.0,"max_hp_gain":0.0,"max_hp_loss":0.0,"gold_gain":0.0,"event_name":"Cursed Tome","player_choice":"Obtained Book","floor":29.0,"gold_loss":0.0,"damage_taken":16.0},{"damage_healed":0.0,"max_hp_gain":0.0,"max_hp_loss":0.0,"gold_gain":0.0,"event_name":"The Woman in Blue","player_choice":"Bought 1 Potion","floor":31.0,"gold_loss":0.0,"damage_taken":0.0},{"damage_healed":0.0,"max_hp_gain":0.0,"max_hp_loss":0.0,"gold_gain":0.0,"event_name":"Tomb of Lord Red Mask","player_choice":"Paid","floor":38.0,"gold_loss":94.0,"damage_taken":0.0,"relics_obtained":["Red Mask"]}],"is_beta":false,"boss_relics":[{"not_picked":["Ectoplasm","Runic Pyramid"],"picked":"Black Blood"},{"not_picked":["Empty Cage","Tiny House"],"picked":"Cursed Key"}],"items_purged_floors":[37,46],"is_endless":false,"potions_floor_spawned":[4,6,18,19,20,30,36,44,45,47,48],"ascension_level":10}}