{"host":"ibckqdmmf9y74ymf","time":1610986851,"event":{"mods":["2.2 Compatiblity","BaseMod","Colored Map","Curses Come First","Highlight Path","Minty Spire (QoL Compilation)","Quick Restart","Rare Cards Sparkle","Relic Stats","StSLib"],"gold_per_floor":[110,129,140,140,156,186,186,219,219,251,251,264,289,312,312,408,408,423,423,313,334,334,334,359,359,384,384,384],"floor_reached":27,"language":"ENG","playtime":888,"items_purged":[],"score":470,"play_id":"60e998f9-7cd2-4914-ab9a-65a31e17ee8a","local_time":"20210118172051","is_ascension_mode":true,"campfire_choices":[{"data":"Conclude","floor":7.0,"key":"SMITH"},{"floor":15.0,"key":"REST"},{"floor":23.0,"key":"REST"},{"floor":25,"key":"REST"}],"circlet_count":0,"master_deck":["AscendersBane","Strike_P","Strike_P+1","Defend_P","Defend_P","Eruption","Vigilance","Conclude+1","FollowUp","LikeWater","FlyingSleeves","FlurryOfBlows","Protect","CutThroughFate","LikeWater","Blasphemy","SandsOfTime+1","MasterReality+1","MentalFortress+1","DeceiveReality"],"relics":["Philosopher\u0027s Stone","TeardropLocket","Orichalcum","Vajra","StrikeDummy","Matryoshka","Golden Idol","Astrolabe","Pantograph"],"acts_visited":["Exordium","TheCity"],"potions_floor_usage":[24],"damage_taken":[{"damage":0.0,"enemies":"Cultist","floor":1.0,"turns":3.0},{"damage":10.0,"enemies":"2 Louse","floor":2.0,"turns":2.0},{"damage":0.0,"enemies":"Jaw Worm","floor":3.0,"turns":3.0},{"damage":0.0,"enemies":"Looter","floor":5.0,"turns":3.0},{"damage":8.0,"enemies":"Lagavulin","floor":6.0,"turns":4.0},{"damage":18.0,"enemies":"Gremlin Nob","floor":8.0,"turns":4.0},{"damage":10.0,"enemies":"Lagavulin","floor":10.0,"turns":6.0},{"damage":0.0,"enemies":"Large Slime","floor":12.0,"turns":1.0},{"damage":6.0,"enemies":"Exordium Thugs","floor":13.0,"turns":3.0},{"damage":0.0,"enemies":"2 Fungi Beasts","floor":14.0,"turns":3.0},{"damage":22.0,"enemies":"Hexaghost","floor":16.0,"turns":10.0},{"damage":18.0,"enemies":"2 Thieves","floor":18.0,"turns":2.0},{"damage":10.0,"enemies":"Shell Parasite","floor":21.0,"turns":3.0},{"damage":43,"enemies":"Chosen and Byrds","floor":24,"turns":6},{"damage":46,"enemies":"Slavers","floor":27,"turns":3}],"seed_played":"-6600772039031337412","potions_obtained":[{"floor":1.0,"key":"EssenceOfSteel"},{"floor":5.0,"key":"Strength Potion"},{"floor":10.0,"key":"BlessingOfTheForge"},{"floor":13.0,"key":"Block Potion"},{"floor":16.0,"key":"Regen Potion"},{"floor":24,"key":"DuplicationPotion"}],"is_trial":false,"path_per_floor":["M","M","M","T","M","E","R","E","T","E","?","M","M","M","R","B",null,"M","?","?","M","?","R","M","R","T","E"],"character_chosen":"WATCHER","items_purchased":[],"campfire_rested":3,"item_purchase_floors":[],"current_hp_per_floor":[61,51,51,51,51,43,43,25,25,15,15,15,9,9,27,5,48,30,30,30,20,20,38,10,28,28,0,0],"gold":384,"neow_bonus":"BOSS_RELIC","is_daily":false,"chose_seed":false,"campfire_upgraded":1,"win_rate":0.0,"timestamp":1610986851,"path_taken":["M","?","M","?","M","E","R","E","T","E","?","?","M","M","R","BOSS","M","?","?","?","?","R","M","R","T","E"],"items_purchased_type":[],"build_version":"2020-12-22","purchased_purges":0,"victory":false,"max_hp_per_floor":[68,68,68,68,68,68,68,68,68,68,62,62,62,62,62,62,62,62,62,62,62,62,62,62,62,62,62,62],"relic_stats":{"counters":[15,56],"Golden Idol":44,"Astrolabe":["SandsOfTime","MasterReality","MentalFortress"],"Pantograph":0,"Orichalcum":[84],"obtain_stats":[{"Matryoshka":10,"Golden Idol":11,"Astrolabe":17,"Pantograph":26,"Vajra":8,"Philosopher\u0027s Stone":0,"TeardropLocket":4,"PureWater":0,"Orichalcum":6,"StrikeDummy":9},{"Matryoshka":7,"Golden Idol":7,"Astrolabe":11,"Pantograph":14,"Vajra":6,"Philosopher\u0027s Stone":0,"TeardropLocket":3,"PureWater":0,"Orichalcum":5,"StrikeDummy":6},{"Matryoshka":25,"Golden Idol":25,"Astrolabe":42,"Pantograph":53,"Vajra":19,"Philosopher\u0027s Stone":0,"TeardropLocket":8,"PureWater":0,"Orichalcum":15,"StrikeDummy":19}]},"card_choices":[{"not_picked":["ThirdEye","Evaluate"],"picked":"Conclude","floor":1.0},{"not_picked":["Evaluate","Meditate"],"picked":"FollowUp","floor":2.0},{"not_picked":["Crescendo","JustLucky"],"picked":"LikeWater","floor":3.0},{"not_picked":["JustLucky","Protect"],"picked":"FlyingSleeves","floor":5.0},{"not_picked":["Meditate","Study","Weave"],"picked":"SKIP","floor":6.0},{"not_picked":["Crescendo","CutThroughFate"],"picked":"FlurryOfBlows","floor":8.0},{"not_picked":["CrushJoints","BattleHymn"],"picked":"Protect","floor":10.0},{"not_picked":["Crescendo","Vengeance"],"picked":"CutThroughFate","floor":12.0},{"not_picked":["Collect","Omniscience"],"picked":"LikeWater","floor":13.0},{"not_picked":["Prostrate","CrushJoints","Weave"],"picked":"SKIP","floor":14.0},{"not_picked":["Ragnarok","Alpha"],"picked":"Blasphemy","floor":16.0},{"not_picked":["FlurryOfBlows","Prostrate+1","Crescendo"],"picked":"SKIP","floor":18.0},{"not_picked":["JustLucky","Consecrate"],"picked":"DeceiveReality","floor":21.0},{"not_picked":["DeceiveReality","Worship","Wireheading"],"picked":"SKIP","floor":24}],"player_experience":926428,"relics_obtained":[{"floor":4.0,"key":"TeardropLocket"},{"floor":6.0,"key":"Orichalcum"},{"floor":8.0,"key":"Vajra"},{"floor":9.0,"key":"StrikeDummy"},{"floor":10.0,"key":"Matryoshka"},{"floor":26,"key":"Pantograph"}],"event_choices":[{"damage_healed":0.0,"max_hp_gain":0.0,"max_hp_loss":6.0,"gold_gain":0.0,"event_name":"Golden Idol","player_choice":"Lose Max HP","floor":11.0,"gold_loss":0.0,"damage_taken":0.0,"relics_obtained":["Golden Idol"]},{"damage_healed":0.0,"max_hp_gain":0.0,"max_hp_loss":0.0,"gold_gain":0.0,"event_name":"The Mausoleum","player_choice":"Ignored","floor":19.0,"gold_loss":0.0,"damage_taken":0.0},{"cards_removed":["Strike_P"],"damage_healed":0.0,"max_hp_gain":0.0,"max_hp_loss":0.0,"gold_gain":0.0,"event_name":"Designer","player_choice":"Upgrade and Remove","floor":20.0,"gold_loss":110.0,"damage_taken":0.0,"cards_upgraded":["Strike_P"]},{"damage_healed":0.0,"max_hp_gain":0.0,"max_hp_loss":0.0,"gold_gain":0.0,"event_name":"Ghosts","player_choice":"Ignored","floor":22.0,"gold_loss":0.0,"damage_taken":0.0}],"is_beta":false,"boss_relics":[{"not_picked":["SacredBark","SlaversCollar"],"picked":"Astrolabe"}],"items_purged_floors":[],"is_endless":false,"potions_floor_spawned":[1,5,10,13,16,24],"killed_by":"Slavers","ascension_level":20}}