{"host":"ishme5wb80o83upk","time":1610990142,"event":{"mods":["100% Spire Juice","BaseMod","Minty Spire (QoL Compilation)","StSLib"],"gold_per_floor":[117,172,172,182,195,75,102,102,102,120,120,150,100,111,111,206,86,96,96,46,46,62,62,97,111,111,111,111],"floor_reached":27,"language":"KOR","playtime":1104,"items_purged":["Doubt","Moonworks:BigMagnum"],"score":241,"play_id":"ff6434b8-c747-4f50-982b-ca1b7e6306f1","local_time":"20210119021542","is_ascension_mode":false,"campfire_choices":[{"data":"Moonworks:x16BigRocket","floor":6.0,"key":"SMITH"},{"data":"Moonworks:x16BigRocket+1","floor":8.0,"key":"SMITH"},{"data":"Moonworks:x16BigRocket+2","floor":11.0,"key":"SMITH"},{"data":"Moonworks:x16BigRocket+3","floor":15.0,"key":"SMITH"},{"data":"Moonworks:x16BigRocket+4","floor":23.0,"key":"SMITH"}],"circlet_count":0,"master_deck":["Moonworks:Ambush","Moonworks:LongDistanceShot","Moonworks:x16BigRocket+5","Moonworks:IndiscriminateFireSupport","Moonworks:MiracleRedBeanIceCream","Moonworks:Bloodlust","Moonworks:CloudOfSeagulls","Moonworks:HolyNight","Moonworks:StarBlastingFuse","Moonworks:Flamethrower","Moonworks:WeAreWaruda","Moonworks:NicePresent","Moonworks:Bloodlust","Moonworks:CloudOfSeagulls","Moonworks:ReproductionOfRecords","Moonworks:RocketCannon","Moonworks:NicePresent","Moonworks:EvilSpyWorkPreparation+1","Moonworks:PlushieMaster","Moonworks:CookingTime"],"relics":["Moonworks:BrokenBomb","Moonworks:Homemark","NeowsBlessing","Singing Bowl","Smiling Mask","Potion Belt","Bronze Scales","Pandora\u0027s Box","Vajra","Bottled Flame"],"acts_visited":["Exordium","TheCity"],"potions_floor_usage":[27],"damage_taken":[{"damage":0.0,"enemies":"Small Slimes","floor":1.0,"turns":1.0},{"damage":0.0,"enemies":"Cultist","floor":4.0,"turns":1.0},{"damage":0.0,"enemies":"2 Louse","floor":5.0,"turns":1.0},{"damage":27.0,"enemies":"Gremlin Nob","floor":7.0,"turns":4.0},{"damage":10.0,"enemies":"Looter","floor":10.0,"turns":2.0},{"damage":17.0,"enemies":"3 Sentries","floor":12.0,"turns":4.0},{"damage":15.0,"enemies":"2 Fungi Beasts","floor":14.0,"turns":3.0},{"damage":36.0,"enemies":"Hexaghost","floor":16.0,"turns":8.0},{"damage":80.0,"enemies":"Shell Parasite","floor":18.0,"turns":5.0},{"damage":28.0,"enemies":"Spheric Guardian","floor":22.0,"turns":3.0},{"damage":38.0,"enemies":"Gremlin Leader","floor":24.0,"turns":4.0},{"damage":46.0,"enemies":"Centurion and Healer","floor":25.0,"turns":4.0},{"damage":16,"enemies":"Snecko","floor":27,"turns":3}],"seed_played":"2252860743036549935","potions_obtained":[{"floor":1.0,"key":"Fruit Juice"},{"floor":4.0,"key":"Energy Potion"},{"floor":12.0,"key":"Weak Potion"}],"is_trial":false,"path_per_floor":["M","?","?","M","M","R","E","R","T","M","R","E","$","M","R","B",null,"M","T","$","?","M","R","E","M","T","M"],"character_chosen":"THE_STARBREAKER","items_purchased":[],"campfire_rested":0,"item_purchase_floors":[],"current_hp_per_floor":[60,60,60,60,62,62,35,35,35,30,30,18,18,20,20,3,62,15,15,15,35,40,40,35,22,22,16,16],"gold":111,"neow_bonus":"THREE_ENEMY_KILL","is_daily":false,"chose_seed":false,"campfire_upgraded":5,"win_rate":0.0,"timestamp":1610990142,"path_taken":["M","?","?","?","M","R","E","R","T","M","R","E","$","M","R","BOSS","M","?","$","?","M","R","E","M","T","M"],"items_purchased_type":[],"build_version":"2020-12-22","purchased_purges":2,"victory":false,"max_hp_per_floor":[60,60,60,60,62,62,62,62,62,62,62,62,62,62,62,62,62,62,62,62,62,62,62,62,62,62,62,62],"card_choices":[{"not_picked":["Moonworks:Poppoformation","Moonworks:UnpaidWork"],"picked":"Moonworks:x16BigRocket","floor":1.0},{"not_picked":["Moonworks:ImOnFire","Moonworks:SelfDestruct"],"picked":"Moonworks:IndiscriminateFireSupport","floor":4.0},{"not_picked":["Moonworks:BigMagnum","Moonworks:UnpaidWork","Moonworks:Bloodlust"],"picked":"Singing Bowl","floor":5.0},{"not_picked":["Moonworks:RagingMadness","Moonworks:SakisCookie"],"picked":"Moonworks:MiracleRedBeanIceCream","floor":7.0},{"not_picked":["Moonworks:DeployBits","Moonworks:ImOnFire"],"picked":"Moonworks:BigMagnum","floor":10.0},{"not_picked":["Moonworks:NicePresent","Moonworks:ImOnFire"],"picked":"Moonworks:Bloodlust","floor":12.0},{"not_picked":["Moonworks:LulusLuckyEgg","Moonworks:Assault"],"picked":"Moonworks:CloudOfSeagulls","floor":14.0},{"not_picked":["Moonworks:Wanted","Moonworks:FinalBattle"],"picked":"Moonworks:HolyNight","floor":16.0},{"not_picked":["Moonworks:ImmovableObject","Moonworks:IntelligenceOfficer+1"],"picked":"Moonworks:NicePresent","floor":18.0},{"not_picked":["Moonworks:SweetBattle","Moonworks:CloudOfSeagulls"],"picked":"Moonworks:EvilSpyWorkPreparation+1","floor":22.0},{"not_picked":["Moonworks:FinalSurgery","Moonworks:CloudOfSeagulls+1"],"picked":"Moonworks:PlushieMaster","floor":24.0},{"not_picked":["Moonworks:SakisCookie","Moonworks:JonathanRush"],"picked":"Moonworks:CookingTime","floor":25.0}],"player_experience":1058172,"relics_obtained":[{"floor":3.0,"key":"Singing Bowl"},{"floor":7.0,"key":"Smiling Mask"},{"floor":9.0,"key":"Potion Belt"},{"floor":12.0,"key":"Bronze Scales"},{"floor":19.0,"key":"Vajra"},{"floor":24.0,"key":"Bottled Flame"}],"event_choices":[{"damage_healed":0.0,"max_hp_gain":0.0,"max_hp_loss":0.0,"gold_gain":175.0,"event_name":"Liars Game","player_choice":"AGREE","floor":2.0,"gold_loss":0.0,"damage_taken":0.0,"cards_obtained":["Doubt"]},{"damage_healed":0.0,"max_hp_gain":0.0,"max_hp_loss":0.0,"gold_gain":0.0,"event_name":"Wheel of Change","player_choice":"Relic","floor":3.0,"gold_loss":0.0,"damage_taken":0.0},{"damage_healed":20.0,"max_hp_gain":0.0,"max_hp_loss":0.0,"gold_gain":0.0,"event_name":"The Library","player_choice":"Heal","floor":21.0,"gold_loss":0.0,"damage_taken":0.0}],"is_beta":false,"boss_relics":[{"not_picked":["Runic Pyramid","Tiny House"],"picked":"Pandora\u0027s Box"}],"items_purged_floors":[13,20],"is_endless":false,"potions_floor_spawned":[1,4,12],"killed_by":"Snecko","ascension_level":0}}