{"host":"9kesdg97wkrx2bva","time":1610934095,"event":{"mods":["AchievementEnabler","BaseMod","Colored Map","GifTheSpireLib","Infinite Spire","Minty Spire (QoL Compilation)","Replay The Spire","StSLib"],"gold_per_floor":[118,17,30,42,42,77,77,77,77,77,77,197,52,87,87,199,199,215,232,232,182,182,224,224,224,224,236,268,280,317,351,363,381,381],"floor_reached":33,"language":"ENG","playtime":911,"items_purged":["Strike_G","Strike_G","Strike_G"],"score":503,"play_id":"24e22bf8-01b1-499d-9b21-5031a5f63409","local_time":"20210117194135","is_ascension_mode":true,"campfire_choices":[{"data":"Neutralize","floor":7,"key":"SMITH"},{"data":"Dagger Throw","floor":8,"key":"SMITH"},{"data":"Underhanded Strike","floor":11,"key":"SMITH"},{"data":"Deadly Poison","floor":15,"key":"SMITH"},{"data":"Envenom","floor":24,"key":"SMITH"},{"data":"Replay:Bag of Tricks","floor":25,"key":"SMITH"},{"data":"ReplayTheSpireMod:Black Plague","floor":29,"key":"SMITH"},{"data":"Prepared","floor":32,"key":"SMITH"}],"circlet_count":0,"master_deck":["AscendersBane","Strike_G","Strike_G","Defend_G","Defend_G","Defend_G","Defend_G","Defend_G","Survivor","Neutralize+1","Glass Knife+1","PiercingWail","Underhanded Strike+1","Dagger Throw+1","Slice","Backflip","Blade Dance","Dagger Spray","Underhanded Strike","Deadly Poison+1","Replay:Bag of Tricks+1","Envenom+1","Crippling Poison","ReplayTheSpireMod:Black Plague+1","Tactician+1","Prepared+1","Crippling Poison"],"relics":["Ring of the Snake","WingedGreaves","infinitespire:Midas Blood","Golden Idol","ReplayTheSpireMod:TigerMarble","Sozu","TungstenRod","Toy Ornithopter","MawBank"],"acts_visited":["Exordium","TheCity"],"potions_floor_usage":[6,14,33],"damage_taken":[{"damage":0,"enemies":"Small Slimes","floor":1,"turns":3},{"damage":0,"enemies":"Jaw Worm","floor":3,"turns":4},{"damage":0,"enemies":"2 Louse","floor":4,"turns":2},{"damage":0,"enemies":"Gremlin Nob","floor":6,"turns":2},{"damage":7,"enemies":"3 Sentries","floor":14,"turns":6},{"damage":28,"enemies":"The Guardian","floor":16,"turns":10},{"damage":1,"enemies":"Chosen","floor":18,"turns":4},{"damage":5,"enemies":"Shell Parasite","floor":19,"turns":3},{"damage":3,"enemies":"Book of Stabbing","floor":23,"turns":4},{"damage":2,"enemies":"Snake Plant","floor":28,"turns":3},{"damage":1,"enemies":"Chosen and Byrds","floor":30,"turns":4},{"damage":12,"enemies":"Cultist and Chosen","floor":31,"turns":5},{"damage":32,"enemies":"Champ","floor":33,"turns":6}],"seed_played":"-2212843284642050727","potions_obtained":[{"floor":1,"key":"Explosive Potion"},{"floor":4,"key":"FearPotion"},{"floor":16,"key":"DuplicationPotion"}],"is_trial":false,"path_per_floor":["M","$","M","M","?","E","R","R","T","?","R","?","$","E","R","B",null,"M","M","?","?","AVR","E","R","R","T","$","M","R","M","M","R","B"],"character_chosen":"THE_SILENT","items_purchased":["Underhanded Strike","Deadly Poison"],"campfire_rested":0,"item_purchase_floors":[2,13],"current_hp_per_floor":[59,59,59,59,59,59,59,59,59,56,56,42,42,35,35,7,44,43,38,38,38,38,35,35,35,35,35,33,33,32,20,20,0,0],"gold":381,"neow_bonus":"THREE_RARE_CARDS","is_daily":false,"chose_seed":false,"campfire_upgraded":8,"win_rate":0.0,"timestamp":1610934095,"path_taken":["M","$","M","M","?","E","R","R","T","?","R","?","?","E","R","BOSS","M","?","?","?","AVR","E","R","R","T","$","?","R","?","M","R","BOSS"],"items_purchased_type":["Card","Card"],"build_version":"2020-12-22","purchased_purges":3,"victory":false,"max_hp_per_floor":[60,60,60,60,60,60,60,60,60,56,56,56,56,56,56,56,56,56,56,56,56,56,56,56,56,56,56,56,56,56,56,56,56,56],"card_choices":[{"not_picked":["Die Die Die","Replay:Bag of Tricks"],"picked":"Glass Knife","floor":0},{"not_picked":["Escape Plan","Cloak And Dagger"],"picked":"PiercingWail","floor":1},{"not_picked":["Blade Dance","Flechettes"],"picked":"Dagger Throw","floor":3},{"not_picked":["Cloak And Dagger","Deflect"],"picked":"Slice","floor":4},{"not_picked":["Venomology","Deflect"],"picked":"Backflip","floor":6},{"not_picked":["Doppelganger","Blur"],"picked":"Blade Dance","floor":12},{"not_picked":["Cloak And Dagger","Bane"],"picked":"Dagger Spray","floor":12},{"not_picked":["Hidden Blade","ReplayTheSpireMod:From All Sides"],"picked":"Underhanded Strike","floor":12},{"not_picked":["Caltrops","Dagger Throw"],"picked":"Replay:Bag of Tricks","floor":14},{"not_picked":["Venomology","A Thousand Cuts"],"picked":"Envenom","floor":16},{"not_picked":["Concentrate","Quick Slash"],"picked":"Crippling Poison","floor":18},{"not_picked":["Deflect","Expertise","Dodge and Roll"],"picked":"SKIP","floor":19},{"not_picked":["Distraction","Atom Bomb","ReplayTheSpireMod:Shiv Toss+1"],"picked":"SKIP","floor":23},{"not_picked":["Slice","Outmaneuver"],"picked":"Tactician+1","floor":28},{"not_picked":["Quick Slash","Underhanded Strike"],"picked":"Prepared","floor":30},{"not_picked":["PiercingWail","Replay:Poison Smokescreen"],"picked":"Crippling Poison","floor":31}],"player_experience":936461,"relics_obtained":[{"floor":6,"key":"WingedGreaves"},{"floor":9,"key":"infinitespire:Midas Blood"},{"floor":14,"key":"ReplayTheSpireMod:TigerMarble"},{"floor":23,"key":"Toy Ornithopter"},{"floor":26,"key":"MawBank"}],"event_choices":[{"damage_healed":0,"gold_gain":0,"player_choice":"Lose Max HP","damage_taken":0,"relics_obtained":["Golden Idol"],"max_hp_gain":0,"max_hp_loss":4,"event_name":"Golden Idol","floor":10,"gold_loss":0},{"damage_healed":0,"gold_gain":0,"player_choice":"Bet on Murderer","damage_taken":0,"max_hp_gain":0,"max_hp_loss":0,"event_name":"The Joust","floor":21,"gold_loss":50}],"is_beta":false,"boss_relics":[{"not_picked":["Ring of Chaos","Fusion Hammer"],"picked":"Sozu"}],"items_purged_floors":[2,13,22],"is_endless":false,"potions_floor_spawned":[1,4,16,23,28],"killed_by":"Champ","ascension_level":14}}