{"host":"2se5dq1do2gp0x9k","time":1610935547,"event":{"mods":["AchievementEnabler","BaseMod","Block Reminder","Colored Map","Colored Powertips","Minty Spire (QoL Compilation)","Relic Stats","StSLib","SuperFastMode"],"gold_per_floor":[109,127,138,138,160,160,160,160],"floor_reached":7,"language":"ENG","playtime":307,"items_purged":[],"score":86,"play_id":"3341c9ec-d8b9-4968-9694-899ed2b1b329","local_time":"20210117180547","is_ascension_mode":true,"campfire_choices":[{"data":"Zap","floor":6,"key":"SMITH"}],"circlet_count":0,"master_deck":["AscendersBane","Strike_B","Strike_B","Strike_B","Strike_B","Defend_B","Defend_B","Defend_B","Defend_B","Zap+1","Dualcast","Coolheaded","Cold Snap","Conserve Battery","Undo"],"relics":["SlaversCollar","CeramicFish"],"acts_visited":["Exordium"],"potions_floor_usage":[],"damage_taken":[{"damage":4,"enemies":"Jaw Worm","floor":1,"turns":4},{"damage":20,"enemies":"2 Louse","floor":2,"turns":3},{"damage":0,"enemies":"Cultist","floor":3,"turns":4},{"damage":12,"enemies":"Large Slime","floor":5,"turns":7},{"damage":26,"enemies":"Gremlin Nob","floor":7,"turns":3}],"seed_played":"-7256143184351942856","potions_obtained":[{"floor":2,"key":"PowerPotion"},{"floor":5,"key":"SmokeBomb"}],"is_trial":false,"path_per_floor":["M","M","M","?","M","R","E"],"character_chosen":"DEFECT","items_purchased":[],"campfire_rested":0,"item_purchase_floors":[],"current_hp_per_floor":[60,40,40,29,17,17,0,0],"gold":160,"neow_bonus":"BOSS_RELIC","is_daily":false,"chose_seed":false,"campfire_upgraded":1,"win_rate":0.0,"timestamp":1610935547,"path_taken":["M","M","M","?","M","R","E"],"items_purchased_type":[],"build_version":"2020-12-22","purchased_purges":0,"victory":false,"max_hp_per_floor":[71,71,71,71,71,71,71,71],"relic_stats":{"counters":[5,21],"CeramicFish":9,"obtain_stats":[{"SlaversCollar":0,"CeramicFish":4,"Cracked Core":0},{"SlaversCollar":0,"CeramicFish":3,"Cracked Core":0},{"SlaversCollar":0,"CeramicFish":11,"Cracked Core":0}]},"card_choices":[{"not_picked":["Go for the Eyes","Barrage"],"picked":"Coolheaded","floor":1},{"not_picked":["Capacitor","Barrage"],"picked":"Cold Snap","floor":2},{"not_picked":["Blizzard","Fusion"],"picked":"Conserve Battery","floor":3},{"not_picked":["Rip and Tear","Hologram"],"picked":"Undo","floor":5}],"player_experience":3906875,"relics_obtained":[],"event_choices":[{"damage_healed":0,"gold_gain":0,"player_choice":"Success","damage_taken":11,"relics_obtained":["CeramicFish"],"max_hp_gain":0,"max_hp_loss":0,"event_name":"Scrap Ooze","floor":4,"gold_loss":0}],"is_beta":false,"boss_relics":[],"items_purged_floors":[],"is_endless":false,"potions_floor_spawned":[2,5],"killed_by":"Gremlin Nob","ascension_level":20}}