{"host":"45go8t6659233n49","time":1610957878,"event":{"mods":["AchievementEnabler","BaseMod","Colored Map","Downfall","Duelist Mod","GifTheSpireLib","Infinite Spire","Minty Spire (QoL Compilation)","StSLib"],"gold_per_floor":[99,116,136,152,152,187,187,215,239,308,308,105,115,165,175,281,281,181,209,10,25,25,25,103,13,13,33,43,76,88,105,118,118,118,118],"floor_reached":33,"language":"ENG","playtime":3577,"items_purged":["hexamod:Strike"],"score":298,"play_id":"431b3915-222a-40c5-8203-f4615a07428c","local_time":"20210118191758","is_ascension_mode":false,"campfire_choices":[{"data":"hexamod:Float","floor":1,"key":"SMITH"},{"floor":18,"key":"RECALL"}],"circlet_count":0,"master_deck":["hexamod:Strike","hexamod:Strike","hexamod:Defend+1","hexamod:Defend","hexamod:Defend","hexamod:Defend+1","hexamod:Sear","hexamod:Float+1","hexamod:AdvancingGuard","hexamod:HauntingEcho+1","hexamod:SecondSeal","hexamod:HauntingEcho+1","hexamod:WildfireWeapon+1","hexamod:HeatShield","hexamod:EmpoweredFlame","hexamod:FirstSeal","hexamod:SearingWound","expansioncontent:StudyTheSpire","hexamod:BurningTouch","hexamod:EtherealExpedition","hexamod:SixthSeal","hexamod:DynamicBlow","hexamod:Firestarter","hexamod:ThirdSeal","hexamod:TimeWarp","hexamod:ShieldOfDarkness","hexamod:Hexaguard","hexamod:HauntingEcho+1","hexamod:SoulSteal","hexamod:GhostLash+1","hexamod:BacktrackSmack+1","hexamod:ForkedFlame","hexamod:TimeOfNeed","hexamod:NightmareGuise","hexamod:NightmareStrike","hexamod:StepThrough","hexamod:InspiringFlames","hexamod:Incineration+1"],"relics":["hexamod:SpiritBrand","hexamod:SoulConsumer","Matryoshka","Blue Candle","MealTicket","SacredBark","downfall:HeartBlessingGreen","Philosopher\u0027s Stone","Bottled Tornado","Kunai","infinitespire:ShieldingShard","HornCleat"],"acts_visited":["Exordium","TheCity"],"potions_floor_usage":[9,10,10,10,12,13,16,16,27,33,33,33],"damage_taken":[{"damage":3,"enemies":"Small Slimes","floor":2,"turns":4},{"damage":0,"enemies":"Cultist","floor":3,"turns":4},{"damage":0,"enemies":"2 Louse","floor":4,"turns":2},{"damage":36,"enemies":"Lagavulin","floor":6,"turns":8},{"damage":14,"enemies":"Blue Slaver","floor":8,"turns":3},{"damage":11,"enemies":"Gremlin Gang","floor":9,"turns":6},{"damage":11,"enemies":"Gremlin Nob","floor":10,"turns":3},{"damage":0,"enemies":"downfall:FleeingMerchant","floor":12,"turns":4},{"damage":10,"enemies":"Exordium Wildlife","floor":13,"turns":5},{"damage":11,"enemies":"3 Louse","floor":15,"turns":4},{"damage":55,"enemies":"WA_ARCHETYPE_RETAIN","floor":16,"turns":9},{"damage":29,"enemies":"Shell Parasite","floor":19,"turns":8},{"damage":4,"enemies":"downfall:FleeingMerchant","floor":20,"turns":4},{"damage":39,"enemies":"3 Byrds","floor":21,"turns":7},{"damage":5,"enemies":"downfall:FleeingMerchant","floor":25,"turns":4},{"damage":24,"enemies":"Snake Plant","floor":27,"turns":4},{"damage":20,"enemies":"Shelled Parasite and Fungi","floor":28,"turns":3},{"damage":28,"enemies":"Book of Stabbing","floor":29,"turns":4},{"damage":2,"enemies":"Snecko","floor":30,"turns":6},{"damage":0,"enemies":"Snake Plant","floor":31,"turns":4},{"damage":5,"enemies":"Centurion and Healer","floor":32,"turns":6},{"damage":44,"enemies":"DF_ARCHETYPE_CLAW","floor":33,"turns":6}],"seed_played":"-8615857839811802829","potions_obtained":[{"floor":3,"key":"Guardian:BlockOnCardUsePotion"},{"floor":6,"key":"PowerPotion"},{"floor":8,"key":"champ:CounterPotion"},{"floor":10,"key":"EntropicBrew"},{"floor":15,"key":"BlessingOfTheForge"},{"floor":21,"key":"Dexterity Potion"},{"floor":27,"key":"champ:CounterPotion"},{"floor":29,"key":"hexamod:DoubleChargePotion"},{"floor":31,"key":"AttackPotion"}],"is_trial":false,"path_per_floor":["R","M","M","M","?","E","T","M","M","?","?","$","M","T","M","B",null,"R","M","$","M","AVR","?","T","$","T","M","M","E","M","M","M","B"],"character_chosen":"THE_SPIRIT","items_purchased":["expansioncontent:StudyTheSpire","hexamod:ThirdSeal","hexamod:TimeWarp"],"campfire_rested":0,"item_purchase_floors":[12,20,20],"current_hp_per_floor":[77,74,74,74,74,38,38,28,21,14,14,25,26,26,26,32,77,77,59,77,49,49,49,49,70,70,50,34,17,26,37,43,0,0,0],"gold":118,"neow_bonus":"TEN_PERCENT_HP_BONUS","is_daily":false,"chose_seed":false,"campfire_upgraded":1,"win_rate":0.0,"timestamp":1610957878,"path_taken":["R","M","M","M","?","E","T","?","M","?","?","$","?","?","M","BOSS","R","M","$","M","AVR","?","T","?","?","M","M","E","?","M","M","BOSS"],"items_purchased_type":["Card","Card","Card"],"build_version":"2020-12-22","purchased_purges":1,"victory":false,"max_hp_per_floor":[77,77,77,77,77,77,77,77,77,77,77,77,77,77,77,77,77,77,77,77,77,77,77,77,77,77,77,77,77,77,77,77,77,77,77],"card_choices":[{"not_picked":["hexamod:RetreatToShadows","hexamod:Hexaguard"],"picked":"hexamod:AdvancingGuard","floor":2},{"not_picked":["hexamod:NightmareStrike","hexamod:SoulSteal"],"picked":"hexamod:HauntingEcho","floor":3},{"not_picked":["hexamod:InspiringFlames","hexamod:SwordOfDarkness"],"picked":"hexamod:SecondSeal","floor":4},{"not_picked":["hexamod:InspiringFlames","hexamod:HauntingEcho"],"picked":"hexamod:WildfireWeapon","floor":6},{"not_picked":["hexamod:Haunt","hexamod:RetreatToShadows"],"picked":"hexamod:HeatShield","floor":8},{"not_picked":["hexamod:RadiantFlame","hexamod:GhostShield"],"picked":"hexamod:EmpoweredFlame","floor":9},{"not_picked":["hexamod:RecurringNightmare","hexamod:NightmareGuise"],"picked":"hexamod:FirstSeal","floor":10},{"not_picked":["hexamod:Again","hexamod:HeatMetal"],"picked":"hexamod:SearingWound","floor":12},{"not_picked":["hexamod:GhostShield","hexamod:HeatMetal"],"picked":"hexamod:BurningTouch","floor":13},{"not_picked":["hexamod:Firestarter","hexamod:RainOfEmbers"],"picked":"hexamod:EtherealExpedition","floor":15},{"not_picked":["hexamod:ParanormalForm","hexamod:FlameSwitch"],"picked":"hexamod:SixthSeal","floor":16},{"not_picked":["hexamod:GhostLash","hexamod:PhantomFireball"],"picked":"hexamod:DynamicBlow","floor":19},{"not_picked":["hexamod:SearingWound","hexamod:ThermalTransfer"],"picked":"hexamod:Firestarter","floor":20},{"not_picked":["hexamod:SecondSeal","hexamod:BacktrackSmack"],"picked":"hexamod:ShieldOfDarkness","floor":21},{"not_picked":["hexamod:NightmareStrike","hexamod:SpectralAdrenaline"],"picked":"hexamod:Hexaguard","floor":21},{"not_picked":["hexamod:ThermalTransfer","hexamod:GhostOfSpirePast"],"picked":"hexamod:HauntingEcho+1","floor":25},{"not_picked":["hexamod:SpectralAdrenaline","hexamod:Incineration"],"picked":"hexamod:SoulSteal","floor":25},{"not_picked":["hexamod:ThirdSeal","hexamod:HauntingEcho"],"picked":"hexamod:GhostLash+1","floor":27},{"not_picked":["hexamod:FirstSeal","hexamod:GhostLash","hexamod:HeatMetal"],"picked":"SKIP","floor":27},{"not_picked":["hexamod:ShieldOfDarkness","hexamod:SecondSeal"],"picked":"hexamod:BacktrackSmack","floor":28},{"not_picked":["hexamod:BacktrackSmack","hexamod:Firestarter+1"],"picked":"hexamod:ForkedFlame","floor":28},{"not_picked":["hexamod:GhostShield","hexamod:BacktrackSmack"],"picked":"hexamod:TimeOfNeed","floor":29},{"not_picked":["hexamod:BurningTouch","hexamod:Firestarter"],"picked":"hexamod:NightmareGuise","floor":30},{"not_picked":["hexamod:SkipABeat","hexamod:ShieldOfDarkness"],"picked":"hexamod:NightmareStrike","floor":30},{"not_picked":["hexamod:GhostShield","hexamod:HauntingEcho+1"],"picked":"hexamod:StepThrough","floor":31},{"not_picked":["hexamod:TimeWarp","hexamod:FastForward"],"picked":"hexamod:InspiringFlames","floor":32},{"not_picked":["hexamod:Firestarter+1","hexamod:RainOfEmbers"],"picked":"hexamod:Incineration+1","floor":32}],"player_experience":287528,"relics_obtained":[{"floor":6,"key":"hexamod:SoulConsumer"},{"floor":7,"key":"Matryoshka"},{"floor":10,"key":"Blue Candle"},{"floor":14,"key":"MealTicket"},{"floor":24,"key":"Bottled Tornado"},{"floor":24,"key":"Kunai"},{"floor":26,"key":"infinitespire:ShieldingShard"},{"floor":29,"key":"HornCleat"}],"event_choices":[{"damage_healed":0,"gold_gain":0,"player_choice":"Ignored","damage_taken":0,"max_hp_gain":0,"max_hp_loss":0,"event_name":"NoteForYourself","floor":11,"gold_loss":0},{"cards_removed":["hexamod:Strike"],"damage_healed":0,"gold_gain":0,"player_choice":"Card Removal","damage_taken":0,"max_hp_gain":0,"max_hp_loss":0,"event_name":"Wheel of Change","floor":23,"gold_loss":0}],"is_beta":false,"boss_relics":[{"not_picked":["Runic Pyramid","Empty Cage"],"picked":"SacredBark"}],"items_purged_floors":[25],"is_endless":false,"potions_floor_spawned":[3,6,8,10,15,21,27,29,31],"killed_by":"DF_ARCHETYPE_CLAW","ascension_level":0}}