{"host":"qik6c64y69p9jmph","time":1610950371,"event":{"mods":["AchievementEnabler","BaseMod","Downfall","Highlight Path","Minty Spire (QoL Compilation)","Quick Restart","StSLib","Synergy Search"],"gold_per_floor":[99,110,120,120,136,151,219,219,219,219,319,319,352,352,367,463,463,463,477,477,477,497,510,510,271,271,271,271],"floor_reached":26,"language":"ENG","playtime":2243,"items_purged":[],"score":306,"play_id":"544464d3-0dd8-47fa-ab36-cea6c3357788","local_time":"20210118011251","is_ascension_mode":false,"campfire_choices":[{"data":"Guardian:CurlUp","floor":1,"key":"SMITH"},{"data":"Guardian:BodySlam","floor":8,"key":"SMITH"},{"data":"Guardian:Recover","floor":10,"key":"SMITH"},{"floor":12,"key":"REST"},{"data":"Guardian:EvasiveProtocol","floor":18,"key":"SMITH"}],"circlet_count":0,"master_deck":["Guardian:Strike_Guardian","Guardian:Strike_Guardian","Guardian:Strike_Guardian","Guardian:Strike_Guardian","Guardian:Defend_Guardian","Guardian:Defend_Guardian","Guardian:Defend_Guardian","Guardian:Defend_Guardian","Guardian:CurlUp+1","Guardian:TwinSlam","Guardian:BodySlam+1","Guardian:Recover+1","Guardian:RollAttack","Guardian:EvasiveProtocol+1","Guardian:RevengeProtocol","Guardian:DecasProtection","Guardian:ArmoredProtocol"],"relics":["Guardian:ModeShifter","Letter Opener","HornCleat","Blood Vial","Incense Burner","InkBottle","Medical Kit"],"acts_visited":["Exordium","TheCity"],"potions_floor_usage":[6,16,16],"damage_taken":[{"damage":6,"enemies":"Cultist","floor":2,"turns":4},{"damage":10,"enemies":"Jaw Worm","floor":3,"turns":7},{"damage":4,"enemies":"2 Louse","floor":5,"turns":3},{"damage":1,"enemies":"2 Fungi Beasts","floor":6,"turns":3},{"damage":10,"enemies":"Lagavulin","floor":13,"turns":7},{"damage":1,"enemies":"Gremlin Gang","floor":15,"turns":4},{"damage":24,"enemies":"IC_STATUS_ARCHETYPE","floor":16,"turns":13},{"damage":0,"enemies":"3 Byrds","floor":19,"turns":6},{"damage":7,"enemies":"Chosen","floor":22,"turns":6},{"damage":26,"enemies":"Centurion and Healer","floor":23,"turns":13},{"damage":0,"enemies":"downfall:FleeingMerchant","floor":25,"turns":4},{"damage":4,"enemies":"Gremlin Leader","floor":26,"turns":4}],"seed_played":"4126981053160026499","potions_obtained":[{"floor":3,"key":"champ:CounterPotion"},{"floor":5,"key":"Explosive Potion"},{"floor":13,"key":"Guardian:AcceleratePotion"},{"floor":15,"key":"Strength Potion"},{"floor":19,"key":"SmokeBomb"}],"is_trial":false,"path_per_floor":["R","M","M","T","M","M","T","R","?","R","?","R","E","?","M","B",null,"R","M","?","?","M","M","T","$","E"],"character_chosen":"GUARDIAN","items_purchased":["Guardian:ArmoredProtocol","Medical Kit"],"campfire_rested":1,"item_purchase_floors":[25,25],"current_hp_per_floor":[88,82,72,72,68,67,67,67,55,55,55,81,71,59,60,38,88,88,88,88,88,81,57,57,59,57,57,57],"gold":271,"neow_bonus":"TEN_PERCENT_HP_BONUS","is_daily":false,"chose_seed":false,"campfire_upgraded":4,"win_rate":0.0,"timestamp":1610950371,"path_taken":["R","M","?","?","?","M","T","R","?","R","?","R","E","?","M","BOSS","R","M","?","?","?","M","T","$","E"],"items_purchased_type":["Card","Relic"],"build_version":"2020-12-22","purchased_purges":0,"victory":false,"max_hp_per_floor":[88,88,88,88,88,88,88,88,88,88,88,88,88,88,88,88,88,88,88,88,88,88,88,88,88,88,88,88],"card_choices":[{"not_picked":["Guardian:Gem_Lightblue","Guardian:Harden"],"picked":"Guardian:BodySlam","floor":2},{"not_picked":["Guardian:WalkerClaw","Guardian:PolyBeam"],"picked":"Guardian:Gem_White","floor":3},{"not_picked":["Guardian:Reroute","Guardian:ShieldCharger"],"picked":"Guardian:Recover","floor":5},{"not_picked":["Guardian:RefractedBeam","Guardian:Suspension"],"picked":"Guardian:RollAttack","floor":6},{"not_picked":["Guardian:Emergency","Guardian:TemporalShield"],"picked":"Guardian:EvasiveProtocol","floor":13},{"not_picked":["Guardian:TimeBomb","Guardian:PolyBeam","Guardian:Planning"],"picked":"SKIP","floor":15},{"not_picked":["Guardian:Gem_Orange","Guardian:TimeSifter"],"picked":"Guardian:RevengeProtocol","floor":16},{"not_picked":["Guardian:Gem_Green","Guardian:VentSteam"],"picked":"Guardian:Gem_Yellow","floor":19},{"not_picked":["Guardian:TemporalStrike+1","Guardian:Suspension+1","Guardian:Gem_Lightblue"],"picked":"SKIP","floor":22},{"not_picked":["Guardian:ChargeCore","Guardian:FloatingOrbs"],"picked":"Guardian:DecasProtection","floor":23},{"not_picked":["Guardian:VentSteam+1","Guardian:Incinerate","Guardian:RefractedBeam"],"picked":"SKIP","floor":25}],"player_experience":548786,"relics_obtained":[{"floor":4,"key":"Letter Opener"},{"floor":7,"key":"HornCleat"},{"floor":13,"key":"Blood Vial"},{"floor":24,"key":"InkBottle"}],"event_choices":[{"damage_healed":0,"gold_gain":0,"player_choice":"Success","damage_taken":12,"relics_obtained":["Incense Burner"],"max_hp_gain":0,"max_hp_loss":0,"event_name":"Scrap Ooze","floor":14,"gold_loss":0},{"damage_healed":0,"gold_gain":0,"player_choice":"Ignored","damage_taken":0,"max_hp_gain":0,"max_hp_loss":0,"event_name":"NoteForYourself","floor":21,"gold_loss":0}],"is_beta":false,"boss_relics":[{"not_picked":["Velvet Choker","Coffee Dripper","Runic Dome"]}],"items_purged_floors":[],"is_endless":false,"potions_floor_spawned":[3,5,13,15,19],"killed_by":"Gremlin Leader","ascension_level":0}}