{"host":"1ijykob380qbj7yg","time":1610973693,"event":{"mods":["BaseMod","GifTheSpireLib","Hubris","Marisa£®ÏF”Í°°ƒß¿Ì…≥£©","Minty Spire (QoL Compilation)","StSLib","The Cursed","[IsaacMod]“‘»ˆº‚À˛"],"gold_per_floor":[116,21,21,35,35,70,70,89,115,140,140,159,175,13,13,112,112,123,123,142,142,192,225,236,247,247,265,278,278,313,331,331,429,429,440,186,199,213,225,225,259,274,320,348,348,398,430,440,440,440],"floor_reached":51,"language":"ZHS","playtime":2535,"items_purged":[],"score":1233,"play_id":"cb6856a2-e7c0-43d6-a3e3-0234e98cdb4c","local_time":"20210118204133","is_ascension_mode":true,"campfire_choices":[{"data":"EpicFetus","floor":7.0,"key":"SMITH"},{"floor":11.0,"key":"REST"},{"data":"TheCursedMod:CleanUpWorkshop","floor":15.0,"key":"SMITH"},{"floor":29.0,"key":"REST"},{"floor":32.0,"key":"REST"},{"data":"TheCursedMod:DarkBarrier","floor":40.0,"key":"SMITH"},{"data":"TheCursedMod:NeowsMight","floor":49,"key":"SMITH"}],"circlet_count":0,"master_deck":["TheCursedMod:Strike_TheCursed","TheCursedMod:Strike_TheCursed","TheCursedMod:Strike_TheCursed","TheCursedMod:Defend_TheCursed","TheCursedMod:Defend_TheCursed","TheCursedMod:Defend_TheCursed","TheCursedMod:Defend_TheCursed","TheCursedMod:CursedWand","TheCursedMod:CleanUpWorkshop+1","TheCursedMod:Dregs","EpicFetus+1","Apotheosis+1","TheCursedMod:Neurasthenia","TheCursedMod:CursedSpellbook","TheCursedMod:AbyssShockwave","TheCursedMod:ReleasedStrength","TheCursedMod:CursedRelics","TheCursedMod:DemonSword","TheCursedMod:SmokeScreen","TheCursedMod:Obscuration","hubris:Despair","TheCursedMod:SurpriseAttack","TheCursedMod:CursedAmulet","Decay","TheCursedMod:ForbiddenAlchemy","TheCursedMod:FleshFromBone","TheCursedMod:SpitefulPlan","TheCursedMod:DarkBarrier+1","TheCursedMod:SurpriseAttack+1","TheCursedMod:FuryStrike+1","Injury","TheCursedMod:NeowsMight+1"],"relics":["HushsDoor","SacredBark","BloodDonationBag","TheCursedMod:CrystalBall","Bag of Preparation","Bronze Scales","Cursed Key","Blood Vial","Toy Ornithopter","hubris:SlimyHat","AnarchistCookbook","MagicMushroom","Succubus","DeathBook","MealTicket","hubris:ToyBattleship","PillsDrop","Turnip","TheCursedMod:BloodyHarpoon"],"acts_visited":["Exordium","TheCity","TheBeyond"],"potions_floor_usage":[41,42,42,42,44,44,44,46,46,48,50,50],"damage_taken":[{"damage":4.0,"enemies":"Small Slimes","floor":1.0,"turns":6.0},{"damage":5.0,"enemies":"2 Louse","floor":4.0,"turns":5.0},{"damage":9.0,"enemies":"Lagavulin","floor":6.0,"turns":7.0},{"damage":9.0,"enemies":"Jaw Worm","floor":8.0,"turns":4.0},{"damage":0.0,"enemies":"3 Sentries","floor":10.0,"turns":3.0},{"damage":1.0,"enemies":"Red Slaver","floor":12.0,"turns":4.0},{"damage":2.0,"enemies":"Large Slime","floor":13.0,"turns":6.0},{"damage":27.0,"enemies":"The Guardian","floor":16.0,"turns":8.0},{"damage":7.0,"enemies":"Chosen","floor":18.0,"turns":5.0},{"damage":0.0,"enemies":"3 Byrds","floor":20.0,"turns":2.0},{"damage":12.0,"enemies":"Book of Stabbing","floor":23.0,"turns":5.0},{"damage":5.0,"enemies":"Centurion and Healer","floor":24.0,"turns":4.0},{"damage":15.0,"enemies":"Snake Plant","floor":25.0,"turns":3.0},{"damage":13.0,"enemies":"Snecko","floor":27.0,"turns":4.0},{"damage":3.0,"enemies":"Chosen and Byrds","floor":28.0,"turns":5.0},{"damage":15.0,"enemies":"Slavers","floor":30.0,"turns":4.0},{"damage":4.0,"enemies":"3 Cultists","floor":31.0,"turns":4.0},{"damage":28.0,"enemies":"hubris:MusketHawk","floor":33.0,"turns":7.0},{"damage":1.0,"enemies":"Orb Walker","floor":35.0,"turns":2.0},{"damage":0.0,"enemies":"3 Shapes","floor":37.0,"turns":2.0},{"damage":0.0,"enemies":"3 Darklings","floor":38.0,"turns":3.0},{"damage":0.0,"enemies":"Jaw Worm Horde","floor":39.0,"turns":2.0},{"damage":0,"enemies":"Nemesis","floor":41,"turns":3},{"damage":14,"enemies":"Maw","floor":42,"turns":6},{"damage":46,"enemies":"Giant Head","floor":44,"turns":6},{"damage":0,"enemies":"Mind Bloom Boss Battle","floor":46,"turns":5},{"damage":0,"enemies":"Nemesis","floor":47,"turns":5},{"damage":0,"enemies":"Transient","floor":48,"turns":5},{"damage":27,"enemies":"Donu and Deca","floor":50,"turns":5}],"seed_played":"8268159613408557726","potions_obtained":[{"floor":1.0,"key":"SkillPotion"},{"floor":12.0,"key":"Block Potion"},{"floor":16.0,"key":"Dexterity Potion"},{"floor":18.0,"key":"Ancient Potion"},{"floor":20.0,"key":"TheCursedMod:DregsPotion"},{"floor":24.0,"key":"Explosive Potion"},{"floor":25.0,"key":"LiquidMemories"},{"floor":37.0,"key":"AttackPotion"},{"floor":39.0,"key":"DistilledChaos"},{"floor":42,"key":"ColorlessPotion"},{"floor":47,"key":"DuplicationPotion"},{"floor":48,"key":"PowerPotion"}],"is_trial":false,"path_per_floor":["M","$","?","M","?","E","R","M","T","E","R","M","M","$","R","B",null,"M","?","M","?","T","E","M","M","T","M","M","R","E","M","R","B",null,"M","$","M","M","M","R","E","M","T","E","?","?","E","M","R","B",null],"character_chosen":"THE_CURSED","items_purchased":["Apotheosis","TheCursedMod:CursedRelics","Succubus","DeathBook"],"campfire_rested":3,"item_purchase_floors":[2,14,34,36],"current_hp_per_floor":[64,50,50,45,38,29,29,20,20,20,42,41,39,39,39,12,59,52,38,38,38,38,28,25,12,12,11,10,34,26,24,48,32,64,66,66,69,72,72,72,72,68,68,36,36,49,52,63,63,44],"gold":440,"neow_bonus":"BOSS_RELIC","is_daily":false,"chose_seed":false,"campfire_upgraded":4,"win_rate":0.0,"timestamp":1610973693,"path_taken":["M","$","?","M","?","E","R","M","T","E","R","M","M","?","R","BOSS","M","?","M","?","?","E","M","M","T","M","M","R","E","M","R","BOSS","M","$","M","M","M","R","E","M","T","E","?","?","E","M","R","BOSS"],"items_purchased_type":["Card","Card","Relic","Relic"],"build_version":"2020-12-22","purchased_purges":0,"victory":true,"max_hp_per_floor":[75,75,75,75,75,75,75,75,75,75,75,75,75,75,75,75,75,75,80,80,80,80,80,80,80,80,80,80,80,80,80,80,80,72,72,72,72,72,72,72,72,72,72,72,68,68,68,71,71,71],"card_choices":[{"not_picked":[],"picked":"EpicFetus","floor":0.0},{"not_picked":["TheCursedMod:Mangle","TheCursedMod:CursedShiv","TheCursedMod:SpitefulStrike"],"picked":"SKIP","floor":1.0},{"not_picked":["TheCursedMod:Stretching","TheCursedMod:CursedMace"],"picked":"TheCursedMod:Neurasthenia","floor":4.0},{"not_picked":["TheCursedMod:SurpriseAttack","TheCursedMod:CircleOfFlame"],"picked":"TheCursedMod:CursedSpellbook","floor":6.0},{"not_picked":["TheCursedMod:HellsGateOpen","TheCursedMod:Wield","TheCursedMod:SpitefulStrike"],"picked":"SKIP","floor":8.0},{"not_picked":["TheCursedMod:Stretching","TheCursedMod:CursedSpellbook","TheCursedMod:ReleasedKnowledge"],"picked":"SKIP","floor":10.0},{"not_picked":["TheCursedMod:SpitefulStrike","TheCursedMod:FuryStrike"],"picked":"TheCursedMod:AbyssShockwave","floor":12.0},{"not_picked":["TheCursedMod:FleshFromBone","TheCursedMod:CursedShiv"],"picked":"TheCursedMod:ReleasedStrength","floor":13.0},{"not_picked":["TheCursedMod:ManaCirculation","TheCursedMod:ForbiddenAlchemy"],"picked":"TheCursedMod:DemonSword","floor":16.0},{"not_picked":["TheCursedMod:ReleasedStrength","TheCursedMod:CursedMace"],"picked":"TheCursedMod:SmokeScreen","floor":18.0},{"not_picked":["TheCursedMod:Evocation+1","TheCursedMod:CircleOfAmplification"],"picked":"TheCursedMod:Obscuration","floor":20.0},{"not_picked":["TheCursedMod:CircleOfFlame","TheCursedMod:SaltUponWound"],"picked":"TheCursedMod:SurpriseAttack","floor":23.0},{"not_picked":["TheCursedMod:TacticalStrike","TheCursedMod:Wield","TheCursedMod:CursedShiv"],"picked":"SKIP","floor":24.0},{"not_picked":["TheCursedMod:Hemoplague","TheCursedMod:CircleOfCorruption+1"],"picked":"TheCursedMod:CursedAmulet","floor":25.0},{"not_picked":["TheCursedMod:CursedBlade","TheCursedMod:CursedAmulet"],"picked":"TheCursedMod:ForbiddenAlchemy","floor":27.0},{"not_picked":["TheCursedMod:CircleOfCorruption+1","TheCursedMod:Wield"],"picked":"TheCursedMod:FleshFromBone","floor":28.0},{"not_picked":["TheCursedMod:ReleasedStrength","TheCursedMod:SaltUponWound"],"picked":"TheCursedMod:SpitefulPlan","floor":30.0},{"not_picked":["TheCursedMod:FleshFromBone+1","TheCursedMod:Wield","TheCursedMod:CircleOfCorruption"],"picked":"SKIP","floor":31.0},{"not_picked":["TheCursedMod:CircleOfAbyss","TheCursedMod:UltimatePain"],"picked":"TheCursedMod:DarkBarrier","floor":33.0},{"not_picked":["TheCursedMod:LuckyCharm","TheCursedMod:CircleOfCorruption+1"],"picked":"TheCursedMod:SurpriseAttack+1","floor":35.0},{"not_picked":["TheCursedMod:FleshFromBone","TheCursedMod:RapidMovement","TheCursedMod:ManaBullet+1"],"picked":"SKIP","floor":37.0},{"not_picked":["TheCursedMod:Stigma","TheCursedMod:Torture","TheCursedMod:RapidMovement+1"],"picked":"SKIP","floor":38.0},{"not_picked":["TheCursedMod:SpreadPlague","TheCursedMod:ReleasedStrength"],"picked":"TheCursedMod:FuryStrike+1","floor":39.0},{"not_picked":["TheCursedMod:PrepareRite","TheCursedMod:CursedAmulet+1","TheCursedMod:RavingStaff+1"],"picked":"SKIP","floor":41},{"not_picked":["TheCursedMod:CursedShiv","TheCursedMod:CircleOfFocus+1","TheCursedMod:FleshFromBone+1"],"picked":"SKIP","floor":42},{"not_picked":["TheCursedMod:AshesToAshes","TheCursedMod:RapidMovement+1"],"picked":"TheCursedMod:NeowsMight","floor":44},{"not_picked":["TheCursedMod:CircleOfWindfury+1","TheCursedMod:SpitefulPlan+1","TheCursedMod:Stretching"],"picked":"SKIP","floor":47},{"not_picked":["TheCursedMod:SpitefulPlan","TheCursedMod:CircleOfCorruption+1","TheCursedMod:FleshFromBone+1"],"picked":"SKIP","floor":48}],"player_experience":413100,"relics_obtained":[{"floor":6.0,"key":"TheCursedMod:CrystalBall"},{"floor":9.0,"key":"Bag of Preparation"},{"floor":10.0,"key":"Bronze Scales"},{"floor":22.0,"key":"Blood Vial"},{"floor":23.0,"key":"Toy Ornithopter"},{"floor":26.0,"key":"hubris:SlimyHat"},{"floor":30.0,"key":"AnarchistCookbook"},{"floor":41,"key":"MealTicket"},{"floor":43,"key":"hubris:ToyBattleship"},{"floor":44,"key":"PillsDrop"},{"floor":46,"key":"Turnip"},{"floor":47,"key":"TheCursedMod:BloodyHarpoon"}],"event_choices":[{"cards_removed":["TheCursedMod:Strike_TheCursed"],"damage_healed":0.0,"max_hp_gain":0.0,"max_hp_loss":0.0,"gold_gain":0.0,"event_name":"Golden Wing","player_choice":"Card Removal","floor":5.0,"gold_loss":0.0,"damage_taken":7.0},{"damage_healed":0.0,"max_hp_gain":5.0,"max_hp_loss":0.0,"gold_gain":0.0,"event_name":"Forgotten Altar","player_choice":"Shed Blood","floor":19.0,"gold_loss":0.0,"damage_taken":19.0},{"damage_healed":0,"gold_gain":0,"player_choice":"Max HP","damage_taken":0,"max_hp_gain":0,"max_hp_loss":4,"event_name":"Winding Halls","floor":45,"gold_loss":0},{"damage_healed":0,"gold_gain":0,"player_choice":"Fight","damage_taken":0,"max_hp_gain":0,"max_hp_loss":0,"event_name":"MindBloom","floor":46,"gold_loss":0}],"is_beta":false,"boss_relics":[{"not_picked":["Runic Dome","hubris:GrandSneckoEye"],"picked":"Cursed Key"},{"not_picked":[]},{"not_picked":["ChampionBelt","hubris:TerracottaHorce"],"picked":"MagicMushroom"},{"not_picked":[]}],"items_purged_floors":[],"is_endless":false,"potions_floor_spawned":[1,12,16,18,20,24,25,37,39,42,47,48],"ascension_level":9}}