{"host":"2hea6pl5vmah38iy","time":1610976667,"event":{"mods":["AchievementEnabler","BaseMod","Colored Map","DeckTracker","Keyboard Shortcuts","Minty Spire (QoL Compilation)","Rare Cards Sparkle","StSLib","SuperFastMode","everything is the same but u backflip on backflip"],"gold_per_floor":[109,126,51,51,62,62,82,82,82,94,112,122,122,147,147,223,223,239,258,270,287,267,297,297,55,107,141,241,241,141,160,160,237,237,252,271,271,3,19,19,51,71,97,132,132,132,149,165,165,165,165,165,6,36,36,36],"floor_reached":55,"language":"KOR","playtime":3427,"items_purged":["Writhe","Strike_B","Hello World","Hyperbeam+1"],"score":1371,"play_id":"eb3ae6a1-fd73-4470-a872-c5db958718fd","local_time":"20210118223107","is_ascension_mode":true,"campfire_choices":[{"data":"Hyperbeam","floor":6.0,"key":"SMITH"},{"data":"Gash","floor":8.0,"key":"SMITH"},{"data":"Turbo","floor":15.0,"key":"SMITH"},{"floor":24.0,"key":"REST"},{"floor":29.0,"key":"REST"},{"data":"Hyperbeam","floor":32.0,"key":"SMITH"},{"data":"Consume","floor":40.0,"key":"SMITH"},{"floor":45,"key":"RECALL"},{"data":"Hologram","floor":49,"key":"SMITH"},{"data":"Go for the Eyes","floor":52,"key":"SMITH"}],"circlet_count":0,"master_deck":["AscendersBane","Zap","Dualcast","Gash+1","FTL","Conserve Battery","Leap","Turbo+1","Go for the Eyes+1","Creative AI","Genetic Algorithm+1","Consume+1","Echo Form","Storm","Rainbow","Melter","Machine Learning","Stack","Storm","Self Repair","Static Discharge","Tempest+1","Storm","Aggregate+1","Hologram+1","Thunder Strike"],"relics":["Cracked Core","Dead Branch","Gremlin Horn","DataDisk","Mummified Hand","Snecko Eye","Mango","OrangePellets","Juzu Bracelet","Strawberry","Du-Vu Doll","Bottled Tornado","Pandora\u0027s Box","Membership Card","StoneCalendar","Girya","Art of War","Lantern"],"acts_visited":["Exordium","TheCity","TheBeyond","TheEnding"],"potions_floor_usage":[50,55],"damage_taken":[{"damage":0.0,"enemies":"Cultist","floor":1.0,"turns":2.0},{"damage":0.0,"enemies":"Small Slimes","floor":2.0,"turns":2.0},{"damage":0.0,"enemies":"Jaw Worm","floor":5.0,"turns":1.0},{"damage":0.0,"enemies":"Exordium Wildlife","floor":7.0,"turns":3.0},{"damage":13.0,"enemies":"Red Slaver","floor":10.0,"turns":4.0},{"damage":4.0,"enemies":"Looter","floor":11.0,"turns":2.0},{"damage":0.0,"enemies":"3 Louse","floor":12.0,"turns":1.0},{"damage":10.0,"enemies":"3 Sentries","floor":14.0,"turns":3.0},{"damage":27.0,"enemies":"The Guardian","floor":16.0,"turns":9.0},{"damage":1.0,"enemies":"3 Byrds","floor":18.0,"turns":2.0},{"damage":14.0,"enemies":"Shell Parasite","floor":19.0,"turns":3.0},{"damage":7.0,"enemies":"Centurion and Healer","floor":20.0,"turns":2.0},{"damage":8.0,"enemies":"Cultist and Chosen","floor":21.0,"turns":4.0},{"damage":10.0,"enemies":"Slavers","floor":23.0,"turns":3.0},{"damage":12.0,"enemies":"Gremlin Leader","floor":27.0,"turns":4.0},{"damage":32.0,"enemies":"Colosseum Slavers","floor":28.0,"turns":3.0},{"damage":7.0,"enemies":"Colosseum Nobs","floor":28.0,"turns":2.0},{"damage":0.0,"enemies":"3 Cultists","floor":31.0,"turns":2.0},{"damage":37.0,"enemies":"Champ","floor":33.0,"turns":9.0},{"damage":0.0,"enemies":"Orb Walker","floor":35.0,"turns":3.0},{"damage":24.0,"enemies":"3 Darklings","floor":36.0,"turns":2.0},{"damage":0.0,"enemies":"Jaw Worm Horde","floor":37.0,"turns":2.0},{"damage":0.0,"enemies":"Sphere and 2 Shapes","floor":39.0,"turns":3.0},{"damage":17.0,"enemies":"Giant Head","floor":41.0,"turns":8.0},{"damage":0,"enemies":"3 Darklings","floor":42,"turns":2},{"damage":0,"enemies":"Reptomancer","floor":44,"turns":4},{"damage":0,"enemies":"Jaw Worm Horde","floor":47,"turns":2},{"damage":0,"enemies":"Transient","floor":48,"turns":5},{"damage":42,"enemies":"Time Eater","floor":50,"turns":7},{"damage":20,"enemies":"Shield and Spear","floor":54,"turns":4},{"damage":46,"enemies":"The Heart","floor":55,"turns":3}],"seed_played":"-2910828330684332611","potions_obtained":[{"floor":2.0,"key":"DuplicationPotion"},{"floor":10.0,"key":"Swift Potion"},{"floor":11.0,"key":"LiquidBronze"},{"floor":12.0,"key":"BlessingOfTheForge"},{"floor":18.0,"key":"Block Potion"},{"floor":22.0,"key":"SmokeBomb"},{"floor":28.0,"key":"Weak Potion"},{"floor":39.0,"key":"ColorlessPotion"},{"floor":47,"key":"PowerPotion"},{"floor":54,"key":"BlessingOfTheForge"}],"is_trial":false,"path_per_floor":["M","M","$","?","M","R","M","R","T","M","M","M","?","E","R","B",null,"M","M","M","M","?","E","R","$","T","E","?","R","$","M","R","B",null,"M","M","M","$","M","R","E","M","T","E","R","?","M","M","R","B",null,"R","$","E","B"],"character_chosen":"DEFECT","items_purchased":["OrangePellets","Consume","Membership Card","Self Repair","Art of War"],"campfire_rested":2,"item_purchase_floors":[25,25,38,38,53],"current_hp_per_floor":[64,64,64,64,64,64,64,64,64,51,47,47,47,37,37,10,56,55,41,34,26,26,30,55,55,55,50,11,38,38,38,38,1,69,69,45,45,45,52,52,42,56,56,63,63,63,63,70,70,35,78,78,78,65,19,19],"gold":36,"neow_bonus":"THREE_RARE_CARDS","is_daily":false,"chose_seed":false,"campfire_upgraded":7,"win_rate":0.0,"timestamp":1610976667,"path_taken":["M","M","$","?","?","R","M","R","T","M","M","?","?","E","R","BOSS","M","M","M","M","?","E","R","?","T","E","?","R","?","M","R","BOSS","M","M","M","$","M","R","E","M","T","E","R","?","M","M","R","BOSS","R","$","E","BOSS"],"items_purchased_type":["Relic","Card","Relic","Card","Relic"],"build_version":"2020-12-22","purchased_purges":4,"victory":false,"max_hp_per_floor":[71,71,71,71,71,71,71,71,71,71,71,71,71,71,71,71,71,71,71,71,71,71,85,85,85,85,92,92,92,92,92,92,92,92,92,92,92,92,92,92,92,92,92,92,92,92,92,92,92,92,92,92,92,92,92,92],"card_choices":[{"not_picked":["Seek","Amplify"],"picked":"Hyperbeam","floor":0.0},{"not_picked":["Compile Driver","Doom and Gloom","Redo"],"picked":"SKIP","floor":1.0},{"not_picked":["Melter","Barrage"],"picked":"Gash","floor":2.0},{"not_picked":["Stack","Steam"],"picked":"FTL","floor":5.0},{"not_picked":["Cold Snap","Stack"],"picked":"Conserve Battery","floor":7.0},{"not_picked":["Hologram","Compile Driver"],"picked":"Hyperbeam","floor":10.0},{"not_picked":["Compile Driver","Chaos"],"picked":"Leap","floor":11.0},{"not_picked":["Cold Snap","Sweeping Beam"],"picked":"Turbo","floor":12.0},{"not_picked":["Electrodynamics","Rebound"],"picked":"Go for the Eyes","floor":14.0},{"not_picked":["Thunder Strike","Biased Cognition"],"picked":"Creative AI","floor":16.0},{"not_picked":["Loop","Tempest","Storm+1"],"picked":"SKIP","floor":18.0},{"not_picked":["Rip and Tear","Leap","FTL+1"],"picked":"SKIP","floor":19.0},{"not_picked":["Streamline","Static Discharge","Conserve Battery"],"picked":"SKIP","floor":20.0},{"not_picked":["Go for the Eyes","Conserve Battery","Rebound"],"picked":"SKIP","floor":21.0},{"not_picked":["Compile Driver","Barrage"],"picked":"Genetic Algorithm+1","floor":23.0},{"not_picked":["Conserve Battery","Blizzard","Streamline"],"picked":"SKIP","floor":27.0},{"not_picked":["Redo","Cold Snap","Steam"],"picked":"SKIP","floor":31.0},{"not_picked":["Biased Cognition","Multi-Cast"],"picked":"Echo Form","floor":33.0},{"not_picked":["Barrage","Blizzard","Lockon"],"picked":"SKIP","floor":35.0},{"not_picked":["Conserve Battery","Barrage","Steam"],"picked":"SKIP","floor":36.0},{"not_picked":["Barrage","Gash","Beam Cell+1"],"picked":"SKIP","floor":39.0},{"not_picked":["Sunder+1","Streamline"],"picked":"Static Discharge","floor":41},{"not_picked":["Coolheaded","FTL"],"picked":"Tempest+1","floor":42},{"not_picked":["Cold Snap+1","Conserve Battery","Turbo"],"picked":"SKIP","floor":44},{"not_picked":["Reinforced Body","BootSequence"],"picked":"Aggregate+1","floor":47},{"not_picked":["White Noise","Rebound"],"picked":"Hologram","floor":48},{"not_picked":["Auto Shields","Hologram"],"picked":"Thunder Strike","floor":54}],"player_experience":492116,"relics_obtained":[{"floor":9.0,"key":"Gremlin Horn"},{"floor":13.0,"key":"DataDisk"},{"floor":14.0,"key":"Mummified Hand"},{"floor":23.0,"key":"Mango"},{"floor":26.0,"key":"Juzu Bracelet"},{"floor":27.0,"key":"Strawberry"},{"floor":28.0,"key":"Du-Vu Doll"},{"floor":28.0,"key":"Bottled Tornado"},{"floor":41,"key":"StoneCalendar"},{"floor":44,"key":"Girya"},{"floor":54,"key":"Lantern"}],"event_choices":[{"damage_healed":0.0,"max_hp_gain":0.0,"max_hp_loss":0.0,"gold_gain":0.0,"event_name":"WeMeetAgain","player_choice":"Gave Potion","floor":4.0,"gold_loss":0.0,"damage_taken":0.0,"relics_obtained":["Dead Branch"]},{"damage_healed":0.0,"max_hp_gain":0.0,"max_hp_loss":0.0,"gold_gain":0.0,"event_name":"Wheel of Change","player_choice":"Relic","floor":13.0,"gold_loss":0.0,"damage_taken":0.0},{"damage_healed":0.0,"max_hp_gain":0.0,"max_hp_loss":0.0,"gold_gain":0.0,"event_name":"The Woman in Blue","player_choice":"Bought 1 Potion","floor":22.0,"gold_loss":0.0,"damage_taken":0.0},{"damage_healed":0.0,"max_hp_gain":0.0,"max_hp_loss":0.0,"gold_gain":0.0,"event_name":"Colosseum","player_choice":"Fight","floor":28.0,"gold_loss":0.0,"damage_taken":0.0},{"damage_healed":0.0,"max_hp_gain":0.0,"max_hp_loss":0.0,"gold_gain":0.0,"event_name":"Colosseum","player_choice":"Fought Nobs","floor":28.0,"gold_loss":0.0,"damage_taken":0.0},{"damage_healed":0,"gold_gain":0,"cards_transformed":["Hyperbeam"],"player_choice":"Transformed","damage_taken":0,"max_hp_gain":0,"max_hp_loss":0,"event_name":"Transmorgrifier","floor":46,"gold_loss":0,"cards_obtained":["Storm"]}],"is_beta":false,"boss_relics":[{"not_picked":["Runic Pyramid","Inserter"],"picked":"Snecko Eye"},{"not_picked":["Astrolabe","Sozu"],"picked":"Pandora\u0027s Box"}],"items_purged_floors":[3,30,38,53],"is_endless":false,"potions_floor_spawned":[2,10,11,12,18,28,28,37,39,47,54],"killed_by":"The Heart","ascension_level":16}}