{"host":"egwexuw5uvnxf11j","time":1610940071,"event":{"mods":["2.2 Compatiblity","Aspiration","BaseMod","Better Altar","Better Note","Better Sensory Stone","Better Third Choice","Displayed Cursed Tome","Downfall","Hermit","Key Reminder","Koishi","Marisa????????","Minty Spire (QoL Compilation)","Quick Restart","Shade Mod","Spicy Shops","StSLib","The Construct","The Cursed","The Hierophant","The Runesmith","The Senshi","The Servant 0.9.4","Transform Curses"],"gold_per_floor":[113,129,129,160,160,190,95,95,95,130,80,80,100,151,151,229,229,228,264,264,264],"floor_reached":20,"language":"ENG","playtime":943,"items_purged":[],"score":176,"play_id":"ca989952-d5d4-4167-bb3a-b72e28b927b1","local_time":"20210117222111","is_ascension_mode":true,"campfire_choices":[{"floor":8,"key":"REST"},{"floor":15,"key":"REST"}],"circlet_count":0,"master_deck":["hierophant:Strike_Hierophant","hierophant:Strike_Hierophant","hierophant:Strike_Hierophant","hierophant:Strike_Hierophant","hierophant:Punish","hierophant:Defend_Hierophant","hierophant:Defend_Hierophant","hierophant:Defend_Hierophant","hierophant:Defend_Hierophant","hierophant:ChurchCoffers","hierophant:OrnateBuckler","hierophant:Doubloon+1","hierophant:Remorse","Swift Strike","hierophant:Blessing","hierophant:HolyVerse","hierophant:AuricShield","hierophant:Charity","hierophant:Doubloon+1","hierophant:Doubloon","hierophant:OrnateBuckler","hierophant:Doubloon+1","hierophant:CursedGold","hierophant:MintersHammer","hierophant:Doubloon+1","hierophant:Generosity","hierophant:PassingBell+1","Shrug It Off"],"relics":["hierophant:PropheticMaskRelic","Art of War","keyreminder:keyreminder","Strawberry","aspiration:IroncladSkillbook"],"acts_visited":["Exordium","TheCity"],"potions_floor_usage":[14,16,20],"damage_taken":[{"damage":11,"enemies":"Cultist","floor":1,"turns":4},{"damage":8,"enemies":"Jaw Worm","floor":2,"turns":5},{"damage":0,"enemies":"2 Louse","floor":4,"turns":1},{"damage":47,"enemies":"3 Sentries","floor":6,"turns":10},{"damage":10,"enemies":"Lots of Slimes","floor":10,"turns":2},{"damage":20,"enemies":"Red Slaver","floor":13,"turns":4},{"damage":2,"enemies":"Gremlin Gang","floor":14,"turns":3},{"damage":32,"enemies":"Slime Boss","floor":16,"turns":7},{"damage":61,"enemies":"Shell Parasite","floor":18,"turns":8},{"damage":25,"enemies":"Chosen","floor":19,"turns":6},{"damage":27,"enemies":"Snake Plant","floor":20,"turns":2}],"seed_played":"-5506938815267559151","potions_obtained":[{"floor":4,"key":"DuplicationPotion"},{"floor":10,"key":"PowerPotion"},{"floor":13,"key":"champ:CounterPotion"},{"floor":19,"key":"sneckomod:MuddlingPotion"}],"is_trial":false,"path_per_floor":["M","M","?","M","?","E","$","R","T","M","$","R","M","M","R","B",null,"M","M","M"],"character_chosen":"HIEROPHANT","items_purchased":["hierophant:Charity","hierophant:OrnateBuckler"],"campfire_rested":2,"item_purchase_floors":[7,11],"current_hp_per_floor":[71,63,63,63,63,23,23,47,54,51,51,51,38,36,62,37,89,39,25,0,0],"gold":264,"neow_bonus":"TEN_PERCENT_HP_BONUS","is_daily":false,"chose_seed":false,"campfire_upgraded":0,"win_rate":0.0,"timestamp":1610940071,"path_taken":["M","M","?","M","?","E","$","R","T","M","$","R","M","M","R","BOSS","M","?","?"],"items_purchased_type":["Card","Card"],"build_version":"2020-12-22","purchased_purges":0,"victory":false,"max_hp_per_floor":[82,82,82,82,82,82,82,82,89,89,89,89,89,89,89,89,89,89,89,89,89],"card_choices":[{"not_picked":["hierophant:DisplayOfPower","hierophant:Bribe"],"picked":"hierophant:OrnateBuckler","floor":1},{"not_picked":["hierophant:ArchangelShield","hierophant:MorningPrayer"],"picked":"hierophant:Remorse","floor":2},{"not_picked":["PanicButton","Mayhem"],"picked":"Swift Strike","floor":3},{"not_picked":["hierophant:FlamingChariot","hierophant:RepressedViolence"],"picked":"hierophant:Blessing","floor":4},{"not_picked":["hierophant:FieryStrike","hierophant:Rebuild"],"picked":"hierophant:AuricShield","floor":6},{"not_picked":["hierophant:Rebuild","hierophant:MorningPrayer"],"picked":"hierophant:Doubloon","floor":10},{"not_picked":["hierophant:Prophecy","hierophant:Encroach"],"picked":"hierophant:CursedGold","floor":13},{"not_picked":["hierophant:Upheaval","hierophant:PassingBell"],"picked":"hierophant:MintersHammer","floor":14},{"not_picked":["hierophant:BulkyChest","hierophant:DeathKnell"],"picked":"hierophant:Generosity","floor":16},{"not_picked":["Headbutt","Armaments","Thunderclap"],"picked":"hierophant:PassingBell+1","floor":18},{"not_picked":["hierophant:Zeal","Anger","Dropkick+1"],"picked":"Shrug It Off","floor":19}],"player_experience":2247103,"relics_obtained":[{"floor":6,"key":"Art of War"},{"floor":9,"key":"Strawberry"}],"event_choices":[{"damage_healed":0,"gold_gain":1,"player_choice":"1","damage_taken":0,"max_hp_gain":0,"max_hp_loss":0,"event_name":"betterStone:BetterStone","floor":3,"gold_loss":0},{"damage_healed":0,"gold_gain":0,"player_choice":"1 cards matched","damage_taken":0,"max_hp_gain":0,"max_hp_loss":0,"event_name":"Match and Keep!","floor":5,"gold_loss":0,"cards_obtained":["hierophant:HolyVerse"]}],"is_beta":false,"boss_relics":[{"not_picked":["Philosopher\u0027s Stone","Runic Dome"],"picked":"aspiration:IroncladSkillbook"}],"items_purged_floors":[],"is_endless":false,"potions_floor_spawned":[4,10,13,19],"killed_by":"Snake Plant","ascension_level":4}}