{"host":"ccw6t0i2dpm5wyxf","time":1610956954,"event":{"mods":["AchievementEnabler","BaseMod","Colored Map","Minty Spire (QoL Compilation)","Permanent Neow","SuperFastMode"],"gold_per_floor":[111,111,111,40,57,86,86,105,150,179,354,380,452,452,452,550,550,570,78,97,113,113,113,0,0,0,18,18,37,37,37,37,37,37],"floor_reached":33,"language":"ENG","playtime":674,"items_purged":["Doubt"],"score":376,"play_id":"ef29414a-f1f4-4565-869c-306b907f6212","local_time":"20210118020234","is_ascension_mode":true,"campfire_choices":[{"data":"Blade Dance","floor":7,"key":"SMITH"},{"floor":15,"key":"REST"},{"floor":23,"key":"REST"},{"data":"Accuracy","floor":25,"key":"SMITH"},{"data":"Accuracy","floor":28,"key":"SMITH"},{"data":"Burst","floor":32,"key":"SMITH"}],"circlet_count":0,"master_deck":["Strike_G","Strike_G","Strike_G","Strike_G","Strike_G","Defend_G","Defend_G","Defend_G","Defend_G","Defend_G","Survivor","Neutralize","Blade Dance+1","Accuracy+1","Accuracy+1","Finisher","Deadly Poison","Blade Dance+1","Parasite","Slice","Tools of the Trade+1","CurseOfTheBell","Caltrops+1","Well Laid Plans+1","Accuracy+1","Backstab+1","Backstab+1","Burst+1","Dodge and Roll+1","Infinite Blades+1","Choke+1","Necronomicurse"],"relics":["Philosopher\u0027s Stone","Bag of Marbles","Snake Skull","Juzu Bracelet","Dream Catcher","Toy Ornithopter","Frozen Egg 2","Calling Bell","PreservedInsect","The Courier","Calipers","Mummified Hand","Orrery","Pen Nib","Eternal Feather","Necronomicon"],"acts_visited":["Exordium","TheCity"],"potions_floor_usage":[18,20,27,33],"damage_taken":[{"damage":0,"enemies":"Cultist","floor":1,"turns":4},{"damage":0,"enemies":"Jaw Worm","floor":5,"turns":1},{"damage":13,"enemies":"Lagavulin","floor":6,"turns":6},{"damage":0,"enemies":"Small Slimes","floor":8,"turns":3},{"damage":15,"enemies":"3 Sentries","floor":10,"turns":7},{"damage":0,"enemies":"Slime Boss","floor":16,"turns":4},{"damage":20,"enemies":"3 Byrds","floor":18,"turns":4},{"damage":12,"enemies":"2 Thieves","floor":20,"turns":2},{"damage":18,"enemies":"Snecko","floor":21,"turns":4},{"damage":0,"enemies":"Centurion and Healer","floor":27,"turns":3},{"damage":5,"enemies":"3 Cultists","floor":29,"turns":4},{"damage":86,"enemies":"Champ","floor":33,"turns":5}],"seed_played":"4170067631849762018","potions_obtained":[{"floor":3,"key":"Fire Potion"},{"floor":3,"key":"Dexterity Potion"},{"floor":3,"key":"Swift Potion"},{"floor":8,"key":"Regen Potion"},{"floor":18,"key":"Swift Potion"},{"floor":21,"key":"SteroidPotion"}],"is_trial":false,"path_per_floor":["M","?","?","$","M","E","R","M","T","E","?","T","T","?","R","B",null,"M","$","M","M","?","R","?","R","T","M","R","M","?","?","R","B"],"character_chosen":"THE_SILENT","items_purchased":["Accuracy","Mummified Hand","Orrery","Pen Nib"],"campfire_rested":2,"item_purchase_floors":[4,19,19,19],"current_hp_per_floor":[70,67,67,67,67,54,54,54,54,39,39,39,39,56,70,70,70,55,55,53,35,35,56,56,56,56,61,70,65,65,49,67,0,0],"gold":37,"neow_bonus":"BOSS_RELIC","is_daily":false,"chose_seed":false,"campfire_upgraded":4,"win_rate":0.0,"timestamp":1610956954,"path_taken":["M","?","?","$","M","E","R","?","T","E","?","?","?","?","R","BOSS","M","$","M","M","?","R","?","R","T","M","R","M","?","?","R","BOSS"],"items_purchased_type":["Card","Relic","Relic","Relic"],"build_version":"2020-12-22","purchased_purges":1,"victory":false,"max_hp_per_floor":[70,70,70,70,70,70,70,70,70,70,70,70,70,70,70,70,70,70,70,70,70,70,70,70,70,70,70,70,70,70,70,70,70,70],"card_choices":[{"not_picked":["Cloak And Dagger","Caltrops"],"picked":"Blade Dance","floor":1},{"not_picked":["Underhanded Strike","Backflip"],"picked":"Accuracy","floor":5},{"not_picked":["Blur","Crippling Poison"],"picked":"Finisher","floor":6},{"not_picked":["Escape Plan","Blade Dance"],"picked":"Deadly Poison","floor":8},{"not_picked":["Tactician","Expertise"],"picked":"Blade Dance","floor":10},{"not_picked":["Reflex","Dagger Throw"],"picked":"Slice","floor":15},{"not_picked":["Doppelganger","Unload"],"picked":"Tools of the Trade+1","floor":16},{"not_picked":["Setup+1","Flying Knee"],"picked":"Caltrops+1","floor":18},{"not_picked":["Dash","Skewer+1"],"picked":"Well Laid Plans+1","floor":19},{"not_picked":["Acrobatics","Eviscerate"],"picked":"Accuracy+1","floor":19},{"not_picked":["Deflect","Blade Dance"],"picked":"Backstab+1","floor":19},{"not_picked":["Prepared","Underhanded Strike"],"picked":"Backstab+1","floor":19},{"not_picked":["Acrobatics","Dodge and Roll"],"picked":"Burst","floor":20},{"not_picked":["Poisoned Stab","Slice"],"picked":"Dodge and Roll+1","floor":21},{"not_picked":["Sucker Punch+1","Backflip"],"picked":"Infinite Blades+1","floor":23},{"not_picked":["Deadly Poison+1","Sucker Punch","Acrobatics+1"],"picked":"SKIP","floor":27},{"not_picked":["Cloak And Dagger","Bane+1"],"picked":"Choke+1","floor":29}],"player_experience":287823,"relics_obtained":[{"floor":6,"key":"Snake Skull"},{"floor":9,"key":"Juzu Bracelet"},{"floor":10,"key":"Dream Catcher"},{"floor":12,"key":"Toy Ornithopter"},{"floor":13,"key":"Frozen Egg 2"},{"floor":17,"key":"PreservedInsect"},{"floor":17,"key":"The Courier"},{"floor":17,"key":"Calipers"},{"floor":26,"key":"Eternal Feather"},{"floor":31,"key":"Necronomicon"}],"event_choices":[{"damage_healed":0,"gold_gain":0,"player_choice":"Success","damage_taken":3,"relics_obtained":["Bag of Marbles"],"max_hp_gain":0,"max_hp_loss":0,"event_name":"Scrap Ooze","floor":2,"gold_loss":0},{"damage_healed":0,"gold_gain":0,"player_choice":"Got Potions","damage_taken":0,"max_hp_gain":0,"max_hp_loss":0,"event_name":"Lab","floor":3,"gold_loss":0},{"damage_healed":0,"gold_gain":175,"player_choice":"AGREE","damage_taken":0,"max_hp_gain":0,"max_hp_loss":0,"event_name":"Liars Game","floor":11,"gold_loss":0,"cards_obtained":["Doubt"]},{"damage_healed":17,"gold_gain":0,"player_choice":"Healed and dodged fight","damage_taken":0,"max_hp_gain":0,"max_hp_loss":0,"event_name":"Mushrooms","floor":14,"gold_loss":0,"cards_obtained":["Parasite"]},{"damage_healed":0,"gold_gain":0,"player_choice":"Forge","damage_taken":0,"max_hp_gain":0,"max_hp_loss":0,"event_name":"Accursed Blacksmith","floor":22,"gold_loss":0,"cards_upgraded":["Blade Dance"]},{"damage_healed":0,"gold_gain":0,"player_choice":"Paid Fearfully","damage_taken":0,"max_hp_gain":0,"max_hp_loss":0,"event_name":"Masked Bandits","floor":24,"gold_loss":113},{"damage_healed":0,"gold_gain":0,"player_choice":"Ignored","damage_taken":0,"max_hp_gain":0,"max_hp_loss":0,"event_name":"Vampires","floor":30,"gold_loss":0},{"damage_healed":0,"gold_gain":0,"player_choice":"Obtained Book","damage_taken":16,"max_hp_gain":0,"max_hp_loss":0,"event_name":"Cursed Tome","floor":31,"gold_loss":0}],"is_beta":false,"boss_relics":[{"not_picked":["Cursed Key","HoveringKite"],"picked":"Calling Bell"}],"items_purged_floors":[19],"is_endless":false,"potions_floor_spawned":[6,8,18,21],"killed_by":"Champ","ascension_level":5}}