{"host":"oigynbtg272c19pw","time":1610958910,"event":{"mods":["BaseMod","Colored Map","Minty Spire (QoL Compilation)","Relic Stats","Slay the Relics Exporter","StSLib"],"gold_per_floor":[113,133,153,153,23,54,54,85,108,108,135,155,155,155,155,155,155],"floor_reached":16,"playtime":592,"items_purged":["Regret"],"score":236,"play_id":"ffe4852b-fb1c-44a1-8a7e-8e3266a5e5bd","local_time":"20210118093510","is_ascension_mode":true,"campfire_choices":[{"data":"Ball Lightning","floor":7,"key":"SMITH"},{"data":"Coolheaded","floor":13,"key":"SMITH"},{"data":"Undo","floor":15,"key":"SMITH"}],"circlet_count":0,"master_deck":["AscendersBane","Strike_B","Strike_B","Strike_B","Strike_B","Defend_B","Defend_B","Defend_B","Defend_B+1","Zap","Dualcast","Undo+1","Ball Lightning+1","Sweeping Beam","Turbo","Undo","Recycle+1","Gash","Coolheaded+1"],"relics":["Cracked Core","NeowsBlessing","Centennial Puzzle","Blood Vial","Cables","War Paint","Pantograph"],"acts_visited":["Exordium"],"potions_floor_usage":[6,8,11],"damage_taken":[{"damage":0,"enemies":"Cultist","floor":1,"turns":1},{"damage":0,"enemies":"2 Louse","floor":2,"turns":1},{"damage":0,"enemies":"Small Slimes","floor":3,"turns":1},{"damage":20,"enemies":"3 Sentries","floor":6,"turns":7},{"damage":19,"enemies":"Gremlin Nob","floor":8,"turns":4},{"damage":18,"enemies":"Lagavulin","floor":11,"turns":8},{"damage":9,"enemies":"Exordium Wildlife","floor":12,"turns":4},{"damage":33,"enemies":"Slime Boss","floor":16,"turns":7}],"seed_played":"3943821186704006875","potions_obtained":[{"floor":1,"key":"Weak Potion"},{"floor":2,"key":"LiquidBronze"},{"floor":6,"key":"Regen Potion"},{"floor":11,"key":"LiquidBronze"}],"is_trial":false,"path_per_floor":["M","M","M","?","$","E","R","E","T","?","E","M","R","?","R","B"],"character_chosen":"DEFECT","items_purchased":["Turbo"],"campfire_rested":0,"item_purchase_floors":[5],"current_hp_per_floor":[64,64,64,64,64,44,44,27,27,27,26,19,19,1,1,0,0],"gold":155,"neow_bonus":"THREE_ENEMY_KILL","is_daily":false,"chose_seed":false,"campfire_upgraded":3,"win_rate":0.0,"timestamp":1610958910,"path_taken":["M","M","?","?","$","E","R","E","T","?","E","M","R","?","R","BOSS"],"items_purchased_type":["Card"],"build_version":"2020-12-13","purchased_purges":1,"victory":false,"max_hp_per_floor":[71,71,71,71,71,71,71,71,71,71,71,71,71,71,71,71,71],"relic_stats":{"Blood Vial":8,"Centennial Puzzle":[15],"counters":[8,33],"Pantograph":25,"War Paint":["Recycle","Defend_B"],"obtain_stats":[{"Blood Vial":6,"Centennial Puzzle":4,"NeowsBlessing":0,"Pantograph":11,"War Paint":9,"Cracked Core":0,"Cables":8},{"Blood Vial":4,"Centennial Puzzle":3,"NeowsBlessing":0,"Pantograph":6,"War Paint":5,"Cracked Core":0,"Cables":5},{"Blood Vial":10,"Centennial Puzzle":3,"NeowsBlessing":0,"Pantograph":22,"War Paint":14,"Cracked Core":0,"Cables":14}],"Cables":[17,13,4,0,0]},"card_choices":[{"not_picked":["Storm","Steam"],"picked":"Undo","floor":1},{"not_picked":["Conserve Battery","Coolheaded"],"picked":"Ball Lightning","floor":2},{"not_picked":["Ball Lightning","Redo"],"picked":"Sweeping Beam","floor":3},{"not_picked":["Barrage","Darkness"],"picked":"Undo","floor":6},{"not_picked":["Go for the Eyes","Undo"],"picked":"Recycle","floor":8},{"not_picked":["Reprogram","Force Field"],"picked":"Gash","floor":11},{"not_picked":["Turbo","Conserve Battery"],"picked":"Coolheaded","floor":12}],"player_experience":1429249,"relics_obtained":[{"floor":6,"key":"Blood Vial"},{"floor":8,"key":"Cables"},{"floor":9,"key":"War Paint"},{"floor":11,"key":"Pantograph"}],"event_choices":[{"damage_healed":0,"gold_gain":0,"player_choice":"Box","damage_taken":0,"relics_obtained":["Centennial Puzzle"],"max_hp_gain":0,"max_hp_loss":0,"event_name":"Big Fish","floor":4,"gold_loss":0,"cards_obtained":["Regret"]},{"damage_healed":0,"gold_gain":0,"player_choice":"Ignored","damage_taken":0,"max_hp_gain":0,"max_hp_loss":0,"event_name":"Shining Light","floor":10,"gold_loss":0},{"damage_healed":0,"gold_gain":0,"player_choice":"Fled","damage_taken":18,"max_hp_gain":0,"max_hp_loss":0,"event_name":"Scrap Ooze","floor":14,"gold_loss":0}],"is_beta":false,"boss_relics":[],"items_purged_floors":[5],"is_endless":false,"potions_floor_spawned":[1,2,6,11],"killed_by":"Slime Boss","ascension_level":20}}