{"host":"55frs1flqhuyvvn7","time":1610993307,"event":{"mods":["Act Like it!","Aspiration","BaseMod","BetterRewards","Colored Map","Colored Powertips","DeckTracker","Downfall","Hallownest","Hermit","Highlight Path","Hubris","Infinite Spire","Jorbs\u0027s Wanderer Trilogy","Marisa????????","Minty Spire (QoL Compilation)","Quick Restart","Random Character Button","Rare Cards Sparkle","Relic Sorter","StSLib","Synergy Search","The Bug Knight","The Construct","The Cursed","The Disciple","The Hierophant","The Jungle","The Necromancer","The Runesmith","The Servant 0.9.4"],"gold_per_floor":[111,126,137,157,157,192,41,41,41,58,58,72,104,114,114,215,215,233,246,263,188,188,188,188,188],"floor_reached":24,"language":"ENG","playtime":1573,"items_purged":["Strike_W"],"score":335,"play_id":"ebd652db-2474-46bb-9e98-635556be6997","local_time":"20210118190827","is_ascension_mode":false,"campfire_choices":[{"floor":11,"key":"REST"},{"data":"Shackles_Of_Pain","floor":15,"key":"SMITH"},{"floor":23,"key":"REST"}],"circlet_count":0,"master_deck":["Strike_W","Strike_W","Defend_W","Defend_W","Defend_W","Negative_Energy_Arrows","Bone_Wall","Shackles_Of_Pain","Summon_Undead_Army","Scare","Dark Shackles","Negative_Energy_Mist","Slay_Living","Life_Tap","Requiem","Scare","Cloudkill","Slay_Living","Shackles_Of_Pain+1","Finger_Of_Death","Summon_Lich","Spectral_Walk","Grasp_Heart","Blood_Whip+1","Deaths_Shadow","Blood_Wake","Slimebound:CheckThePlaybook"],"relics":["Vampire_Amulet","Strawberry","Runesmith:AutoHammer","StoneCalendar","Toy Ornithopter","aspiration:SecretTechniqueScroll"],"acts_visited":["Exordium","TheCity"],"potions_floor_usage":[6,16,16,19,24],"damage_taken":[{"damage":0,"enemies":"Cultist","floor":1,"turns":3},{"damage":2,"enemies":"Jaw Worm","floor":2,"turns":5},{"damage":3,"enemies":"2 Louse","floor":3,"turns":3},{"damage":15,"enemies":"2 Fungi Beasts","floor":4,"turns":4},{"damage":21,"enemies":"Gremlin Nob","floor":6,"turns":4},{"damage":16,"enemies":"3 Louse","floor":10,"turns":3},{"damage":11,"enemies":"Exordium Wildlife","floor":12,"turns":3},{"damage":13,"enemies":"3 Sentries","floor":13,"turns":6},{"damage":2,"enemies":"Large Slime","floor":14,"turns":5},{"damage":27,"enemies":"Slime Boss","floor":16,"turns":7},{"damage":14,"enemies":"Chosen","floor":18,"turns":6},{"damage":15,"enemies":"Spheric Guardian","floor":19,"turns":4},{"damage":9,"enemies":"Snecko","floor":20,"turns":4},{"damage":61,"enemies":"Nightmare","floor":24,"turns":5}],"seed_played":"3601140162450640034","potions_obtained":[{"floor":1,"key":"hexamod:SoulburnPotion"},{"floor":3,"key":"CultistPotion"},{"floor":4,"key":"hexamod:SoulburnPotion"},{"floor":6,"key":"Block Potion"},{"floor":18,"key":"DistilledChaos"}],"is_trial":false,"path_per_floor":["M","M","M","M","?","E","$","?","T","M","R","M","E","M","R","B",null,"M","M","M","?","?","R","NM"],"character_chosen":"NECROMANCER","items_purchased":["Shackles_Of_Pain","Summon_Undead_Army","Scare","Dark Shackles","Cloudkill"],"campfire_rested":2,"item_purchase_floors":[0,0,0,0,7],"current_hp_per_floor":[67,67,68,57,64,45,45,45,45,35,59,52,45,47,47,34,82,70,62,55,55,27,51,0,0],"gold":188,"neow_bonus":"","is_daily":false,"chose_seed":false,"campfire_upgraded":1,"win_rate":0.0,"timestamp":1610993307,"path_taken":["M","M","?","M","?","E","$","?","T","?","R","M","E","M","R","BOSS","M","M","M","?","?","R","NM"],"items_purchased_type":["Card","Card","Card","Card","Card"],"build_version":"2020-12-22","purchased_purges":1,"victory":false,"max_hp_per_floor":[75,75,75,75,82,82,82,82,82,82,82,82,82,82,82,82,82,82,82,82,82,82,82,82,82],"card_choices":[{"not_picked":["Bone_Shift","Consume_Illness"],"picked":"Negative_Energy_Mist","floor":1},{"not_picked":["Bone_Spikes","Exploit"],"picked":"Slay_Living","floor":2},{"not_picked":["Death_Coil","Death_Knell"],"picked":"Life_Tap","floor":3},{"not_picked":["Slay_Living","Chill_Blood"],"picked":"Requiem","floor":4},{"not_picked":["Negative_Energy_Sphere","Negative_Energy_Mist"],"picked":"Scare","floor":6},{"not_picked":["Bone_Spikes","Negative_Energy_Mist"],"picked":"Shackles_Of_Pain","floor":10},{"not_picked":["Shackles_Of_Pain","Death_Coil"],"picked":"Finger_Of_Death","floor":12},{"not_picked":["Bone_Armory","Necromantic_Selection"],"picked":"Summon_Lich","floor":13},{"not_picked":["Blood_Curse","Blood_Is_Power"],"picked":"Spectral_Walk","floor":14},{"not_picked":["Blood_Wake","Blood_Magic"],"picked":"Grasp_Heart","floor":16},{"not_picked":["Corrupt","Bone_Shift"],"picked":"Blood_Whip+1","floor":18},{"not_picked":["Bones_to_Steel","Bone_Armor"],"picked":"Deaths_Shadow","floor":19},{"not_picked":["Blood_Curse","Necrotic_Claws"],"picked":"Blood_Wake","floor":20}],"player_experience":94494,"relics_obtained":[{"floor":5,"key":"Strawberry"},{"floor":6,"key":"Runesmith:AutoHammer"},{"floor":9,"key":"StoneCalendar"},{"floor":13,"key":"Toy Ornithopter"}],"event_choices":[{"damage_healed":0,"gold_gain":0,"cards_transformed":["Strike_W"],"player_choice":"Transformed","damage_taken":0,"max_hp_gain":0,"max_hp_loss":0,"event_name":"Transmorgrifier","floor":8,"gold_loss":0,"cards_obtained":["Slay_Living"]},{"cards_removed":["Defend_W"],"damage_healed":0,"gold_gain":0,"player_choice":"Gave Gold","damage_taken":0,"max_hp_gain":0,"max_hp_loss":0,"event_name":"Beggar","floor":21,"gold_loss":75}],"is_beta":false,"boss_relics":[{"not_picked":["Ectoplasm","hubris:GrandSneckoEye"],"picked":"aspiration:SecretTechniqueScroll"}],"items_purged_floors":[0],"is_endless":false,"potions_floor_spawned":[1,3,4,6,13,18],"killed_by":"Nightmare","ascension_level":0}}