{"host":"prbesmsd58qkujmx","time":1610956786,"event":{"mods":["2.2 Compatiblity","AchievementEnabler","BaseMod","Colored Map","DeckTracker","Highlight Path","Keyboard Shortcuts","Minty Spire (QoL Compilation)","Permanent Neow","Quick Restart","Random Character Button","StSLib","SuperFastMode","everything is the same but u backflip on backflip"],"gold_per_floor":[118,136,154,170,170,204,219,219,219,238,54,67,67,67,67,165,165,184,204,219,219,295,295,195,206,206,206,217,217,53,72,72,168,168,178,133,144,154,74,74,74,119,145,145,145],"floor_reached":46,"language":"KOR","playtime":3321,"items_purged":["Strike_R","Bash","Strike_R"],"score":697,"play_id":"4447c14a-a30c-4bd7-84a8-fca85f7078e0","local_time":"20210118165946","is_ascension_mode":false,"campfire_choices":[{"data":"Pommel Strike","floor":8,"key":"SMITH"},{"floor":13,"key":"REST"},{"data":"Evolve","floor":15,"key":"SMITH"},{"data":"Barricade","floor":23,"key":"SMITH"},{"data":"Warcry","floor":27,"key":"SMITH"},{"data":"Dual Wield","floor":29,"key":"SMITH"},{"data":"Entrench","floor":32,"key":"SMITH"},{"data":"Corruption","floor":40,"key":"SMITH"}],"circlet_count":0,"master_deck":["Strike_R","Defend_R","Defend_R","Defend_R","Battle Trance","Pommel Strike+1","Shrug It Off","Second Wind","Feel No Pain","Flex","Burning Pact","Dropkick","Shockwave","Dual Wield+1","Evolve+1","Barricade+1","Warcry+1","Wild Strike","Shrug It Off","Shrug It Off","Fire Breathing","Entrench+1","Corruption+1","Shockwave+1","Body Slam","Impervious"],"relics":["Burning Blood","Bag of Marbles","Dead Branch","Sozu","Letter Opener","Matryoshka","Busted Crown","TungstenRod","Red Skull"],"acts_visited":["Exordium","TheCity","TheBeyond"],"potions_floor_usage":[6,6,16],"damage_taken":[{"damage":9,"enemies":"2 Louse","floor":1,"turns":4},{"damage":1,"enemies":"Jaw Worm","floor":2,"turns":3},{"damage":7,"enemies":"Small Slimes","floor":3,"turns":4},{"damage":7,"enemies":"Red Slaver","floor":4,"turns":4},{"damage":42,"enemies":"Gremlin Nob","floor":6,"turns":5},{"damage":20,"enemies":"Exordium Thugs","floor":7,"turns":7},{"damage":5,"enemies":"Looter","floor":10,"turns":2},{"damage":7,"enemies":"Blue Slaver","floor":12,"turns":3},{"damage":23,"enemies":"Slime Boss","floor":16,"turns":4},{"damage":6,"enemies":"Spheric Guardian","floor":18,"turns":4},{"damage":0,"enemies":"Chosen","floor":19,"turns":6},{"damage":7,"enemies":"Shelled Parasite and Fungi","floor":20,"turns":3},{"damage":4,"enemies":"Cultist and Chosen","floor":25,"turns":5},{"damage":3,"enemies":"Centurion and Healer","floor":28,"turns":8},{"damage":10,"enemies":"Snake Plant","floor":31,"turns":5},{"damage":14,"enemies":"Collector","floor":33,"turns":9},{"damage":3,"enemies":"3 Darklings","floor":35,"turns":2},{"damage":21,"enemies":"3 Shapes","floor":37,"turns":3},{"damage":0,"enemies":"Maw","floor":38,"turns":2},{"damage":8,"enemies":"2 Orb Walkers","floor":42,"turns":4},{"damage":25,"enemies":"Donu and Deca","floor":45,"turns":4}],"seed_played":"-1219466128684051554","potions_obtained":[{"floor":2,"key":"Swift Potion"},{"floor":3,"key":"LiquidBronze"},{"floor":6,"key":"DuplicationPotion"},{"floor":7,"key":"Weak Potion"},{"floor":10,"key":"BloodPotion"}],"is_trial":false,"path_per_floor":["M","M","M","M","?","E","M","R","T","M","$","M","R","$","R","B",null,"M","M","M","?","T","R","$","M","T","R","M","R","$","M","R","B",null,"M","$","M","M","$","R","?","?","T","?","B",null],"character_chosen":"IRONCLAD","items_purchased":["Shockwave","Dual Wield","Fire Breathing","Body Slam","Impervious"],"campfire_rested":1,"item_purchase_floors":[11,11,30,36,39],"current_hp_per_floor":[77,80,79,78,78,42,28,28,28,29,29,28,52,52,52,35,80,80,80,79,79,79,79,79,80,80,80,80,80,80,76,76,68,80,80,80,65,71,71,71,71,69,69,69,50],"gold":145,"neow_bonus":"TRANSFORM_CARD","is_daily":false,"chose_seed":false,"campfire_upgraded":7,"win_rate":0.0,"timestamp":1610956786,"path_taken":["M","M","M","M","?","E","M","R","T","M","$","M","R","$","R","BOSS","M","M","M","?","?","R","$","M","T","R","M","R","$","M","R","BOSS","M","$","M","M","$","R","?","?","T","?","BOSS"],"items_purchased_type":["Card","Card","Card","Card","Card"],"build_version":"2020-12-22","purchased_purges":3,"victory":true,"max_hp_per_floor":[80,80,80,80,80,80,80,80,80,80,80,80,80,80,80,80,80,80,80,80,80,80,80,80,80,80,80,80,80,80,80,80,80,80,80,80,80,80,80,80,80,80,80,80,80],"card_choices":[{"not_picked":["Wild Strike","Inflame"],"picked":"Pommel Strike","floor":1},{"not_picked":["Blood for Blood","Cleave"],"picked":"Shrug It Off","floor":2},{"not_picked":["Havoc","Rupture"],"picked":"Second Wind","floor":3},{"not_picked":["Sword Boomerang","Perfected Strike"],"picked":"Feel No Pain","floor":4},{"not_picked":["Headbutt","Twin Strike"],"picked":"Burning Pact","floor":6},{"not_picked":["Havoc","Heavy Blade"],"picked":"Dropkick","floor":7},{"not_picked":["Anger","Twin Strike","Thunderclap"],"picked":"SKIP","floor":10},{"not_picked":["Juggernaut","Headbutt"],"picked":"Evolve","floor":12},{"not_picked":["Feed","Immolate"],"picked":"Barricade","floor":16},{"not_picked":["Perfected Strike+1","Bloodletting"],"picked":"Warcry","floor":18},{"not_picked":["True Grit","Whirlwind+1"],"picked":"Wild Strike","floor":19},{"not_picked":["Berserk","Shockwave","Sword Boomerang"],"picked":"SKIP","floor":20},{"not_picked":["Anger","Sword Boomerang"],"picked":"Shrug It Off","floor":25},{"not_picked":["Sword Boomerang","Metallicize"],"picked":"Shrug It Off","floor":28},{"not_picked":["Power Through","Cleave+1"],"picked":"Entrench","floor":31},{"not_picked":["Fiend Fire","Reaper"],"picked":"Corruption","floor":33},{"not_picked":[],"picked":"Shockwave+1","floor":35},{"not_picked":["Pommel Strike"],"picked":"SKIP","floor":37},{"not_picked":[],"picked":"Battle Trance","floor":38}],"player_experience":99669,"relics_obtained":[{"floor":6,"key":"Bag of Marbles"},{"floor":9,"key":"Dead Branch"},{"floor":22,"key":"Letter Opener"},{"floor":26,"key":"Matryoshka"},{"floor":42,"key":"TungstenRod"},{"floor":43,"key":"Red Skull"}],"event_choices":[{"damage_healed":0,"gold_gain":0,"cards_transformed":["Strike_R"],"player_choice":"Change","damage_taken":0,"max_hp_gain":0,"max_hp_loss":0,"event_name":"Living Wall","floor":5,"gold_loss":0,"cards_obtained":["Flex"]},{"cards_removed":["Defend_R"],"damage_healed":0,"gold_gain":0,"player_choice":"Elegance","damage_taken":0,"max_hp_gain":0,"max_hp_loss":0,"event_name":"Back to Basics","floor":21,"gold_loss":0},{"cards_removed":["Battle Trance"],"damage_healed":0,"gold_gain":0,"player_choice":"Removed Skill","damage_taken":0,"max_hp_gain":0,"max_hp_loss":0,"event_name":"Falling","floor":41,"gold_loss":0},{"damage_healed":0,"gold_gain":0,"player_choice":"Fight","damage_taken":0,"max_hp_gain":0,"max_hp_loss":0,"event_name":"Mysterious Sphere","floor":42,"gold_loss":0},{"damage_healed":0,"gold_gain":0,"player_choice":"Took Portal","damage_taken":0,"max_hp_gain":0,"max_hp_loss":0,"event_name":"SecretPortal","floor":44,"gold_loss":0}],"is_beta":false,"boss_relics":[{"not_picked":["Runic Cube","Tiny House"],"picked":"Sozu"},{"not_picked":["Black Blood","Snecko Eye"],"picked":"Busted Crown"}],"items_purged_floors":[11,24,30],"is_endless":false,"potions_floor_spawned":[2,3,6,7,10,19,25,28,37,42],"ascension_level":0}}