{"host":"fmwbmnqnrup981we","time":1610942339,"event":{"mods":["AchievementEnabler","Act Like it!","Alarm Clock","BaseMod","Better Altar","Better Match","Better Note","Better Skull","Better Synergies","Better Third Choice","Better Vampires","Block Reminder","Curses Come First","Displayed Cursed Tome","Downfall","Duelist Mod","Ekko","Elementarium","GungeonMod","HexUI Lib","HornydragonMod","Kratos Character Expansion","Marked Mod","Minty Spire (QoL Compilation)","Pikachu Mod","Poor People Problems","Quick Restart","Relic Stats","SIMod","StSLib","The Bug Knight","The Death Knight","The Forsaken","The Marked","The Necromancer","The Runesmith","The Servant 0.9.4","The Wild Card","TheHero","TheVacant","TheVelvet","Thieving Mod","Transform Curses","Waifu the Spire","Yuri Mod","everything is the same but u backflip on backflip"],"gold_per_floor":[116,126,126,137,62,62,98,98,143,143,168,203,223,49,49,169,169,183,283,306,306,329,360,380,151,151,151,166,166,18,45,45,170,170,183,183,207,227,227,250,250,273,273,273],"floor_reached":43,"language":"ENG","playtime":1437,"items_purged":["Injury","theForsaken:PlagueCurse","Shame"],"score":610,"play_id":"0f41c224-03db-46f8-836b-ebecfe84fe68","local_time":"20210118035859","is_ascension_mode":true,"campfire_choices":[{"floor":8,"key":"RECALL"},{"data":"theWildCard:Loki","floor":15,"key":"SMITH"},{"data":"Alpha","floor":27,"key":"SMITH"},{"floor":32,"key":"REST"},{"data":"ConjureBlade","floor":41,"key":"SMITH"}],"circlet_count":0,"master_deck":["Strike_P+1","Strike_P+1","Strike_P","Strike_P+1","Defend_P","Defend_P","Defend_P+1","Defend_P","Eruption+1","Vigilance+1","Prostrate","Consecrate+1","Madness+1","theWildCard:Loki+1","Weave","LessonLearned","Prostrate","JustLucky","Halt","Devotion","TalkToTheHand+1","Doubt","ConjureBlade+1","FlurryOfBlows","Alpha+1","Blind","Weave","Prostrate","LessonLearned"],"relics":["PureWater","DemoMod:VorpalBullet","Golden Idol","Anchor","Akabeko","DemoMod:Metronome","SacredBark","Du-Vu Doll","theForsaken:ScaryMask","Boot","SlaversCollar","Spirit Poop","Centennial Puzzle","DemoMod:JetPack"],"acts_visited":["Exordium","TheCity","TheBeyond"],"potions_floor_usage":[16,16,33],"damage_taken":[{"damage":4,"enemies":"Small Slimes","floor":1,"turns":5},{"damage":0,"enemies":"Cultist","floor":2,"turns":4},{"damage":0,"enemies":"2 Louse","floor":4,"turns":3},{"damage":0,"enemies":"Gremlin Nob","floor":7,"turns":2},{"damage":0,"enemies":"Looter","floor":11,"turns":2},{"damage":1,"enemies":"HollowMod:MossKnight","floor":12,"turns":4},{"damage":0,"enemies":"Gremlin Gang","floor":13,"turns":1},{"damage":0,"enemies":"Hexaghost","floor":16,"turns":5},{"damage":10,"enemies":"Spheric Guardian","floor":18,"turns":4},{"damage":4,"enemies":"3 Byrds","floor":20,"turns":4},{"damage":0,"enemies":"3 Cultists","floor":22,"turns":2},{"damage":5,"enemies":"Book of Stabbing","floor":23,"turns":3},{"damage":0,"enemies":"Sentry and Sphere","floor":24,"turns":2},{"damage":4,"enemies":"Centurion and Healer","floor":28,"turns":5},{"damage":14,"enemies":"Collector","floor":33,"turns":3},{"damage":17,"enemies":"3 Darklings","floor":35,"turns":5},{"damage":8,"enemies":"Orb Walker","floor":37,"turns":4},{"damage":0,"enemies":"Maw","floor":38,"turns":4},{"damage":8,"enemies":"Transient","floor":42,"turns":5}],"seed_played":"-548628384080190834","potions_obtained":[{"floor":1,"key":"BlessingOfTheForge"},{"floor":11,"key":"AttackPotion"},{"floor":12,"key":"SteroidPotion"},{"floor":16,"key":"SteroidPotion"},{"floor":18,"key":"Swift Potion"},{"floor":20,"key":"AttackPotion"},{"floor":21,"key":"Slimebound:ThreeZeroPotion"},{"floor":23,"key":"EntropicBrew"},{"floor":33,"key":"Explosive Potion"},{"floor":35,"key":"DistilledChaos"}],"is_trial":false,"path_per_floor":["M","M","?","M","?","?","E","R","T","?","M","E","M","$","R","B",null,"M","?","M","?","M","E","M","$","T","R","M","?","$","T","R","B",null,"M","?","M","M","?","T","R","M","T"],"character_chosen":"WATCHER","items_purchased":["JustLucky","Halt","Blind","Weave","Prostrate"],"campfire_rested":1,"item_purchase_floors":[14,14,25,25,30],"current_hp_per_floor":[68,68,68,68,68,68,68,68,68,68,68,67,67,67,67,67,72,62,62,58,58,58,53,53,53,53,53,49,49,49,49,70,56,72,55,55,47,47,47,47,47,39,39,39],"gold":273,"neow_bonus":"UPGRADE_CARD","is_daily":false,"chose_seed":false,"campfire_upgraded":3,"win_rate":0.0,"timestamp":1610942339,"path_taken":["M","M","?","?","?","?","E","R","T","?","M","E","?","?","R","BOSS","M","?","M","?","M","E","M","$","T","R","?","?","$","?","R","BOSS","M","?","?","?","?","?","R","?","T"],"items_purchased_type":["Card","Card","Card","Card","Card"],"build_version":"2020-12-22","purchased_purges":3,"victory":false,"max_hp_per_floor":[72,72,72,72,72,72,72,72,72,72,72,72,72,72,72,72,72,72,72,72,72,72,72,72,72,72,72,72,72,72,72,72,72,72,72,72,72,72,72,72,72,72,72,72],"relic_stats":{"Centennial Puzzle":[3],"counters":[19,67],"Golden Idol":115,"Boot":[8],"obtain_stats":[{"theForsaken:ScaryMask":23,"Golden Idol":6,"SacredBark":17,"Spirit Poop":36,"DemoMod:GlassGuonStoneRelic":1,"Boot":31,"Akabeko":9,"Du-Vu Doll":19,"SlaversCollar":34,"Anchor":7,"Centennial Puzzle":40,"DemoMod:Metronome":12,"PureWater":0,"DemoMod:VorpalBullet":3,"DemoMod:JetPack":43},{"theForsaken:ScaryMask":12,"Golden Idol":3,"SacredBark":8,"Spirit Poop":16,"DemoMod:GlassGuonStoneRelic":1,"Boot":14,"Akabeko":4,"Du-Vu Doll":9,"SlaversCollar":15,"Anchor":4,"Centennial Puzzle":18,"DemoMod:Metronome":6,"PureWater":0,"DemoMod:VorpalBullet":2,"DemoMod:JetPack":19},{"theForsaken:ScaryMask":39,"Golden Idol":12,"SacredBark":26,"Spirit Poop":54,"DemoMod:GlassGuonStoneRelic":5,"Boot":46,"Akabeko":14,"Du-Vu Doll":30,"SlaversCollar":49,"Anchor":14,"Centennial Puzzle":62,"DemoMod:Metronome":20,"PureWater":0,"DemoMod:VorpalBullet":9,"DemoMod:JetPack":67}]},"card_choices":[{"not_picked":["MarkedMod:OneThousandNeedles","MarkedMod:GracefulMovements"],"picked":"Prostrate","floor":1},{"not_picked":["FlyingSleeves","Evaluate"],"picked":"Consecrate","floor":2},{"not_picked":["Crescendo","BowlingBash","Wireheading"],"picked":"SKIP","floor":4},{"not_picked":["Bandage Up+1","Deep Breath+1"],"picked":"Madness+1","floor":5},{"not_picked":["BowlingBash","PathToVictory","FlyingSleeves"],"picked":"SKIP","floor":7},{"not_picked":["EmptyFist","Nirvana"],"picked":"Weave","floor":11},{"not_picked":["MarkedMod:GracefulMovements","ClearTheMind"],"picked":"LessonLearned","floor":12},{"not_picked":["Consecrate","Weave"],"picked":"Prostrate","floor":13},{"not_picked":["LessonLearned","Establishment"],"picked":"Devotion","floor":16},{"not_picked":["Halt+1","Protect"],"picked":"TalkToTheHand+1","floor":18},{"not_picked":["CutThroughFate","Sanctity+1","FollowUp"],"picked":"SKIP","floor":20},{"not_picked":["Vengeance+1","FlyingSleeves"],"picked":"FlurryOfBlows","floor":22},{"not_picked":["CutThroughFate","Pray"],"picked":"Alpha","floor":23},{"not_picked":["MarkedMod:Acupuncture+1","FlyingSleeves","SashWhip"],"picked":"SKIP","floor":24},{"not_picked":["MarkedMod:FirstStrike","Vault","Fasting2"],"picked":"SKIP","floor":28},{"not_picked":["ConjureBlade","DeusExMachina"],"picked":"LessonLearned","floor":33},{"not_picked":["EmptyFist+1","Evaluate","MarkedMod:GentlePulse+1"],"picked":"SKIP","floor":35},{"not_picked":["Evaluate+1","CrushJoints","SashWhip"],"picked":"SKIP","floor":37},{"not_picked":["Brilliance","Adaptation","MarkedMod:GentlePulse"],"picked":"SKIP","floor":38},{"not_picked":["SashWhip+1","ClearTheMind","WaveOfTheHand+1"],"picked":"SKIP","floor":42}],"player_experience":457498,"relics_obtained":[{"floor":7,"key":"Anchor"},{"floor":9,"key":"Akabeko"},{"floor":12,"key":"DemoMod:Metronome"},{"floor":23,"key":"theForsaken:ScaryMask"},{"floor":31,"key":"Boot"},{"floor":40,"key":"Centennial Puzzle"},{"floor":43,"key":"DemoMod:JetPack"}],"event_choices":[{"damage_healed":0,"gold_gain":0,"player_choice":"Gave Potion","damage_taken":0,"relics_obtained":["DemoMod:VorpalBullet"],"max_hp_gain":0,"max_hp_loss":0,"event_name":"WeMeetAgain","floor":3,"gold_loss":0},{"damage_healed":0,"gold_gain":0,"player_choice":"2","damage_taken":0,"max_hp_gain":0,"max_hp_loss":0,"event_name":"betterMatch:BetterMatch","floor":5,"gold_loss":0,"cards_obtained":["betterMatch:ColorlessUncommonCard"]},{"damage_healed":0,"gold_gain":0,"player_choice":"Take Wound","damage_taken":0,"relics_obtained":["Golden Idol"],"max_hp_gain":0,"max_hp_loss":0,"event_name":"Golden Idol","floor":6,"gold_loss":0,"cards_obtained":["Injury"]},{"cards_removed":["Madness"],"damage_healed":0,"gold_gain":0,"player_choice":"Take \u0026 Give","damage_taken":0,"max_hp_gain":0,"max_hp_loss":0,"event_name":"betterNote:BetterNote","floor":10,"gold_loss":0,"cards_obtained":["theWildCard:Loki"]},{"damage_healed":0,"gold_gain":0,"player_choice":"Got Potions","damage_taken":0,"max_hp_gain":0,"max_hp_loss":0,"event_name":"Lab","floor":21,"gold_loss":0},{"cards_removed":["theDuelist:PsiCurse"],"damage_healed":0,"gold_gain":0,"player_choice":"Offered Curse","damage_taken":0,"relics_obtained":["Spirit Poop"],"max_hp_gain":0,"max_hp_loss":0,"event_name":"Bonfire Elementals","floor":36,"gold_loss":0}],"is_beta":false,"boss_relics":[{"not_picked":["Coffee Dripper","Philosopher\u0027s Stone"],"picked":"SacredBark"},{"not_picked":["Astrolabe","Fusion Hammer"],"picked":"SlaversCollar"}],"items_purged_floors":[14,25,30],"is_endless":false,"potions_floor_spawned":[1,11,12,16,18,20,23,33,35],"ascension_level":1}}