{"host":"s41rn2jhghpwfrvz","time":1610981922,"event":{"mods":["BaseMod","Minty Spire (QoL Compilation)","Quick Restart","Relic Stats","SuperFastMode"],"gold_per_floor":[119,129,129,54,54,54,86,86,112,131,147,177,252,265,265,336,336,346,365,280,180,194,229,247,282,282,313,333,365,415,415,415,493,493,513,525,540,565,615,646,646,677,729,729,745,777,791,809,809,809,809,809,809,65,98,98],"floor_reached":57,"language":"ENG","playtime":1287,"items_purged":["Pommel Strike","Rage+1","Warcry+1"],"score":3739,"play_id":"43403521-c58e-4c58-a1df-25fb44d16a15","local_time":"20210118165842","daily_mods":["SealedDeck","Vintage","DeadlyEvents"],"is_ascension_mode":true,"campfire_choices":[{"data":"Pommel Strike","floor":6,"key":"SMITH"},{"data":"Pommel Strike","floor":8,"key":"SMITH"},{"data":"Shrug It Off","floor":15,"key":"SMITH"},{"data":"Offering","floor":32,"key":"SMITH"},{"floor":41,"key":"RECALL"},{"data":"Feel No Pain","floor":44,"key":"SMITH"},{"data":"Flex","floor":49,"key":"SMITH"},{"data":"Fire Breathing","floor":53,"key":"SMITH"}],"circlet_count":0,"master_deck":["AscendersBane","Flex+1","Fire Breathing+1","Pommel Strike+1","Pommel Strike+1","Rage+1","Shockwave+1","Feel No Pain+1","Shrug It Off+1","Offering+1"],"relics":["Burning Blood","Regal Pillow","Bag of Marbles","Bronze Scales","White Beast Statue","PreservedInsect","Tiny Chest","War Paint","Mercury Hourglass","Ornamental Fan","Runic Pyramid","Sundial","Art of War","Self Forming Clay","Vajra","Gambling Chip","Potion Belt","Unceasing Top","Lantern","MealTicket","HornCleat","Oddly Smooth Stone","SacredBark","Nunchaku","Whetstone","Akabeko","Torii","Omamori","Singing Bowl","Red Skull","Frozen Egg 2","Anchor","Champion Belt","ClockworkSouvenir","Bag of Preparation","Paper Frog","Eternal Feather"],"acts_visited":["Exordium","TheCity","TheBeyond","TheEnding"],"potions_floor_usage":[56,56,56],"damage_taken":[{"damage":0,"enemies":"Small Slimes","floor":1,"turns":3},{"damage":0,"enemies":"2 Louse","floor":2,"turns":2},{"damage":4,"enemies":"3 Sentries","floor":7,"turns":4},{"damage":0,"enemies":"Cultist","floor":10,"turns":3},{"damage":0,"enemies":"2 Fungi Beasts","floor":11,"turns":3},{"damage":2,"enemies":"Lagavulin","floor":12,"turns":5},{"damage":2,"enemies":"Red Slaver","floor":14,"turns":3},{"damage":0,"enemies":"The Guardian","floor":16,"turns":8},{"damage":6,"enemies":"Chosen","floor":18,"turns":3},{"damage":6,"enemies":"2 Thieves","floor":19,"turns":2},{"damage":6,"enemies":"Shelled Parasite and Fungi","floor":22,"turns":1},{"damage":6,"enemies":"Book of Stabbing","floor":23,"turns":1},{"damage":6,"enemies":"Cultist and Chosen","floor":24,"turns":1},{"damage":6,"enemies":"Gremlin Leader","floor":25,"turns":2},{"damage":6,"enemies":"Book of Stabbing","floor":27,"turns":1},{"damage":6,"enemies":"Snake Plant","floor":28,"turns":1},{"damage":6,"enemies":"Slavers","floor":29,"turns":1},{"damage":6,"enemies":"Collector","floor":33,"turns":1},{"damage":6,"enemies":"3 Shapes","floor":35,"turns":1},{"damage":6,"enemies":"3 Darklings","floor":36,"turns":1},{"damage":6,"enemies":"Spire Growth","floor":37,"turns":1},{"damage":6,"enemies":"Mind Bloom Boss Battle","floor":38,"turns":1},{"damage":6,"enemies":"Reptomancer","floor":40,"turns":1},{"damage":6,"enemies":"Giant Head","floor":42,"turns":1},{"damage":6,"enemies":"Writhing Mass","floor":45,"turns":1},{"damage":6,"enemies":"Reptomancer","floor":46,"turns":1},{"damage":6,"enemies":"Sphere and 2 Shapes","floor":47,"turns":1},{"damage":6,"enemies":"Transient","floor":48,"turns":1},{"damage":6,"enemies":"Time Eater","floor":50,"turns":3},{"damage":6,"enemies":"Donu and Deca","floor":51,"turns":1},{"damage":6,"enemies":"Shield and Spear","floor":55,"turns":1},{"damage":6,"enemies":"The Heart","floor":56,"turns":4}],"seed_played":"-3998843522101027871","potions_obtained":[{"floor":7,"key":"Dexterity Potion"},{"floor":10,"key":"BlessingOfTheForge"},{"floor":12,"key":"Swift Potion"},{"floor":24,"key":"BlessingOfTheForge"},{"floor":25,"key":"BlessingOfTheForge"},{"floor":29,"key":"Strength Potion"},{"floor":35,"key":"Swift Potion"},{"floor":37,"key":"SpeedPotion"}],"is_trial":true,"path_per_floor":["M","M","?","$","?","R","E","R","T","M","M","E","?","M","R","B",null,"M","M","?","$","M","E","M","E","T","E","M","E","?","T","R","B",null,"M","M","M","?","?","E","R","E","T","R","M","E","M","M","R","B","B",null,"R","$","E","B",null],"character_chosen":"IRONCLAD","items_purchased":["ClockworkSouvenir","Bag of Preparation","Paper Frog"],"campfire_rested":0,"item_purchase_floors":[54,54,54],"current_hp_per_floor":[74,75,64,64,41,41,43,43,43,49,55,59,48,52,52,58,71,71,71,71,71,71,71,71,71,71,71,71,71,71,71,71,71,74,74,74,74,74,74,74,74,76,76,76,76,78,78,78,78,78,78,79,79,79,81,81],"gold":98,"neow_bonus":"","is_daily":false,"chose_seed":false,"campfire_upgraded":7,"win_rate":0.0,"timestamp":1610981922,"path_taken":["M","M","?","$","?","R","E","R","T","M","M","E","?","M","R","BOSS","M","M","?","$","M","E","M","E","T","E","M","E","?","?","R","BOSS","M","M","M","?","?","E","R","E","T","R","M","E","M","M","R","BOSS","BOSS","R","$","E","BOSS"],"items_purchased_type":["Relic","Relic","Relic"],"build_version":"2020-12-22","purchased_purges":3,"victory":true,"max_hp_per_floor":[75,75,75,75,75,75,75,75,75,75,75,75,75,75,75,75,75,75,75,75,75,75,75,75,75,75,75,75,75,75,75,75,75,75,75,75,75,75,75,75,75,77,77,77,77,79,79,79,79,79,79,79,79,79,81,81],"relic_stats":{"Regal Pillow":0,"Torii":0,"Singing Bowl":6,"counters":[32,64],"Self Forming Clay":[9],"Eternal Feather":0,"PreservedInsect":531,"Bag of Preparation":[4],"Whetstone":[],"War Paint":["Warcry","Shockwave"],"Burning Blood":187,"Mercury Hourglass":[177],"Nunchaku":[25],"Ornamental Fan":[428],"Sundial":[398],"Bronze Scales":[123],"Gambling Chip":[17],"Tiny Chest":1,"MealTicket":0,"Art of War":[0],"Champion Belt":[6],"obtain_stats":[{"Regal Pillow":1,"Lantern":27,"Torii":38,"Singing Bowl":42,"SacredBark":34,"Vajra":22,"Bag of Preparation":54,"Whetstone":36,"Burning Blood":0,"ClockworkSouvenir":54,"Nunchaku":35,"HornCleat":29,"Sundial":18,"Gambling Chip":23,"Tiny Chest":10,"MealTicket":28,"Red Skull":43,"Runic Pyramid":17,"Paper Frog":54,"Potion Belt":24,"Self Forming Clay":20,"Oddly Smooth Stone":31,"Eternal Feather":55,"PreservedInsect":9,"Omamori":40,"War Paint":11,"Frozen Egg 2":45,"White Beast Statue":7,"Akabeko":37,"Mercury Hourglass":12,"Anchor":46,"Ornamental Fan":14,"Bronze Scales":3,"Bag of Marbles":2,"Art of War":19,"Champion Belt":48,"Unceasing Top":25},{"Regal Pillow":1,"Lantern":15,"Torii":22,"Singing Bowl":24,"SacredBark":18,"Vajra":11,"Bag of Preparation":30,"Whetstone":20,"Burning Blood":0,"ClockworkSouvenir":30,"Nunchaku":19,"HornCleat":17,"Sundial":9,"Gambling Chip":12,"Tiny Chest":4,"MealTicket":16,"Red Skull":24,"Runic Pyramid":8,"Paper Frog":30,"Potion Belt":13,"Self Forming Clay":10,"Oddly Smooth Stone":17,"Eternal Feather":31,"PreservedInsect":3,"Omamori":23,"War Paint":5,"Frozen Egg 2":25,"White Beast Statue":3,"Akabeko":21,"Mercury Hourglass":6,"Anchor":26,"Ornamental Fan":7,"Bronze Scales":2,"Bag of Marbles":2,"Art of War":10,"Champion Belt":28,"Unceasing Top":14},{"Regal Pillow":3,"Lantern":42,"Torii":49,"Singing Bowl":51,"SacredBark":45,"Vajra":37,"Bag of Preparation":59,"Whetstone":47,"Burning Blood":0,"ClockworkSouvenir":59,"Nunchaku":46,"HornCleat":44,"Sundial":34,"Gambling Chip":38,"Tiny Chest":12,"MealTicket":43,"Red Skull":51,"Runic Pyramid":31,"Paper Frog":59,"Potion Belt":39,"Self Forming Clay":36,"Oddly Smooth Stone":44,"Eternal Feather":60,"PreservedInsect":9,"Omamori":50,"War Paint":15,"Frozen Egg 2":52,"White Beast Statue":9,"Akabeko":48,"Mercury Hourglass":20,"Anchor":53,"Ornamental Fan":23,"Bronze Scales":5,"Bag of Marbles":5,"Art of War":36,"Champion Belt":55,"Unceasing Top":41}],"Unceasing Top":[0]},"card_choices":[{"not_picked":["Feel No Pain","Cleave"],"picked":"Shrug It Off","floor":7},{"not_picked":["Feel No Pain","Flex","Inflame"],"picked":"SKIP","floor":12},{"not_picked":["Feel No Pain","Flex","Inflame"],"picked":"SKIP","floor":12},{"not_picked":["Corruption","Double Tap"],"picked":"Offering","floor":16},{"not_picked":["Perfected Strike","Blood for Blood","Whirlwind"],"picked":"SKIP","floor":23},{"not_picked":["Shrug It Off","True Grit","Rampage"],"picked":"SKIP","floor":25},{"not_picked":["Sentinel","Battle Trance+1","Rage"],"picked":"SKIP","floor":27},{"not_picked":["Heavy Blade","Power Through","Twin Strike"],"picked":"SKIP","floor":29},{"not_picked":["Whirlwind","Armaments+1","Body Slam"],"picked":"SKIP","floor":40},{"not_picked":["Headbutt","Searing Blow","Infernal Blade"],"picked":"Singing Bowl","floor":42},{"not_picked":["Havoc","Armaments","Clash"],"picked":"Singing Bowl","floor":46},{"not_picked":["Cleave","Intimidate","Havoc"],"picked":"Singing Bowl","floor":55}],"player_experience":1791759,"relics_obtained":[{"floor":1,"key":"Regal Pillow"},{"floor":2,"key":"Bag of Marbles"},{"floor":7,"key":"White Beast Statue"},{"floor":9,"key":"PreservedInsect"},{"floor":10,"key":"Tiny Chest"},{"floor":11,"key":"War Paint"},{"floor":12,"key":"Mercury Hourglass"},{"floor":14,"key":"Ornamental Fan"},{"floor":18,"key":"Sundial"},{"floor":19,"key":"Art of War"},{"floor":22,"key":"Vajra"},{"floor":23,"key":"Gambling Chip"},{"floor":24,"key":"Potion Belt"},{"floor":25,"key":"Unceasing Top"},{"floor":27,"key":"Lantern"},{"floor":28,"key":"MealTicket"},{"floor":29,"key":"HornCleat"},{"floor":31,"key":"Oddly Smooth Stone"},{"floor":35,"key":"Nunchaku"},{"floor":36,"key":"Whetstone"},{"floor":37,"key":"Akabeko"},{"floor":38,"key":"Torii"},{"floor":40,"key":"Omamori"},{"floor":42,"key":"Singing Bowl"},{"floor":43,"key":"Red Skull"},{"floor":45,"key":"Frozen Egg 2"},{"floor":46,"key":"Anchor"},{"floor":48,"key":"Champion Belt"},{"floor":55,"key":"Eternal Feather"}],"event_choices":[{"damage_healed":0,"gold_gain":0,"player_choice":"Success","damage_taken":11,"relics_obtained":["Bronze Scales"],"max_hp_gain":0,"max_hp_loss":0,"event_name":"Scrap Ooze","floor":3,"gold_loss":0},{"damage_healed":0,"gold_gain":0,"player_choice":"Entered Light","damage_taken":23,"max_hp_gain":0,"max_hp_loss":0,"event_name":"Shining Light","floor":5,"gold_loss":0,"cards_upgraded":["Rage","Rage"]},{"damage_healed":0,"gold_gain":75,"player_choice":"Gather Gold","damage_taken":11,"max_hp_gain":0,"max_hp_loss":0,"event_name":"World of Goop","floor":13,"gold_loss":0},{"damage_healed":0,"gold_gain":0,"player_choice":"Obtained Relic","damage_taken":0,"relics_obtained":["Self Forming Clay"],"max_hp_gain":0,"max_hp_loss":0,"event_name":"Addict","floor":20,"gold_loss":85},{"damage_healed":0,"gold_gain":50,"player_choice":"Stole From Cult","damage_taken":0,"max_hp_gain":0,"max_hp_loss":0,"event_name":"Nest","floor":30,"gold_loss":0},{"damage_healed":0,"gold_gain":0,"player_choice":"Fight","damage_taken":0,"max_hp_gain":0,"max_hp_loss":0,"event_name":"MindBloom","floor":38,"gold_loss":0},{"damage_healed":0,"gold_gain":50,"player_choice":"Pray","damage_taken":0,"max_hp_gain":0,"max_hp_loss":0,"event_name":"Golden Shrine","floor":39,"gold_loss":0}],"is_beta":false,"boss_relics":[{"not_picked":["Astrolabe","SlaversCollar"],"picked":"Runic Pyramid"},{"not_picked":["Calling Bell","Black Blood"],"picked":"SacredBark"}],"items_purged_floors":[4,21,54],"is_endless":false,"potions_floor_spawned":[7,10,11,12,14,16,18,19,22,23,24,25,27,28,29,33,35,36,37,38,40,42,45,46,47,48,55],"ascension_level":20}}