{"host":"g5ztulhog0otympt","time":1610969008,"event":{"mods":["AchievementEnabler","BaseMod","Downfall","Hermit","Minty Spire (QoL Compilation)","StSLib","The Cursed"],"gold_per_floor":[113,113,113,113,128,158,175,175,175,175,226,240,240,56,56,153,153,173,223,243,92,92,92,92,115,115,115,146,146,163,163,163],"floor_reached":31,"language":"ENG","playtime":923,"items_purged":[],"score":251,"play_id":"07699a22-1e16-40c1-a884-591a6683762f","local_time":"20210118132328","is_ascension_mode":false,"campfire_choices":[{"floor":8,"key":"REST"},{"data":"Zap","floor":10,"key":"SMITH"},{"floor":15,"key":"REST"},{"floor":23,"key":"REST"},{"data":"Melter","floor":27,"key":"SMITH"}],"circlet_count":0,"master_deck":["Strike_B+1","Strike_B","Strike_B","Strike_B","Defend_B","Defend_B","Defend_B","Defend_B","Zap+1","Dualcast","Beam Cell","Ball Lightning","White Noise","Melter+1","Creative AI","Sunder+1","Streamline+1","Loop+1"],"relics":["Cracked Core","Pantograph","Kunai","Juzu Bracelet","Tiny Chest","Snecko Eye","Lee\u0027s Waffle","Enchiridion","GremlinMask","Whetstone","Matryoshka","Symbiotic Virus"],"acts_visited":["Exordium","TheCity"],"potions_floor_usage":[6,20,29,30,30],"damage_taken":[{"damage":0,"enemies":"Small Slimes","floor":1,"turns":3},{"damage":11,"enemies":"Jaw Worm","floor":5,"turns":2},{"damage":58,"enemies":"3 Sentries","floor":6,"turns":7},{"damage":0,"enemies":"Cultist","floor":7,"turns":2},{"damage":13,"enemies":"3 Louse","floor":12,"turns":3},{"damage":63,"enemies":"The Guardian","floor":16,"turns":10},{"damage":26,"enemies":"Chosen","floor":18,"turns":5},{"damage":10,"enemies":"2 Thieves","floor":20,"turns":3},{"damage":47,"enemies":"Slavers","floor":28,"turns":3},{"damage":14,"enemies":"Snake Plant","floor":29,"turns":2},{"damage":8,"enemies":"3 Cultists","floor":30,"turns":3},{"damage":20,"enemies":"Centurion and Healer","floor":31,"turns":1}],"seed_played":"6939046718025816804","potions_obtained":[{"floor":5,"key":"bronze:BurnAndBuffPotion"},{"floor":6,"key":"SmokeBomb"},{"floor":16,"key":"Slimebound:ThreeZeroPotion"},{"floor":20,"key":"EssenceOfSteel"},{"floor":28,"key":"LiquidMemories"}],"is_trial":false,"path_per_floor":["M","$","?","?","M","E","M","R","T","R","T","M","?","$","R","B",null,"M","?","M","$","?","R","?","T","T","R","E","M","M","M"],"character_chosen":"DEFECT","items_purchased":["Tiny Chest","Melter","Lee\u0027s Waffle"],"campfire_rested":3,"item_purchase_floors":[14,14,21],"current_hp_per_floor":[82,82,82,82,71,13,13,37,37,37,37,24,24,24,48,10,82,56,56,46,89,73,89,89,89,89,89,42,28,20,0,0],"gold":163,"neow_bonus":"TEN_PERCENT_HP_BONUS","is_daily":false,"chose_seed":false,"campfire_upgraded":2,"win_rate":0.0,"timestamp":1610969008,"path_taken":["M","$","?","?","M","E","M","R","T","R","?","M","?","$","R","BOSS","M","?","M","$","?","R","?","?","T","R","E","M","M","M"],"items_purchased_type":["Relic","Card","Relic"],"build_version":"2020-12-22","purchased_purges":0,"victory":false,"max_hp_per_floor":[82,82,82,82,82,82,82,82,82,82,82,82,82,82,82,82,82,82,82,82,89,89,89,89,89,89,89,89,89,89,89,89],"card_choices":[{"not_picked":["Beam Cell","Lockon","Coolheaded"],"picked":"SKIP","floor":1},{"not_picked":["Turbo","Coolheaded"],"picked":"Beam Cell","floor":5},{"not_picked":["Hologram","Conserve Battery"],"picked":"Ball Lightning","floor":6},{"not_picked":["Thunder Strike","Cold Snap","Darkness"],"picked":"SKIP","floor":7},{"not_picked":["Tempest","Leap"],"picked":"White Noise","floor":12},{"not_picked":["Meteor Strike","Machine Learning"],"picked":"Creative AI","floor":16},{"not_picked":["Sweeping Beam","Conserve Battery"],"picked":"Sunder","floor":18},{"not_picked":["Auto Shields+1","Redo"],"picked":"Streamline+1","floor":20},{"not_picked":["Darkness+1","Gash"],"picked":"Loop+1","floor":28},{"not_picked":["Reprogram+1","Go for the Eyes","Melter"],"picked":"SKIP","floor":30}],"player_experience":91654,"relics_obtained":[{"floor":6,"key":"Pantograph"},{"floor":9,"key":"Kunai"},{"floor":11,"key":"Juzu Bracelet"},{"floor":22,"key":"Enchiridion"},{"floor":25,"key":"Whetstone"},{"floor":26,"key":"Matryoshka"},{"floor":28,"key":"Symbiotic Virus"}],"event_choices":[{"damage_healed":0,"gold_gain":0,"player_choice":"Leave","damage_taken":0,"max_hp_gain":0,"max_hp_loss":0,"event_name":"The Cleric","floor":3,"gold_loss":0},{"damage_healed":0,"gold_gain":0,"player_choice":"Ignored","damage_taken":0,"max_hp_gain":0,"max_hp_loss":0,"event_name":"Golden Wing","floor":4,"gold_loss":0},{"damage_healed":0,"gold_gain":0,"player_choice":"Ignored","damage_taken":0,"max_hp_gain":0,"max_hp_loss":0,"event_name":"Golden Idol","floor":13,"gold_loss":0},{"damage_healed":0,"gold_gain":100,"player_choice":"Bet on Murderer","damage_taken":0,"max_hp_gain":0,"max_hp_loss":0,"event_name":"The Joust","floor":19,"gold_loss":50},{"damage_healed":0,"gold_gain":0,"player_choice":"Obtained Book","damage_taken":16,"max_hp_gain":0,"max_hp_loss":0,"event_name":"Cursed Tome","floor":22,"gold_loss":0},{"damage_healed":0,"gold_gain":0,"player_choice":"Trade","damage_taken":0,"relics_obtained":["GremlinMask"],"max_hp_gain":0,"max_hp_loss":0,"event_name":"FaceTrader","floor":24,"gold_loss":0}],"is_beta":false,"boss_relics":[{"not_picked":["Sozu","Coffee Dripper"],"picked":"Snecko Eye"}],"items_purged_floors":[],"is_endless":false,"potions_floor_spawned":[5,6,16,20,28,29],"killed_by":"Centurion and Healer","ascension_level":0}}