{"host":"91blwi3hgehj6ch9","time":1610964367,"event":{"mods":["2.2 Compatiblity","AchievementEnabler","BaseMod","Colored Map","DeckTracker","Keyboard Shortcuts","Marisa£¨Ùöéë¡¡Øª×âÞÞ£©","Minty Spire (QoL Compilation)","Permanent Neow","Quick Restart","StSLib","SuperFastMode","everything is the same but u backflip on backflip"],"gold_per_floor":[114,114,39,39,64,64,83,83,83,83,104,104,122,47,47,47,47],"floor_reached":16,"language":"KOR","playtime":290,"items_purged":["Strike_G"],"score":162,"play_id":"a2079ec6-a164-408b-b344-186aef0e5e5a","local_time":"20210118190607","is_ascension_mode":true,"campfire_choices":[{"data":"Well Laid Plans","floor":6,"key":"SMITH"},{"data":"Catalyst","floor":8,"key":"SMITH"},{"data":"Deadly Poison","floor":10,"key":"SMITH"},{"floor":15,"key":"REST"}],"circlet_count":0,"master_deck":["AscendersBane","Strike_G","Strike_G","Strike_G","Defend_G","Defend_G","Defend_G","Survivor","Neutralize","Deadly Poison+1","Well Laid Plans+1","Catalyst+1","Acrobatics"],"relics":["Ring of the Snake","Golden Idol","Singing Bowl","Omamori","White Beast Statue"],"acts_visited":["Exordium"],"potions_floor_usage":[13,16],"damage_taken":[{"damage":3,"enemies":"2 Louse","floor":1,"turns":3},{"damage":3,"enemies":"Small Slimes","floor":5,"turns":4},{"damage":9,"enemies":"Jaw Worm","floor":7,"turns":5},{"damage":3,"enemies":"Blue Slaver","floor":11,"turns":3},{"damage":16,"enemies":"Exordium Thugs","floor":13,"turns":4},{"damage":34,"enemies":"Slime Boss","floor":16,"turns":6}],"seed_played":"243612525223639801","potions_obtained":[{"floor":5,"key":"DistilledChaos"},{"floor":7,"key":"Poison Potion"},{"floor":13,"key":"GamblersBrew"}],"is_trial":false,"path_per_floor":["M","?","?","T","M","R","M","R","T","R","M","T","M","$","R","B"],"character_chosen":"THE_SILENT","items_purchased":[],"campfire_rested":1,"item_purchase_floors":[],"current_hp_per_floor":[56,35,35,35,32,32,23,23,23,23,22,22,6,6,24,0,0],"gold":47,"neow_bonus":"REMOVE_TWO","is_daily":false,"chose_seed":false,"campfire_upgraded":3,"win_rate":0.0,"timestamp":1610964367,"path_taken":["M","?","?","?","M","R","M","R","T","R","?","?","M","$","R","BOSS"],"items_purchased_type":[],"build_version":"2020-12-22","purchased_purges":1,"victory":false,"max_hp_per_floor":[60,60,60,60,60,60,60,60,60,60,62,62,62,62,62,62,62],"card_choices":[{"not_picked":["Slice","Bane"],"picked":"Deadly Poison","floor":1},{"not_picked":["Cloak And Dagger","Sucker Punch"],"picked":"Well Laid Plans","floor":5},{"not_picked":["Dodge and Roll","Slice"],"picked":"Catalyst","floor":7},{"not_picked":["Distraction","Dagger Spray","Deflect"],"picked":"Singing Bowl","floor":11},{"not_picked":["Dagger Throw","Deadly Poison"],"picked":"Acrobatics","floor":13}],"player_experience":188209,"relics_obtained":[{"floor":4,"key":"Singing Bowl"},{"floor":9,"key":"Omamori"},{"floor":12,"key":"White Beast Statue"}],"event_choices":[{"damage_healed":0,"gold_gain":0,"player_choice":"Take Damage","damage_taken":21,"relics_obtained":["Golden Idol"],"max_hp_gain":0,"max_hp_loss":0,"event_name":"Golden Idol","floor":2,"gold_loss":0},{"cards_removed":["Defend_G"],"damage_healed":0,"gold_gain":0,"player_choice":"Card Removal","damage_taken":0,"max_hp_gain":0,"max_hp_loss":0,"event_name":"The Cleric","floor":3,"gold_loss":75}],"is_beta":false,"boss_relics":[],"items_purged_floors":[14],"is_endless":false,"potions_floor_spawned":[5,7,13],"killed_by":"Slime Boss","ascension_level":16}}