{"host":"8u7tvcybuv0u72fd","time":1610953761,"event":{"mods":["BaseMod","BetterRewards","Colored Map","Colored Powertips","Minty Spire (QoL Compilation)","Quick Restart","Shop Mod"],"gold_per_floor":[116,116,116,135,153,153,167,167,216,216,245,320,119,137,137,242,242,262,277,187,207,222,222,240,240,240,275,287,287,307,339,339,439,439,454,454,499,509,509,509,158,177,177,212,228,228,241,266,266,266,266,266,61,86,86,86],"floor_reached":55,"language":"ENG","playtime":2575,"items_purged":["Strike_R","Strike_R","Madness"],"score":969,"play_id":"06fdf611-89f7-45f6-8a43-cc66f0519070","local_time":"20210118020921","is_ascension_mode":false,"campfire_choices":[{"data":"Body Slam","floor":6.0,"key":"SMITH"},{"data":"Bash","floor":8.0,"key":"SMITH"},{"data":"Shrug It Off","floor":10.0,"key":"SMITH"},{"data":"Pommel Strike","floor":15.0,"key":"SMITH"},{"data":"Double Tap","floor":23.0,"key":"SMITH"},{"data":"Iron Wave","floor":25.0,"key":"SMITH"},{"data":"Cleave","floor":32.0,"key":"SMITH"},{"data":"Limit Break","floor":40.0,"key":"SMITH"},{"data":"Offering","floor":46.0,"key":"SMITH"},{"floor":49.0,"key":"RECALL"},{"data":"Defend_R","floor":52.0,"key":"SMITH"}],"circlet_count":0,"master_deck":["Strike_R","Strike_R+1","Defend_R","Defend_R+1","Defend_R+1","Defend_R+1","Bash+1","Shrug It Off+1","Body Slam+1","Pommel Strike+1","Iron Wave+1","Cleave+1","Double Tap+1","Pummel+1","Heavy Blade+1","Headbutt","Offering+1","Limit Break+1","Madness","Uppercut+1","Sword Boomerang+1","True Grit","Rage+1"],"relics":["Black Blood","MealTicket","Ancient Tea Set","Bird Faced Urn","Kunai","Pantograph","Torii","Smiling Mask","Pen Nib","Vajra","Mark of Pain","Mango","PreservedInsect","Calipers","Molten Egg 2","Sling","Lantern","StoneCalendar","Nunchaku","Art of War","Oddly Smooth Stone","Akabeko"],"acts_visited":["Exordium","TheCity","TheBeyond","TheEnding"],"potions_floor_usage":[55,55,55],"damage_taken":[{"damage":2.0,"enemies":"Cultist","floor":1.0,"turns":4.0},{"damage":0.0,"enemies":"Small Slimes","floor":4.0,"turns":3.0},{"damage":0.0,"enemies":"2 Louse","floor":5.0,"turns":3.0},{"damage":1.0,"enemies":"Red Slaver","floor":7.0,"turns":2.0},{"damage":2.0,"enemies":"Gremlin Nob","floor":11.0,"turns":4.0},{"damage":0.0,"enemies":"3 Louse","floor":14.0,"turns":3.0},{"damage":17.0,"enemies":"The Guardian","floor":16.0,"turns":7.0},{"damage":11.0,"enemies":"Spheric Guardian","floor":18.0,"turns":4.0},{"damage":1.0,"enemies":"2 Thieves","floor":19.0,"turns":3.0},{"damage":1.0,"enemies":"Snecko","floor":21.0,"turns":4.0},{"damage":15.0,"enemies":"Snake Plant","floor":22.0,"turns":3.0},{"damage":1.0,"enemies":"Sentry and Sphere","floor":24.0,"turns":4.0},{"damage":8.0,"enemies":"Slavers","floor":27.0,"turns":3.0},{"damage":1.0,"enemies":"3 Cultists","floor":28.0,"turns":3.0},{"damage":1.0,"enemies":"Snake Plant","floor":30.0,"turns":3.0},{"damage":7.0,"enemies":"Book of Stabbing","floor":31.0,"turns":2.0},{"damage":16.0,"enemies":"Champ","floor":33.0,"turns":6.0},{"damage":6.0,"enemies":"3 Darklings","floor":35.0,"turns":4.0},{"damage":25.0,"enemies":"2 Orb Walkers","floor":37.0,"turns":3.0},{"damage":0.0,"enemies":"3 Shapes","floor":38.0,"turns":3.0},{"damage":7.0,"enemies":"Maw","floor":42.0,"turns":6.0},{"damage":0.0,"enemies":"Giant Head","floor":44.0,"turns":5.0},{"damage":6.0,"enemies":"3 Darklings","floor":45.0,"turns":4.0},{"damage":6.0,"enemies":"Transient","floor":47.0,"turns":5.0},{"damage":18.0,"enemies":"Reptomancer","floor":48.0,"turns":4.0},{"damage":87.0,"enemies":"Time Eater","floor":50.0,"turns":8.0},{"damage":14,"enemies":"Shield and Spear","floor":54,"turns":3},{"damage":112,"enemies":"The Heart","floor":55,"turns":9}],"seed_played":"1531161704596321429","potions_obtained":[{"floor":4.0,"key":"Energy Potion"},{"floor":5.0,"key":"CultistPotion"},{"floor":7.0,"key":"Explosive Potion"},{"floor":30.0,"key":"SkillPotion"},{"floor":31.0,"key":"BloodPotion"},{"floor":35.0,"key":"Dexterity Potion"},{"floor":45.0,"key":"EssenceOfSteel"}],"is_trial":false,"path_per_floor":["M","?","$","M","M","R","M","R","T","R","E","?","$","M","R","B",null,"M","M","?","M","M","R","M","R","T","E","M","$","M","E","R","B",null,"M","?","?","M","T","R","$","M","T","E","M","R","M","E","R","B",null,"R","$","E","B"],"character_chosen":"IRONCLAD","items_purchased":["MealTicket","Ancient Tea Set","Shrug It Off","Energy Potion","Kunai","Pantograph","BloodPotion","Vajra","Sling","Lantern","Oddly Smooth Stone","True Grit"],"campfire_rested":0,"item_purchase_floors":[0,0,0,0,0,0,0,13,41,41,53,53],"current_hp_per_floor":[36,20,35,41,63,63,68,68,68,68,72,61,76,80,80,69,80,75,80,80,80,71,71,76,76,76,88,93,94,94,93,93,84,94,94,82,69,81,81,81,94,94,94,94,94,94,94,88,88,19,94,94,94,92,0,0],"gold":86,"neow_bonus":"","is_daily":false,"chose_seed":false,"campfire_upgraded":10,"win_rate":0.0,"timestamp":1610953761,"path_taken":["M","?","$","M","M","R","M","R","T","R","E","?","$","M","R","BOSS","M","M","?","?","M","R","M","R","T","E","M","$","M","E","R","BOSS","M","?","?","M","?","R","$","M","T","E","M","R","M","E","R","BOSS","R","$","E","BOSS"],"items_purchased_type":["Relic","Relic","Card","Potion","Relic","Relic","Potion","Relic","Relic","Relic","Relic","Card"],"build_version":"2020-12-22","purchased_purges":3,"victory":false,"max_hp_per_floor":[80,80,80,80,80,80,80,80,80,80,80,80,80,80,80,80,80,80,80,80,80,80,80,80,80,80,94,94,94,94,94,94,94,94,94,94,94,94,94,94,94,94,94,94,94,94,94,94,94,94,94,94,94,94,94,94],"card_choices":[{"not_picked":["Headbutt","Thunderclap"],"picked":"Body Slam","floor":1.0},{"not_picked":["Wild Strike","Sentinel","Heavy Blade"],"picked":"SKIP","floor":4.0},{"not_picked":["Fire Breathing","Flex"],"picked":"Pommel Strike","floor":5.0},{"not_picked":["Sentinel","Immolate","Havoc"],"picked":"SKIP","floor":7.0},{"not_picked":["Bloodletting","Rupture"],"picked":"Iron Wave","floor":11.0},{"not_picked":["Fire Breathing","Flex"],"picked":"Cleave","floor":14.0},{"not_picked":["Demon Form","Juggernaut"],"picked":"Double Tap","floor":16.0},{"not_picked":["Anger","Cleave+1","Intimidate"],"picked":"SKIP","floor":18.0},{"not_picked":["Pummel+1","Cleave","Heavy Blade"],"picked":"SKIP","floor":19.0},{"not_picked":["Cleave","Heavy Blade"],"picked":"Pummel+1","floor":19.0},{"not_picked":["Thunderclap","Cleave"],"picked":"Heavy Blade+1","floor":21.0},{"not_picked":["True Grit","Shockwave","Carnage"],"picked":"SKIP","floor":22.0},{"not_picked":["Sword Boomerang","Iron Wave+1"],"picked":"Headbutt","floor":24.0},{"not_picked":["Whirlwind+1","Searing Blow","Wild Strike"],"picked":"SKIP","floor":27.0},{"not_picked":["Twin Strike","Thunderclap","Evolve"],"picked":"SKIP","floor":28.0},{"not_picked":["Body Slam","Armaments+1"],"picked":"Offering","floor":30.0},{"not_picked":["Anger","Corruption","Cleave"],"picked":"SKIP","floor":31.0},{"not_picked":["Feed","Double Tap"],"picked":"Limit Break","floor":33.0},{"not_picked":["Hemokinesis+1","Sever Soul","Thunderclap+1"],"picked":"SKIP","floor":35.0},{"not_picked":["Iron Wave+1","Battle Trance+1"],"picked":"Uppercut+1","floor":37.0},{"not_picked":["Shockwave","Twin Strike","Anger"],"picked":"SKIP","floor":38.0},{"not_picked":["Perfected Strike+1","Clash+1","Warcry+1"],"picked":"SKIP","floor":42.0},{"not_picked":["Clothesline+1","Inflame","Wild Strike+1"],"picked":"SKIP","floor":44.0},{"not_picked":["Double Tap","Searing Blow+1","Cleave+1"],"picked":"SKIP","floor":45.0},{"not_picked":["Heavy Blade+1","Clothesline+1","Body Slam+1"],"picked":"SKIP","floor":47.0},{"not_picked":["Shrug It Off+1","Feed+1"],"picked":"Sword Boomerang+1","floor":48.0},{"not_picked":["Havoc+1","Demon Form"],"picked":"Rage+1","floor":54}],"player_experience":1355106,"relics_obtained":[{"floor":9.0,"key":"Smiling Mask"},{"floor":11.0,"key":"Pen Nib"},{"floor":27.0,"key":"Mango"},{"floor":31.0,"key":"PreservedInsect"},{"floor":37.0,"key":"Calipers"},{"floor":39.0,"key":"Molten Egg 2"},{"floor":43.0,"key":"StoneCalendar"},{"floor":44.0,"key":"Nunchaku"},{"floor":48.0,"key":"Art of War"},{"floor":54,"key":"Akabeko"}],"event_choices":[{"damage_healed":0.0,"max_hp_gain":0.0,"max_hp_loss":0.0,"gold_gain":0.0,"event_name":"Shining Light","player_choice":"Entered Light","floor":2.0,"gold_loss":0.0,"damage_taken":16.0,"cards_upgraded":["Defend_R","Strike_R"]},{"damage_healed":0.0,"max_hp_gain":0.0,"max_hp_loss":0.0,"gold_gain":75.0,"event_name":"World of Goop","player_choice":"Gather Gold","floor":12.0,"gold_loss":0.0,"damage_taken":11.0},{"cards_removed":["Strike_R"],"damage_healed":0.0,"max_hp_gain":0.0,"max_hp_loss":0.0,"gold_gain":0.0,"event_name":"Designer","player_choice":"Upgrade and Remove","floor":20.0,"gold_loss":90.0,"damage_taken":0.0,"cards_upgraded":["Defend_R"]},{"damage_healed":0.0,"max_hp_gain":0.0,"max_hp_loss":0.0,"gold_gain":0.0,"event_name":"Winding Halls","player_choice":"Embrace Madness","floor":36.0,"gold_loss":0.0,"damage_taken":12.0,"cards_obtained":["Madness","Madness"]},{"damage_healed":0.0,"max_hp_gain":0.0,"max_hp_loss":0.0,"gold_gain":0.0,"event_name":"Mysterious Sphere","player_choice":"Fight","floor":37.0,"gold_loss":0.0,"damage_taken":0.0}],"is_beta":false,"boss_relics":[{"not_picked":["Philosopher\u0027s Stone","SacredBark"],"picked":"Mark of Pain"},{"not_picked":["Runic Pyramid","Velvet Choker"],"picked":"Black Blood"}],"items_purged_floors":[0,13,41],"is_endless":false,"potions_floor_spawned":[4,5,7,16,18,30,31,35,45,47],"killed_by":"The Heart","ascension_level":0}}