{"host":"2ccem01eblg14btk","time":1610975206,"event":{"mods":["BaseMod","Colored Map","Minty Spire (QoL Compilation)","Quick Restart","Replay The Spire","StSLib"],"gold_per_floor":[19,194,194,211,27,52,67,67,91,119,138,138,164,176,176,249,249,259,259,279,132,146,146,166,166,191,225,225,243,243,243],"floor_reached":30,"language":"ENG","playtime":1061,"items_purged":["Doubt"],"score":445,"play_id":"360ecc7d-344b-4809-a977-63c83f29032f","local_time":"20210118140646","is_ascension_mode":true,"campfire_choices":[{"data":"Heavy Blade","floor":8.0,"key":"SMITH"},{"data":"Hemokinesis","floor":12.0,"key":"SMITH"},{"floor":15.0,"key":"REST"},{"data":"Replay:Many Hands","floor":23.0,"key":"SMITH"},{"floor":25,"key":"REST"}],"circlet_count":0,"master_deck":["AscendersBane","Strike_R","Strike_R","Strike_R","Strike_R","Defend_R","Defend_R","Defend_R","Defend_R","Bash","Heavy Blade+1","Hemokinesis+1","ReplayTheSpireMod:Muscle Training","Wild Strike+1","Heavy Blade+1","Massacre+1","Pummel+1","Hemogenesis+1","Replay:Many Hands+1","Double Tap"],"relics":["Burning Blood","Champion Belt","ReplayTheSpireMod:CursedCoin","Molten Egg 2","Bag of Preparation","Omamori","Replay:Rubber Ducky","Replay:Bottled Flurry","Cursed Key","Spirit Poop","Medical Kit","Boot","Bird Faced Urn"],"acts_visited":["Exordium","TheCity"],"potions_floor_usage":[24],"damage_taken":[{"damage":5.0,"enemies":"Jaw Worm","floor":1.0,"turns":4.0},{"damage":3.0,"enemies":"Cultist","floor":4.0,"turns":3.0},{"damage":31.0,"enemies":"Lagavulin","floor":6.0,"turns":6.0},{"damage":2.0,"enemies":"2 Louse","floor":7.0,"turns":1.0},{"damage":8.0,"enemies":"Gremlin Nob","floor":10.0,"turns":3.0},{"damage":15.0,"enemies":"Lots of Slimes","floor":11.0,"turns":5.0},{"damage":18.0,"enemies":"Lagavulin","floor":13.0,"turns":3.0},{"damage":12.0,"enemies":"Large Slime","floor":14.0,"turns":6.0},{"damage":49.0,"enemies":"Fading Forest","floor":16.0,"turns":11.0},{"damage":28.0,"enemies":"3 Byrds","floor":18.0,"turns":6.0},{"damage":34.0,"enemies":"Shell Parasite","floor":20.0,"turns":4.0},{"damage":23.0,"enemies":"Sentry and Sphere","floor":22.0,"turns":4.0},{"damage":28,"enemies":"Snake Plant","floor":24,"turns":3},{"damage":34,"enemies":"Replay:Snechameleon","floor":27,"turns":6},{"damage":26,"enemies":"Centurion and Healer","floor":29,"turns":5},{"damage":16,"enemies":"Cultist and Chosen","floor":30,"turns":4}],"seed_played":"-2636480525998542523","potions_obtained":[{"floor":4.0,"key":"HeartOfIron"},{"floor":6.0,"key":"Toxic Potion"},{"floor":10.0,"key":"Adrenaline Potion"},{"floor":14.0,"key":"SkillPotion"},{"floor":18.0,"key":"Strength Potion"},{"floor":22.0,"key":"Venom Potion"},{"floor":29,"key":"PowerPotion"}],"is_trial":false,"path_per_floor":["M","?","?","M","$","E","M","R","T","E","M","R","E","M","R","B",null,"M","?","M","$","M","R","M","R","T","E","$","M","M"],"character_chosen":"IRONCLAD","items_purchased":["ReplayTheSpireMod:CursedCoin","Molten Egg 2","Medical Kit"],"campfire_rested":2,"item_purchase_floors":[5,5,21],"current_hp_per_floor":[73,73,73,76,76,51,55,55,55,53,44,44,32,26,50,36,69,58,58,30,30,24,24,13,36,36,16,16,7,0,0],"gold":243,"neow_bonus":"ONE_RARE_RELIC","is_daily":false,"chose_seed":false,"campfire_upgraded":3,"win_rate":0.0,"timestamp":1610975206,"path_taken":["M","?","?","M","$","E","?","R","T","E","M","R","E","M","R","BOSS","M","?","M","$","M","R","M","R","T","E","$","?","M"],"items_purchased_type":["Relic","Relic","Relic"],"build_version":"2020-12-22","purchased_purges":1,"victory":false,"max_hp_per_floor":[80,80,80,80,80,80,80,80,80,80,80,80,80,80,80,80,80,80,77,77,77,77,77,77,77,77,77,77,77,77,77],"card_choices":[{"not_picked":["Flex","Reckless Charge"],"picked":"Heavy Blade","floor":1.0},{"not_picked":["Headbutt","Flame Barrier"],"picked":"ReplayTheSpireMod:Muscle Training","floor":4.0},{"not_picked":["Hemokinesis+1","ReplayTheSpireMod:Muscle Training"],"picked":"Wild Strike+1","floor":6.0},{"not_picked":["Warcry","Twin Strike+1"],"picked":"Heavy Blade+1","floor":7.0},{"not_picked":["Havoc","Wild Strike+1"],"picked":"Massacre+1","floor":10.0},{"not_picked":["ReplayTheSpireMod:Muscle Training","ReplayReversal"],"picked":"Pummel+1","floor":11.0},{"not_picked":["Wild Strike+1","Intimidate","Life Link"],"picked":"SKIP","floor":13.0},{"not_picked":["Clash+1","Run Through+1"],"picked":"Hemogenesis+1","floor":14.0},{"not_picked":["Berserk","Immolate+1"],"picked":"Replay:Many Hands","floor":16.0},{"not_picked":["Body Slam+1","Armaments","Carnage+1"],"picked":"SKIP","floor":18.0},{"not_picked":["Shrug It Off","Twin Strike+1","Abandon"],"picked":"SKIP","floor":20.0},{"not_picked":["Sword Boomerang+1","Havoc","Anger+1"],"picked":"SKIP","floor":22.0},{"not_picked":["Burning Pact","Pommel Strike+1","True Grit"],"picked":"SKIP","floor":24},{"not_picked":["Iron Wave+1","True Grit"],"picked":"Double Tap","floor":27},{"not_picked":["Pommel Strike+1","Run Through+1","Iron Wave+1"],"picked":"SKIP","floor":29}],"player_experience":119005,"relics_obtained":[{"floor":6.0,"key":"Bag of Preparation"},{"floor":9.0,"key":"Omamori"},{"floor":10.0,"key":"Replay:Rubber Ducky"},{"floor":13.0,"key":"Replay:Bottled Flurry"},{"floor":26,"key":"Boot"},{"floor":27,"key":"Bird Faced Urn"}],"event_choices":[{"damage_healed":0.0,"max_hp_gain":0.0,"max_hp_loss":0.0,"gold_gain":175.0,"event_name":"Liars Game","player_choice":"AGREE","floor":2.0,"gold_loss":0.0,"damage_taken":0.0,"cards_obtained":["Doubt"]},{"damage_healed":0.0,"max_hp_gain":0.0,"max_hp_loss":0.0,"gold_gain":0.0,"cards_transformed":["Strike_R"],"event_name":"Transmorgrifier","player_choice":"Transformed","floor":3.0,"gold_loss":0.0,"damage_taken":0.0,"cards_obtained":["Hemokinesis"]},{"cards_removed":["Parasite"],"damage_healed":0.0,"max_hp_gain":0.0,"max_hp_loss":0.0,"gold_gain":0.0,"event_name":"Bonfire Elementals","player_choice":"Offered Curse","floor":19.0,"gold_loss":0.0,"damage_taken":0.0,"relics_obtained":["Spirit Poop"]}],"is_beta":false,"boss_relics":[{"not_picked":["Velvet Choker","Runic Pyramid"],"picked":"Cursed Key"}],"items_purged_floors":[5],"is_endless":false,"potions_floor_spawned":[4,6,10,14,18,22,29],"killed_by":"Cultist and Chosen","ascension_level":13}}