{"host":"j9l1rwahbyzerpwa","time":1610962627,"event":{"mods":["100% Spire Juice","ATMod(°¢èªMod)","Arknights The Spire","BaseMod","Downfall","Energized Spire","KomeijiMod","Minty Spire (QoL Compilation)","MostiFishMod","Relic Stats","Spicy Shops","StSLib","The Dragon Tamer","The Marked","[IsaacMod]ÒÔÈö¼âËþ","¡¾ÒÅÎï¿¨ÅÆ¡¿REMEMod"],"gold_per_floor":[131,141,89,107,117,117,117,17,17,2,17,17,34,181,192,289,289,189,200,211,224,224,250,276,276,287,319,319,336,353,388,404,499,499,399,428,16,16,16,157,157,208,240,88,88,100,114,133,153,153,153,181,36,36,36,36],"floor_reached":55,"language":"ZHS","playtime":3769,"items_purged":["Pain"],"score":1201,"play_id":"e6b199c9-070d-4e7f-a36f-d56ec22c4c6d","local_time":"20210118173707","is_ascension_mode":false,"campfire_choices":[{"floor":1,"key":"RECALL"},{"data":"AT_OneInchPunch","floor":8,"key":"SMITH"},{"data":"bronze:Assembly","floor":12,"key":"SMITH"},{"data":"bronze:Invalidate","floor":18,"key":"SMITH"},{"data":"bronze:AlphaBuild","floor":35,"key":"SMITH"},{"floor":40,"key":"REST"},{"data":"bronze:HyperBeam","floor":42,"key":"SMITH"},{"floor":54,"key":"REST"}],"circlet_count":0,"master_deck":["bronze:Strike","bronze:Strike","bronze:Strike","bronze:Defend","bronze:Defend","bronze:Defend","bronze:Defend","bronze:Replicate","bronze:Goto","AT_OneInchPunch+1","DTMod:StunTrap","bronze:Fortify","bronze:DigitalCarnage","bronze:Overheat","bronze:Assembly","bronze:Optimize","bronze:ChosenStrike","bronze:Assembly+1","bronze:Invalidate+1","bronze:Boost","bronze:CleanCode","bronze:CleanCode","bronze:Virus","bronze:HyperBeam+1","bronze:Flail+1","bronze:Shell+1","bronze:Mutator","bronze:HardenedForm","bronze:AlphaBuild+1"],"relics":["bronze:BronzeCore","HushsDoor","REME_IWantAll","AT_ATBox","DaveBox","REME_ComplimentaryCards","NightmareShop","downfall:HeartBlessingBlue","Chaos","BelialBook","downfall:HeartBlessingRed","MagicMushroom","AT_BellowingDragoncrestRing","energizedSpire:SpiderWeb","TungstenRod","Blue Candle","downfall:HeartBlessingGreen","MegaBlast","OriginationStaff","BloodBag","Civilization","bronze:PlatinumCore","HandDrill","MegaBlast"],"acts_visited":["Exordium","TheCity","TheBeyond","TheEnding"],"potions_floor_usage":[15,16,16,21,33,33,43,47],"damage_taken":[{"damage":0,"enemies":"Small Slimes","floor":2,"turns":2},{"damage":8,"enemies":"downfall:FleeingMerchant","floor":3,"turns":4},{"damage":0,"enemies":"Cultist","floor":4,"turns":2},{"damage":0,"enemies":"Jaw Worm","floor":5,"turns":1},{"damage":7,"enemies":"downfall:FleeingMerchant","floor":10,"turns":4},{"damage":8,"enemies":"Red Slaver","floor":11,"turns":2},{"damage":0,"enemies":"Exordium Wildlife","floor":13,"turns":1},{"damage":28,"enemies":"downfall:FleeingMerchant","floor":14,"turns":4},{"damage":0,"enemies":"Lots of Slimes","floor":15,"turns":4},{"damage":0,"enemies":"WA_ARCHETYPE_RETAIN","floor":16,"turns":4},{"damage":13,"enemies":"Spheric Guardian","floor":19,"turns":3},{"damage":5,"enemies":"3 Byrds","floor":20,"turns":2},{"damage":14,"enemies":"Centurion and Healer","floor":21,"turns":3},{"damage":0,"enemies":"Gremlin Leader","floor":23,"turns":3},{"damage":0,"enemies":"Snake Plant","floor":26,"turns":2},{"damage":21,"enemies":"Book of Stabbing","floor":27,"turns":2},{"damage":0,"enemies":"3 Cultists","floor":29,"turns":3},{"damage":0,"enemies":"Snecko","floor":30,"turns":3},{"damage":39,"enemies":"Slavers","floor":31,"turns":3},{"damage":2,"enemies":"Shelled Parasite and Fungi","floor":32,"turns":3},{"damage":17,"enemies":"IC_MUSHROOM_ARCHETYPE","floor":33,"turns":4},{"damage":23,"enemies":"3 Darklings","floor":36,"turns":3},{"damage":27,"enemies":"Reptomancer","floor":43,"turns":3},{"damage":6,"enemies":"3 Shapes","floor":46,"turns":3},{"damage":20,"enemies":"Writhing Mass","floor":47,"turns":4},{"damage":11,"enemies":"3 Darklings","floor":48,"turns":4},{"damage":21,"enemies":"4 Shapes","floor":49,"turns":3},{"damage":23,"enemies":"SI_POISON_ARCHETYPE","floor":50,"turns":6},{"damage":44,"enemies":"downfall:CharBossMerchant","floor":52,"turns":7},{"damage":0,"enemies":"downfall:NeowBoss","floor":55,"turns":25}],"seed_played":"8864724413771171903","potions_obtained":[{"floor":4,"key":"SneckoOil"},{"floor":11,"key":"EssenceOfSteel"},{"floor":13,"key":"ColorlessPotion"},{"floor":15,"key":"Energy Potion"},{"floor":20,"key":"LiquidMemories"},{"floor":25,"key":"CultistPotion"},{"floor":29,"key":"Fire Potion"},{"floor":30,"key":"EntropicBrew"},{"floor":31,"key":"FairyPotion"},{"floor":33,"key":"CalmPotion"},{"floor":43,"key":"DistilledChaos"},{"floor":48,"key":"CalmPotion"},{"floor":52,"key":"bronze:FreeFunctionsPotion"}],"is_trial":false,"path_per_floor":["R","M","$","M","M","?","T","R","?","$","M","R","M","$","M","B",null,"R","M","M","M","$","E","T","?","M","E","?","M","M","E","M","B",null,"R","M","$","?","$","R","T","R","E","$","?","M","M","M","M","B",null,"E","$","R","B"],"character_chosen":"THE_AUTOMATON","items_purchased":["bronze:Optimize","Chaos","MegaBlast","Civilization","HandDrill"],"campfire_rested":2,"item_purchase_floors":[3,14,37,44,53],"current_hp_per_floor":[72,75,66,66,66,66,66,76,76,72,64,64,64,36,36,39,97,97,84,79,65,65,72,72,72,74,55,55,58,61,25,26,15,107,107,83,83,83,83,92,92,91,65,65,80,80,67,64,51,36,136,97,97,139,141,141],"gold":36,"neow_bonus":"TEN_PERCENT_HP_BONUS","is_daily":false,"chose_seed":false,"campfire_upgraded":5,"win_rate":0.0,"timestamp":1610962627,"path_taken":["R","M","$","M","M","?","T","R","?","?","?","R","M","$","M","BOSS","R","M","M","M","?","E","T","?","?","E","?","M","?","E","M","BOSS","R","M","$","?","?","R","T","R","E","$","?","M","M","M","M","BOSS","E","$","R","BOSS"],"items_purchased_type":["Card","Card","Relic","Relic","Relic"],"build_version":"2020-12-22","purchased_purges":1,"victory":false,"max_hp_per_floor":[78,81,81,81,81,81,81,91,91,94,94,94,94,94,94,97,97,97,97,97,97,97,104,104,104,104,104,104,104,104,104,104,107,107,107,107,107,107,107,107,107,114,114,114,114,117,121,126,131,136,136,141,141,141,141,141],"relic_stats":{"counters":[30,117],"Blue Candle":[11],"HandDrill":[8],"obtain_stats":[{"Chaos":14,"bronze:PlatinumCore":52,"bronze:BronzeCore":0,"AT_ATBox":0,"DaveBox":0,"downfall:HeartBlessingGreen":35,"REME_IWantAll":0,"Civilization":44,"NightmareShop":0,"downfall:HeartBlessingBlue":8,"Diplopia":43,"HandDrill":53,"KeepersGift":0,"downfall:HeartBlessingRed":18,"Blue Candle":34,"BelialBook":17,"energizedSpire:SpiderWeb":27,"BloodBag":42,"MegaBlast":37,"AT_BellowingDragoncrestRing":24,"MagicMushroom":23,"OriginationStaff":41,"HushsDoor":0,"TungstenRod":31,"REME_ComplimentaryCards":0,"BloodDonationMachine":0},{"Chaos":8,"bronze:PlatinumCore":29,"bronze:BronzeCore":0,"AT_ATBox":0,"DaveBox":0,"downfall:HeartBlessingGreen":21,"REME_IWantAll":0,"Civilization":23,"NightmareShop":0,"downfall:HeartBlessingBlue":4,"Diplopia":23,"HandDrill":29,"KeepersGift":0,"downfall:HeartBlessingRed":10,"Blue Candle":21,"BelialBook":10,"energizedSpire:SpiderWeb":16,"BloodBag":22,"MegaBlast":22,"AT_BellowingDragoncrestRing":14,"MagicMushroom":14,"OriginationStaff":22,"HushsDoor":0,"TungstenRod":19,"REME_ComplimentaryCards":0,"BloodDonationMachine":0},{"Chaos":20,"bronze:PlatinumCore":92,"bronze:BronzeCore":0,"AT_ATBox":0,"DaveBox":0,"downfall:HeartBlessingGreen":59,"REME_IWantAll":0,"Civilization":65,"NightmareShop":0,"downfall:HeartBlessingBlue":9,"Diplopia":65,"HandDrill":92,"KeepersGift":0,"downfall:HeartBlessingRed":28,"Blue Candle":59,"BelialBook":28,"energizedSpire:SpiderWeb":43,"BloodBag":62,"MegaBlast":62,"AT_BellowingDragoncrestRing":39,"MagicMushroom":39,"OriginationStaff":62,"HushsDoor":0,"TungstenRod":52,"REME_ComplimentaryCards":0,"BloodDonationMachine":0}],"TungstenRod":37},"card_choices":[{"not_picked":["ChaosCard"],"picked":"Singing Bowl","floor":0},{"not_picked":["bronze:Fortify","bronze:DigitalCarnage","bronze:Overheat"],"picked":"Singing Bowl","floor":2},{"not_picked":["bronze:Shield","bronze:OilSpill"],"picked":"bronze:Assembly","floor":3},{"not_picked":["bronze:BugBarrage","bronze:CloningBeam"],"picked":"Bomb","floor":4},{"not_picked":["bronze:WildBeam","bronze:WhirlingStrike","bronze:BitShift"],"picked":"SKIP","floor":5},{"not_picked":["bronze:Assembly","bronze:Invalidate","bronze:Boost"],"picked":"Singing Bowl","floor":10},{"not_picked":["bronze:BitShift","bronze:Frontload","bronze:ItsAFeature"],"picked":"SKIP","floor":11},{"not_picked":["bronze:BugBarrage","bronze:Turbo","bronze:Return"],"picked":"SKIP","floor":13},{"not_picked":["bronze:Philosophize","bronze:Turbo"],"picked":"bronze:CleanCode","floor":14},{"not_picked":["bronze:Allocate","bronze:Shield"],"picked":"Bomb","floor":15},{"not_picked":["bronze:CleanCode","bronze:Virus","bronze:HyperBeam"],"picked":"Singing Bowl","floor":16},{"not_picked":["bronze:WildBeam","bronze:BitShift"],"picked":"bronze:Flail+1","floor":19},{"not_picked":["bronze:Branch","bronze:MaxOutput+1","bronze:Optimize"],"picked":"SKIP","floor":20},{"not_picked":["bronze:ForLoop","bronze:Backtrace+1","bronze:Overload"],"picked":"SKIP","floor":21},{"not_picked":["bronze:FollowUp","bronze:DelayedGuard","bronze:MaxOutput+1"],"picked":"SKIP","floor":23},{"not_picked":["bronze:DarkDash","bronze:FineTuning"],"picked":"bronze:Shell+1","floor":26},{"not_picked":["bronze:FindAndReplace","bronze:ForLoop","bronze:BronzeArmor"],"picked":"SKIP","floor":27},{"not_picked":["bronze:Overheat","bronze:Frontload+1","bronze:BugBarrage"],"picked":"SKIP","floor":29},{"not_picked":["bronze:OilSpill","bronze:Overheat","bronze:BitShift"],"picked":"SKIP","floor":30},{"not_picked":["bronze:Iterate","bronze:FineTuning","bronze:Philosophize"],"picked":"SKIP","floor":31},{"not_picked":["bronze:BuggyMess","bronze:Iterate","bronze:ClassDefault"],"picked":"SKIP","floor":32},{"not_picked":["bronze:Mutator","bronze:HardenedForm","bronze:AlphaBuild"],"picked":"Singing Bowl","floor":33},{"not_picked":["bronze:Overheat+1","bronze:DelayedGuard","bronze:WildBeam+1"],"picked":"SKIP","floor":36},{"not_picked":["bronze:WhirlingStrike+1","bronze:ShipIt","bronze:Invalidate+1"],"picked":"SKIP","floor":43},{"not_picked":["bronze:Invalidate","bronze:BugBarrage","bronze:CutThrough+1"],"picked":"SKIP","floor":46},{"not_picked":["bronze:DelayedSlice","bronze:Frontload+1","bronze:BuggyMess"],"picked":"SKIP","floor":47},{"not_picked":["bronze:NullPointer+1","bronze:Turbo+1","bronze:Philosophize"],"picked":"SKIP","floor":48},{"not_picked":["bronze:BuggyMess+1","bronze:Frontload+1","bronze:OilSpill"],"picked":"SKIP","floor":49},{"not_picked":["bronze:Boost+1","bronze:Iterate+1","bronze:Return"],"picked":"SKIP","floor":52}],"player_experience":276046,"relics_obtained":[{"floor":23,"key":"MagicMushroom"},{"floor":24,"key":"AT_BellowingDragoncrestRing"},{"floor":27,"key":"energizedSpire:SpiderWeb"},{"floor":31,"key":"TungstenRod"},{"floor":41,"key":"OriginationStaff"},{"floor":43,"key":"Diplopia"},{"floor":52,"key":"bronze:PlatinumCore"}],"event_choices":[],"is_beta":false,"boss_relics":[{"not_picked":["PunchingBag","AT_DeathDance"],"picked":"BelialBook"},{"not_picked":[]},{"not_picked":["Black Star","Omamori"],"picked":"Blue Candle"},{"not_picked":[]}],"items_purged_floors":[14],"is_endless":false,"potions_floor_spawned":[4,11,13,15,20,29,30,31,33,43,48,52],"killed_by":"downfall:NeowBoss","ascension_level":0}}