{"host":"2js2pxuugveqjuf7","time":1610948618,"event":{"mods":["BaseMod","Minty Spire (QoL Compilation)","Relic Stats","StSLib"],"gold_per_floor":[109,129,148,167,186,212,212,58,111,138,156,156,9,9,9,104,104,120,120,131,149,149,180,180,198,243,243,259,270,300,320,320,422,422,434,56,72,86,86,111,111,111,111,111,130,130,147,159,159,159],"floor_reached":51,"language":"ENG","playtime":4531,"items_purged":["Strike_R","Strike_R"],"score":1088,"play_id":"b76895b8-dfbc-46c8-912e-f7ec5c6b3859","local_time":"20210117234338","is_ascension_mode":true,"campfire_choices":[{"data":"True Grit","floor":7,"key":"SMITH"},{"floor":15,"key":"REST"},{"data":"Feel No Pain","floor":24,"key":"SMITH"},{"floor":27,"key":"REST"},{"data":"Hemokinesis","floor":32,"key":"SMITH"},{"data":"Fiend Fire","floor":41,"key":"SMITH"},{"data":"True Grit","floor":44,"key":"SMITH"},{"data":"Fiend Fire","floor":49,"key":"SMITH"}],"circlet_count":0,"master_deck":["Strike_R","Defend_R","Defend_R","Defend_R","Defend_R","Bash","Clothesline","Hemokinesis+1","Shockwave","Flame Barrier","True Grit+1","Feel No Pain+1","Metallicize+1","Disarm","Fiend Fire+1","Pummel","Fire Breathing+1","Offering+1","CurseOfTheBell","Pommel Strike","Flame Barrier+1","Cleave","Dual Wield+1","Sentinel+1","True Grit","Pummel","Fiend Fire+1","Ghostly Armor","Pummel+1","Feel No Pain+1","True Grit+1","Feel No Pain+1","Writhe","Berserk+1","Pommel Strike+1","Wild Strike+1","Parasite","Whirlwind+1"],"relics":["Velvet Choker","Sundial","Vajra","Frozen Egg 2","Calling Bell","Incense Burner","StrikeDummy","Ancient Tea Set","Strawberry","FossilizedHelix","Regal Pillow","Singing Bowl","Mark of Pain","Orrery","Potion Belt","Molten Egg 2"],"acts_visited":["Exordium","TheCity","TheBeyond"],"potions_floor_usage":[6,10,10,30,31,45,50,50,50,50],"damage_taken":[{"damage":6,"enemies":"2 Louse","floor":1,"turns":3},{"damage":0,"enemies":"Small Slimes","floor":2,"turns":2},{"damage":4,"enemies":"Jaw Worm","floor":3,"turns":2},{"damage":27,"enemies":"Gremlin Gang","floor":4,"turns":4},{"damage":9,"enemies":"3 Louse","floor":5,"turns":3},{"damage":14,"enemies":"Gremlin Nob","floor":6,"turns":3},{"damage":2,"enemies":"3 Sentries","floor":10,"turns":8},{"damage":5,"enemies":"Red Slaver","floor":11,"turns":4},{"damage":24,"enemies":"Slime Boss","floor":16,"turns":16},{"damage":6,"enemies":"Shell Parasite","floor":18,"turns":6},{"damage":16,"enemies":"Chosen","floor":20,"turns":4},{"damage":7,"enemies":"Centurion and Healer","floor":21,"turns":7},{"damage":15,"enemies":"Book of Stabbing","floor":23,"turns":5},{"damage":2,"enemies":"Cultist and Chosen","floor":25,"turns":5},{"damage":7,"enemies":"3 Cultists","floor":28,"turns":5},{"damage":7,"enemies":"Centurion and Healer","floor":29,"turns":8},{"damage":2,"enemies":"Gremlin Leader","floor":30,"turns":6},{"damage":4,"enemies":"Shelled Parasite and Fungi","floor":31,"turns":6},{"damage":37,"enemies":"Automaton","floor":33,"turns":13},{"damage":1,"enemies":"3 Shapes","floor":35,"turns":8},{"damage":2,"enemies":"Orb Walker","floor":37,"turns":4},{"damage":17,"enemies":"Sphere and 2 Shapes","floor":38,"turns":7},{"damage":72,"enemies":"Giant Head","floor":40,"turns":16},{"damage":11,"enemies":"4 Shapes","floor":45,"turns":8},{"damage":0,"enemies":"Transient","floor":47,"turns":5},{"damage":6,"enemies":"Writhing Mass","floor":48,"turns":5},{"damage":58,"enemies":"Donu and Deca","floor":50,"turns":11}],"seed_played":"1863696345611382204","potions_obtained":[{"floor":2,"key":"EssenceOfSteel"},{"floor":4,"key":"HeartOfIron"},{"floor":5,"key":"Explosive Potion"},{"floor":16,"key":"EssenceOfSteel"},{"floor":18,"key":"HeartOfIron"},{"floor":23,"key":"Energy Potion"},{"floor":29,"key":"SneckoOil"},{"floor":30,"key":"AttackPotion"},{"floor":33,"key":"EssenceOfSteel"},{"floor":40,"key":"PowerPotion"},{"floor":47,"key":"PowerPotion"},{"floor":48,"key":"GamblersBrew"}],"is_trial":false,"path_per_floor":["M","M","M","M","M","E","R","$","T","E","M","?","$","?","R","B",null,"M","?","M","M","?","E","R","M","T","R","M","M","E","M","R","B",null,"M","$","M","M","?","E","R","?","T","R","M","?","M","M","R","B",null],"character_chosen":"IRONCLAD","items_purchased":["Feel No Pain","Fiend Fire","Pummel","Orrery","Feel No Pain+1","True Grit"],"campfire_rested":2,"item_purchase_floors":[8,13,13,36,36,36],"current_hp_per_floor":[66,66,62,35,26,12,12,12,12,10,5,2,2,2,26,2,61,55,62,46,39,39,24,24,22,22,63,56,49,49,45,45,8,69,70,76,76,59,84,12,12,87,87,87,76,76,76,70,70,12],"gold":159,"neow_bonus":"BOSS_RELIC","is_daily":false,"chose_seed":false,"campfire_upgraded":6,"win_rate":0.0,"timestamp":1610948618,"path_taken":["M","M","M","M","M","E","R","$","T","E","M","?","$","?","R","BOSS","M","?","?","M","?","E","R","M","T","R","M","?","E","M","R","BOSS","M","$","M","M","?","E","R","?","T","R","M","?","?","M","R","BOSS"],"items_purchased_type":["Card","Card","Card","Relic","Card","Card"],"build_version":"2020-12-22","purchased_purges":2,"victory":true,"max_hp_per_floor":[80,80,80,80,80,80,80,80,80,80,80,80,80,80,80,80,80,80,87,87,87,87,87,87,87,87,87,87,87,89,89,89,89,89,91,97,99,99,99,99,99,87,87,87,87,87,87,87,87,87],"relic_stats":{"Regal Pillow":15,"Singing Bowl":12,"counters":[27,174],"Sundial":[22],"obtain_stats":[{"Potion Belt":40,"Regal Pillow":26,"Singing Bowl":30,"Velvet Choker":0,"Vajra":9,"Incense Burner":17,"Frozen Egg 2":10,"Ancient Tea Set":17,"Burning Blood":0,"Calling Bell":17,"Sundial":6,"Strawberry":19,"Orrery":36,"Molten Egg 2":43,"Mark of Pain":34,"StrikeDummy":17,"FossilizedHelix":23},{"Potion Belt":23,"Regal Pillow":14,"Singing Bowl":17,"Velvet Choker":0,"Vajra":6,"Incense Burner":9,"Frozen Egg 2":7,"Ancient Tea Set":9,"Burning Blood":0,"Calling Bell":9,"Sundial":6,"Strawberry":10,"Orrery":20,"Molten Egg 2":23,"Mark of Pain":19,"StrikeDummy":9,"FossilizedHelix":13},{"Potion Belt":145,"Regal Pillow":72,"Singing Bowl":91,"Velvet Choker":0,"Vajra":17,"Incense Burner":45,"Frozen Egg 2":25,"Ancient Tea Set":45,"Burning Blood":0,"Calling Bell":45,"Sundial":17,"Strawberry":51,"Orrery":118,"Molten Egg 2":145,"Mark of Pain":110,"StrikeDummy":45,"FossilizedHelix":67}]},"card_choices":[{"not_picked":["Anger","Iron Wave"],"picked":"Clothesline","floor":1},{"not_picked":["Heavy Blade","Infernal Blade"],"picked":"Hemokinesis","floor":2},{"not_picked":["Reckless Charge","Flex","Twin Strike"],"picked":"SKIP","floor":3},{"not_picked":["Thunderclap","Inflame"],"picked":"Shockwave","floor":4},{"not_picked":["Perfected Strike","Anger"],"picked":"Flame Barrier","floor":5},{"not_picked":["Exhume","Heavy Blade"],"picked":"True Grit","floor":6},{"not_picked":["Disarm","Iron Wave"],"picked":"Metallicize+1","floor":10},{"not_picked":["Clash","Body Slam"],"picked":"Disarm","floor":11},{"not_picked":["Impervious","Double Tap"],"picked":"Offering","floor":16},{"not_picked":["Cleave","Wild Strike"],"picked":"Pommel Strike","floor":18},{"not_picked":["Second Wind+1","Perfected Strike"],"picked":"Flame Barrier+1","floor":20},{"not_picked":["Perfected Strike","Thunderclap"],"picked":"Cleave","floor":21},{"not_picked":["Sword Boomerang+1","Havoc"],"picked":"Dual Wield+1","floor":23},{"not_picked":["Reckless Charge","Rampage","Rage+1"],"picked":"SKIP","floor":25},{"not_picked":["Shockwave+1","Searing Blow+1"],"picked":"Sentinel+1","floor":28},{"not_picked":["Warcry","Armaments"],"picked":"True Grit","floor":29},{"not_picked":["Rampage+1","Sever Soul","Whirlwind"],"picked":"Singing Bowl","floor":30},{"not_picked":["Uppercut+1","Anger+1"],"picked":"Pummel","floor":31},{"not_picked":["Bludgeon","Double Tap"],"picked":"Fiend Fire","floor":33},{"not_picked":["Dropkick","Rampage+1","Headbutt"],"picked":"Singing Bowl","floor":35},{"not_picked":["Heavy Blade","Battle Trance"],"picked":"Ghostly Armor","floor":36},{"not_picked":["Intimidate","Headbutt+1"],"picked":"Pummel+1","floor":36},{"not_picked":["Clash","Pummel","Pommel Strike"],"picked":"Singing Bowl","floor":36},{"not_picked":["Heavy Blade","Cleave+1","Infernal Blade+1"],"picked":"Singing Bowl","floor":36},{"not_picked":["Reckless Charge","Armaments","Anger+1"],"picked":"Singing Bowl","floor":36},{"not_picked":["Ghostly Armor","Perfected Strike+1","Entrench"],"picked":"Singing Bowl","floor":37},{"not_picked":["Perfected Strike+1","Iron Wave"],"picked":"Feel No Pain+1","floor":38},{"not_picked":["Anger+1","Twin Strike"],"picked":"Berserk+1","floor":40},{"not_picked":["Thunderclap+1","Disarm+1"],"picked":"Pommel Strike+1","floor":45},{"not_picked":["Clash+1","Havoc"],"picked":"Wild Strike+1","floor":47},{"not_picked":["Flex","Hemokinesis+1"],"picked":"Whirlwind+1","floor":48}],"player_experience":279882,"relics_obtained":[{"floor":6,"key":"Sundial"},{"floor":9,"key":"Vajra"},{"floor":10,"key":"Frozen Egg 2"},{"floor":17,"key":"Incense Burner"},{"floor":17,"key":"StrikeDummy"},{"floor":17,"key":"Ancient Tea Set"},{"floor":23,"key":"FossilizedHelix"},{"floor":26,"key":"Regal Pillow"},{"floor":30,"key":"Singing Bowl"},{"floor":40,"key":"Potion Belt"},{"floor":43,"key":"Molten Egg 2"}],"event_choices":[{"damage_healed":0,"gold_gain":0,"player_choice":"Fled","damage_taken":3,"max_hp_gain":0,"max_hp_loss":0,"event_name":"Scrap Ooze","floor":12,"gold_loss":0},{"damage_healed":0,"gold_gain":0,"cards_transformed":["Strike_R"],"player_choice":"Change","damage_taken":0,"max_hp_gain":0,"max_hp_loss":0,"event_name":"Living Wall","floor":14,"gold_loss":0,"cards_obtained":["Fire Breathing"]},{"damage_healed":0,"gold_gain":0,"player_choice":"Gave Potion","damage_taken":0,"relics_obtained":["Strawberry"],"max_hp_gain":0,"max_hp_loss":0,"event_name":"WeMeetAgain","floor":19,"gold_loss":0},{"cards_removed":["Strike_R"],"damage_healed":0,"gold_gain":0,"player_choice":"Purged","damage_taken":0,"max_hp_gain":0,"max_hp_loss":0,"event_name":"Purifier","floor":22,"gold_loss":0},{"damage_healed":25,"gold_gain":0,"player_choice":"Writhe","damage_taken":0,"max_hp_gain":0,"max_hp_loss":0,"event_name":"Winding Halls","floor":39,"gold_loss":0,"cards_obtained":["Writhe"]},{"damage_healed":87,"gold_gain":0,"player_choice":"Heal","damage_taken":0,"max_hp_gain":0,"max_hp_loss":12,"event_name":"The Moai Head","floor":42,"gold_loss":0},{"damage_healed":0,"gold_gain":0,"player_choice":"Upgraded","damage_taken":0,"max_hp_gain":0,"max_hp_loss":0,"event_name":"Upgrade Shrine","floor":46,"gold_loss":0,"cards_upgraded":["Offering"]}],"is_beta":false,"boss_relics":[{"not_picked":["Ectoplasm","SacredBark"],"picked":"Calling Bell"},{"not_picked":["Philosopher\u0027s Stone","Busted Crown"],"picked":"Mark of Pain"}],"items_purged_floors":[8,36],"is_endless":false,"potions_floor_spawned":[2,4,5,16,18,23,29,30,33,37,38,40,47,48],"ascension_level":9}}