{"host":"Bilverbakes","time":1610947759,"event":{"mods":["2.2 Compatiblity","AchievementEnabler","BaseMod","Bestiary","Colored Map","Minty Spire (QoL Compilation)","Relic Stats","StSLib","ojb\u0027s Info Mod"],"gold_per_floor":[368,17,33,47,47,47,80,93,118,118,118,145,155,169,169,246,246,265,265,277,291,291,291,322,322,348,360,360,374,30,48,48,124,124,137,62,62,77,23,23,54,72,72,83,112,128,15,15,15,15,15],"floor_reached":50,"language":"ENG","playtime":3251,"items_purged":["Strike_G"],"score":1118,"play_id":"ba48dad8-6de4-4a8f-a23c-e92eebe980cf","local_time":"20210117232919","is_ascension_mode":true,"campfire_choices":[{"data":"Poisoned Stab","floor":6.0,"key":"SMITH"},{"floor":11.0,"key":"REST"},{"data":"Noxious Fumes","floor":15.0,"key":"SMITH"},{"data":"Leg Sweep","floor":23.0,"key":"SMITH"},{"data":"Crippling Poison","floor":25.0,"key":"SMITH"},{"data":"A Thousand Cuts","floor":28.0,"key":"SMITH"},{"data":"Night Terror","floor":32.0,"key":"SMITH"},{"data":"Wraith Form v2","floor":40,"key":"SMITH"},{"floor":49,"key":"RECALL"}],"circlet_count":0,"master_deck":["AscendersBane","Strike_G","Strike_G+1","Defend_G","Defend_G","Defend_G","Defend_G","Survivor","Neutralize+1","Blade Dance","Poisoned Stab+1","Leg Sweep","Dagger Spray","PiercingWail","Noxious Fumes+1","Adrenaline","Bane+1","Bouncing Flask+1","Burst+1","Adrenaline","Leg Sweep+1","Crippling Poison+1","A Thousand Cuts+1","Night Terror+1","Wraith Form v2+1","Dodge and Roll+1","Well Laid Plans"],"relics":["Ring of the Snake","FossilizedHelix","Ancient Tea Set","Blood Vial","StoneCalendar","Astrolabe","CaptainsWheel","Regal Pillow","The Specimen","Runic Dome","White Beast Statue","Bottled Lightning","Ginger","Mercury Hourglass"],"acts_visited":["Exordium","TheCity","TheBeyond"],"potions_floor_usage":[41,44,45,50],"damage_taken":[{"damage":7.0,"enemies":"Cultist","floor":1.0,"turns":6.0},{"damage":0.0,"enemies":"2 Louse","floor":3.0,"turns":2.0},{"damage":0.0,"enemies":"Small Slimes","floor":4.0,"turns":4.0},{"damage":15.0,"enemies":"3 Sentries","floor":7.0,"turns":9.0},{"damage":0.0,"enemies":"3 Louse","floor":8.0,"turns":6.0},{"damage":5.0,"enemies":"Lagavulin","floor":12.0,"turns":6.0},{"damage":7.0,"enemies":"Gremlin Gang","floor":13.0,"turns":6.0},{"damage":0.0,"enemies":"2 Fungi Beasts","floor":14.0,"turns":4.0},{"damage":12.0,"enemies":"The Guardian","floor":16.0,"turns":10.0},{"damage":3.0,"enemies":"3 Byrds","floor":18.0,"turns":5.0},{"damage":6.0,"enemies":"Shell Parasite","floor":20.0,"turns":4.0},{"damage":6.0,"enemies":"Shelled Parasite and Fungi","floor":21.0,"turns":5.0},{"damage":9.0,"enemies":"Gremlin Leader","floor":24.0,"turns":7.0},{"damage":0.0,"enemies":"Centurion and Healer","floor":27.0,"turns":6.0},{"damage":0.0,"enemies":"Chosen and Byrds","floor":29.0,"turns":3.0},{"damage":0.0,"enemies":"Snake Plant","floor":31.0,"turns":3.0},{"damage":47,"enemies":"Automaton","floor":33,"turns":8},{"damage":8,"enemies":"3 Shapes","floor":35,"turns":3},{"damage":0,"enemies":"3 Darklings","floor":38,"turns":4},{"damage":34,"enemies":"Giant Head","floor":41,"turns":9},{"damage":4,"enemies":"Spire Growth","floor":42,"turns":5},{"damage":0,"enemies":"Maw","floor":44,"turns":7},{"damage":4,"enemies":"Nemesis","floor":45,"turns":7},{"damage":0,"enemies":"Writhing Mass","floor":46,"turns":6},{"damage":13,"enemies":"Awakened One","floor":50,"turns":3}],"seed_played":"-4925802185392404467","potions_obtained":[{"floor":7.0,"key":"LiquidMemories"},{"floor":8.0,"key":"SkillPotion"},{"floor":12.0,"key":"Block Potion"},{"floor":13.0,"key":"Regen Potion"},{"floor":21.0,"key":"Poison Potion"},{"floor":24.0,"key":"SteroidPotion"},{"floor":33,"key":"LiquidMemories"},{"floor":42,"key":"EssenceOfSteel"},{"floor":44,"key":"PowerPotion"},{"floor":45,"key":"LiquidBronze"}],"is_trial":false,"path_per_floor":["M","$","M","M","?","R","E","M","T","?","R","E","M","M","R","B",null,"M","?","M","M","?","R","E","R","T","M","R","M","$","M","R","B",null,"M","$","?","M","$","R","E","M","T","M","E","M","?","$","R","B"],"character_chosen":"THE_SILENT","items_purchased":["FossilizedHelix","Poisoned Stab","The Specimen","SkillPotion"],"campfire_rested":1,"item_purchase_floors":[2,2,30,39],"current_hp_per_floor":[52,52,52,52,41,41,26,28,28,10,28,25,20,22,22,27,52,51,51,47,43,55,55,48,48,48,50,50,52,52,54,54,9,47,41,41,41,43,43,43,11,9,9,11,9,11,11,11,11,0,0],"gold":15,"neow_bonus":"TWO_FIFTY_GOLD","is_daily":false,"chose_seed":false,"campfire_upgraded":7,"win_rate":0.0,"timestamp":1610947759,"path_taken":["M","$","M","?","?","R","E","M","T","?","R","E","M","M","R","BOSS","M","?","?","M","?","R","E","R","T","M","R","M","?","M","R","BOSS","M","$","?","M","?","R","E","M","T","M","E","M","?","$","R","BOSS"],"items_purchased_type":["Relic","Card","Relic","Potion"],"build_version":"2020-12-18","purchased_purges":1,"victory":false,"max_hp_per_floor":[60,60,60,60,60,60,60,60,60,60,60,60,60,60,60,60,60,60,60,60,60,60,60,60,60,60,60,60,60,60,60,60,60,60,60,60,60,60,60,60,60,60,60,60,60,60,60,60,60,60,60],"relic_stats":{"Blood Vial":42,"Regal Pillow":0,"counters":[25,138],"Astrolabe":["Bane","Bouncing Flask","Burst"],"StoneCalendar":[314],"Ginger":[0],"obtain_stats":[{"Regal Pillow":26,"The Specimen":30,"Astrolabe":17,"StoneCalendar":12,"Ginger":45,"Ancient Tea Set":5,"White Beast Statue":41,"Mercury Hourglass":47,"Blood Vial":7,"Runic Dome":34,"CaptainsWheel":24,"Bottled Lightning":43,"FossilizedHelix":2,"Ring of the Snake":0},{"Regal Pillow":13,"The Specimen":15,"Astrolabe":9,"StoneCalendar":6,"Ginger":23,"Ancient Tea Set":3,"White Beast Statue":20,"Mercury Hourglass":24,"Blood Vial":4,"Runic Dome":17,"CaptainsWheel":13,"Bottled Lightning":21,"FossilizedHelix":1,"Ring of the Snake":0},{"Regal Pillow":74,"The Specimen":83,"Astrolabe":53,"StoneCalendar":33,"Ginger":129,"Ancient Tea Set":12,"White Beast Statue":110,"Mercury Hourglass":135,"Blood Vial":21,"Runic Dome":94,"CaptainsWheel":74,"Bottled Lightning":115,"FossilizedHelix":6,"Ring of the Snake":0}],"Ring of the Snake":[50],"Mercury Hourglass":[27]},"card_choices":[{"not_picked":["Dagger Spray","Dodge and Roll"],"picked":"Blade Dance","floor":1.0},{"not_picked":["Choke","Dodge and Roll"],"picked":"Leg Sweep","floor":3.0},{"not_picked":["Bane","Reflex"],"picked":"Dagger Spray","floor":4.0},{"not_picked":["Slice","Acrobatics","Backflip"],"picked":"SKIP","floor":7.0},{"not_picked":["Outmaneuver","Acrobatics"],"picked":"PiercingWail","floor":8.0},{"not_picked":["Sucker Punch","Glass Knife"],"picked":"Noxious Fumes","floor":12.0},{"not_picked":["Prepared","Tactician","Backflip"],"picked":"SKIP","floor":13.0},{"not_picked":["Prepared","Setup","Underhanded Strike"],"picked":"SKIP","floor":14.0},{"not_picked":["Storm of Steel","Burst"],"picked":"Adrenaline","floor":16.0},{"not_picked":["Acrobatics","Dagger Throw","Poisoned Stab"],"picked":"SKIP","floor":18.0},{"not_picked":["Flying Knee","Backflip","Dagger Throw"],"picked":"SKIP","floor":20.0},{"not_picked":["Bane","Outmaneuver"],"picked":"Leg Sweep","floor":21.0},{"not_picked":["Flying Knee","Blade Dance"],"picked":"Crippling Poison","floor":24.0},{"not_picked":["Sucker Punch+1","Calculated Gamble"],"picked":"A Thousand Cuts","floor":27.0},{"not_picked":["Deadly Poison","Slice"],"picked":"Night Terror","floor":29.0},{"not_picked":["Poisoned Stab","Dodge and Roll","Setup"],"picked":"SKIP","floor":31.0},{"not_picked":["Venomology","Adrenaline"],"picked":"Wraith Form v2","floor":33},{"not_picked":["Blade Dance+1","Masterful Stab"],"picked":"Dodge and Roll+1","floor":35},{"not_picked":["Slice","Deflect","Acrobatics"],"picked":"SKIP","floor":38},{"not_picked":["Deflect","Riddle With Holes","Bouncing Flask"],"picked":"SKIP","floor":41},{"not_picked":["Cloak And Dagger","Dagger Throw+1","PiercingWail"],"picked":"SKIP","floor":42},{"not_picked":["Riddle With Holes","Underhanded Strike","All Out Attack+1"],"picked":"SKIP","floor":44},{"not_picked":["Quick Slash+1","Flechettes+1","Endless Agony"],"picked":"SKIP","floor":45},{"not_picked":["Blur","Underhanded Strike"],"picked":"Well Laid Plans","floor":46}],"player_experience":732894,"relics_obtained":[{"floor":7.0,"key":"Blood Vial"},{"floor":12.0,"key":"StoneCalendar"},{"floor":24.0,"key":"CaptainsWheel"},{"floor":26.0,"key":"Regal Pillow"},{"floor":41,"key":"White Beast Statue"},{"floor":43,"key":"Bottled Lightning"},{"floor":45,"key":"Ginger"}],"event_choices":[{"damage_healed":0.0,"max_hp_gain":0.0,"max_hp_loss":0.0,"gold_gain":0.0,"event_name":"Scrap Ooze","player_choice":"Success","floor":5.0,"gold_loss":0.0,"damage_taken":11.0,"relics_obtained":["Ancient Tea Set"]},{"damage_healed":0.0,"max_hp_gain":0.0,"max_hp_loss":0.0,"gold_gain":0.0,"event_name":"Shining Light","player_choice":"Entered Light","floor":10.0,"gold_loss":0.0,"damage_taken":18.0,"cards_upgraded":["Strike_G","Neutralize"]},{"damage_healed":0.0,"max_hp_gain":0.0,"max_hp_loss":0.0,"gold_gain":0.0,"event_name":"Duplicator","player_choice":"Copied","floor":19.0,"gold_loss":0.0,"damage_taken":0.0,"cards_obtained":["Adrenaline"]},{"damage_healed":12.0,"max_hp_gain":0.0,"max_hp_loss":0.0,"gold_gain":0.0,"event_name":"The Library","player_choice":"Heal","floor":22.0,"gold_loss":0.0,"damage_taken":0.0},{"damage_healed":0,"gold_gain":0,"player_choice":"0 cards matched","damage_taken":0,"max_hp_gain":0,"max_hp_loss":0,"event_name":"Match and Keep!","floor":37,"gold_loss":0,"cards_obtained":[]},{"damage_healed":0,"gold_gain":0,"player_choice":"Paid Gold","damage_taken":0,"relics_obtained":["Mercury Hourglass"],"max_hp_gain":0,"max_hp_loss":0,"event_name":"WeMeetAgain","floor":47,"gold_loss":113}],"is_beta":true,"boss_relics":[{"not_picked":["Snecko Eye","Velvet Choker"],"picked":"Astrolabe"},{"not_picked":["HoveringKite","Ring of the Serpent"],"picked":"Runic Dome"}],"items_purged_floors":[36],"is_endless":false,"potions_floor_spawned":[7,8,12,13,14,21,24,33,42,44,45,46],"killed_by":"Awakened One","ascension_level":20}}