{"host":"i0avyit1s6jb1siw","time":1610977411,"event":{"mods":["BaseMod","DeckTracker","Dota2Spire","Highlight Path","Minty Spire (QoL Compilation)","Quick Restart","StSLib","SuperFastMode"],"gold_per_floor":[117,42,117,117,132,132,97,107,107,122,122,122,139,159,159,159,159],"floor_reached":16,"language":"ENG","playtime":177,"items_purged":["Strike_R"],"score":184,"play_id":"7400ccfe-691f-4f08-b3b2-99c4d2e3439a","local_time":"20210118144331","is_ascension_mode":true,"campfire_choices":[{"data":"Blood for Blood","floor":6,"key":"SMITH"},{"data":"Pommel Strike","floor":12,"key":"SMITH"},{"data":"Reaper","floor":15,"key":"SMITH"}],"circlet_count":0,"master_deck":["AscendersBane","Strike_R","Strike_R","Defend_R","Defend_R","Defend_R","Defend_R","Bash+1","Pommel Strike+1","Blood for Blood+1","Hemokinesis","Reaper+1"],"relics":["Burning Blood","Kunai","Dota2Spire:Desolator"],"acts_visited":["Exordium"],"potions_floor_usage":[],"damage_taken":[{"damage":23,"enemies":"Jaw Worm","floor":1,"turns":6},{"damage":4,"enemies":"2 Louse","floor":5,"turns":3},{"damage":6,"enemies":"Cultist","floor":8,"turns":3},{"damage":14,"enemies":"Gremlin Gang","floor":10,"turns":3},{"damage":8,"enemies":"Looter","floor":13,"turns":2},{"damage":12,"enemies":"Large Slime","floor":14,"turns":3},{"damage":35,"enemies":"The Guardian","floor":16,"turns":8}],"seed_played":"8847010849743254349","potions_obtained":[{"floor":10,"key":"Explosive Potion"}],"is_trial":false,"path_per_floor":["M","$","?","?","M","R","?","M","T","M","T","R","M","M","R","B"],"character_chosen":"IRONCLAD","items_purchased":[],"campfire_rested":0,"item_purchase_floors":[],"current_hp_per_floor":[33,33,22,22,24,24,42,42,42,34,34,34,32,26,26,0,0],"gold":159,"neow_bonus":"REMOVE_TWO","is_daily":false,"chose_seed":false,"campfire_upgraded":3,"win_rate":0.0,"timestamp":1610977411,"path_taken":["M","$","?","?","M","R","?","M","T","M","?","R","?","M","R","BOSS"],"items_purchased_type":[],"build_version":"2020-12-22","purchased_purges":1,"victory":false,"max_hp_per_floor":[75,75,75,75,75,75,75,75,75,75,75,75,75,75,75,75,75],"card_choices":[{"not_picked":["Headbutt","Cleave"],"picked":"Pommel Strike","floor":1},{"not_picked":["Clothesline","Sword Boomerang"],"picked":"Blood for Blood","floor":5},{"not_picked":["Entrench","Thunderclap"],"picked":"Hemokinesis","floor":8},{"not_picked":["Warcry","Havoc","Twin Strike"],"picked":"SKIP","floor":10},{"not_picked":["Entrench","Sword Boomerang"],"picked":"Reaper","floor":13},{"not_picked":["True Grit","Pommel Strike","Sword Boomerang"],"picked":"SKIP","floor":14}],"player_experience":2280869,"relics_obtained":[{"floor":9,"key":"Kunai"},{"floor":11,"key":"Dota2Spire:Desolator"}],"event_choices":[{"damage_healed":0,"gold_gain":75,"player_choice":"Gather Gold","damage_taken":11,"max_hp_gain":0,"max_hp_loss":0,"event_name":"World of Goop","floor":3,"gold_loss":0},{"damage_healed":0,"gold_gain":0,"player_choice":"Grow","damage_taken":0,"max_hp_gain":0,"max_hp_loss":0,"event_name":"Living Wall","floor":4,"gold_loss":0,"cards_upgraded":["Bash"]},{"damage_healed":18,"gold_gain":0,"player_choice":"Healed","damage_taken":0,"max_hp_gain":0,"max_hp_loss":0,"event_name":"The Cleric","floor":7,"gold_loss":35}],"is_beta":false,"boss_relics":[],"items_purged_floors":[2],"is_endless":false,"potions_floor_spawned":[10],"killed_by":"The Guardian","ascension_level":20}}