{"host":"aqym1xxr3lb31d9m","time":1610934390,"event":{"mods":["BaseMod","Block Reminder","Colored Map","Colored Powertips","DeckTracker","Highlight Path","Minty Spire (QoL Compilation)","Quick Restart","Random Character Button","StSLib","SuperFastMode","UnlockEverythingMod"],"gold_per_floor":[110,80,80,98,98,98,141,141,141,176,16,16,3,23,23,23,23],"floor_reached":16,"language":"JPN","playtime":2921,"items_purged":[],"score":262,"play_id":"7a9f1d96-9fdd-4e10-8479-c58a87f87d17","local_time":"20210118104630","is_ascension_mode":true,"campfire_choices":[{"data":"Survivor","floor":6,"key":"SMITH"},{"data":"Adrenaline","floor":8,"key":"SMITH"},{"data":"Neutralize","floor":12,"key":"SMITH"},{"data":"Blade Dance","floor":15,"key":"SMITH"}],"circlet_count":0,"master_deck":["AscendersBane","Strike_G","Strike_G","Strike_G","Strike_G","Strike_G","Defend_G","Defend_G","Defend_G","Defend_G","Defend_G","Survivor+1","Neutralize+1","Flying Knee","Blade Dance+1","Adrenaline+1","Tools of the Trade","Acrobatics","All Out Attack"],"relics":["Ring of the Snake","NeowsBlessing","Golden Idol","Lantern","Dream Catcher","Membership Card"],"acts_visited":["Exordium"],"potions_floor_usage":[10,10],"damage_taken":[{"damage":0,"enemies":"Small Slimes","floor":1,"turns":1},{"damage":0,"enemies":"Cultist","floor":4,"turns":1},{"damage":0,"enemies":"Lagavulin","floor":7,"turns":2},{"damage":15,"enemies":"3 Sentries","floor":10,"turns":9},{"damage":0,"enemies":"2 Louse","floor":14,"turns":3},{"damage":58,"enemies":"Hexaghost","floor":16,"turns":14}],"seed_played":"-4004169813872877036","potions_obtained":[{"floor":2,"key":"Regen Potion"},{"floor":2,"key":"Ancient Potion"},{"floor":4,"key":"Fire Potion"}],"is_trial":false,"path_per_floor":["M","?","$","M","?","R","E","R","T","E","$","R","$","M","R","B"],"character_chosen":"THE_SILENT","items_purchased":["Membership Card","Acrobatics"],"campfire_rested":0,"item_purchase_floors":[11,13],"current_hp_per_floor":[59,59,59,59,59,59,59,59,59,58,58,58,58,58,58,0,0],"gold":23,"neow_bonus":"THREE_ENEMY_KILL","is_daily":false,"chose_seed":false,"campfire_upgraded":4,"win_rate":0.0,"timestamp":1610934390,"path_taken":["M","?","?","M","?","R","E","R","T","E","$","R","?","M","R","BOSS"],"items_purchased_type":["Relic","Card"],"build_version":"2020-12-22","purchased_purges":0,"victory":false,"max_hp_per_floor":[66,66,66,66,60,60,60,60,60,60,60,60,60,60,60,60,60],"card_choices":[{"not_picked":["Outmaneuver","Finisher"],"picked":"Flying Knee","floor":1},{"not_picked":["Finisher","Underhanded Strike"],"picked":"Blade Dance","floor":4},{"not_picked":["Prepared","Outmaneuver"],"picked":"Adrenaline","floor":7},{"not_picked":["Setup","Doppelganger"],"picked":"Tools of the Trade","floor":10},{"not_picked":["Blur","Acrobatics"],"picked":"All Out Attack","floor":14}],"player_experience":3916837,"relics_obtained":[{"floor":7,"key":"Lantern"},{"floor":10,"key":"Dream Catcher"}],"event_choices":[{"damage_healed":0,"gold_gain":0,"player_choice":"Bought 2 Potions","damage_taken":0,"max_hp_gain":0,"max_hp_loss":0,"event_name":"The Woman in Blue","floor":2,"gold_loss":0},{"damage_healed":0,"gold_gain":0,"player_choice":"Lose Max HP","damage_taken":0,"relics_obtained":["Golden Idol"],"max_hp_gain":0,"max_hp_loss":6,"event_name":"Golden Idol","floor":5,"gold_loss":0}],"is_beta":false,"boss_relics":[],"items_purged_floors":[],"is_endless":false,"potions_floor_spawned":[4,7],"killed_by":"Hexaghost","ascension_level":20}}