{"host":"z4nt7tdd4gjrinn7","time":1610991605,"event":{"mods":["100% Spire Juice","BaseMod","Minty Spire (QoL Compilation)","StSLib"],"gold_per_floor":[112,35,35,35,35,70,70,80,80,91,120,134,148,162,162,266,266,276,276,276,17,37,37,71,48,48,64,64,64],"floor_reached":28,"language":"ENG","playtime":1235,"items_purged":[],"score":313,"play_id":"b3537f2c-62db-4af8-a85b-92348fadb5c8","local_time":"20210118124005","is_ascension_mode":true,"campfire_choices":[{"data":"Moonworks:IndiscriminateFireSupport","floor":7,"key":"SMITH"},{"floor":15,"key":"REST"},{"floor":23,"key":"REST"}],"circlet_count":0,"master_deck":["Moonworks:Strike","Moonworks:Strike","Moonworks:Strike","Moonworks:Strike","Moonworks:Defend","Moonworks:Defend","Moonworks:Defend","Moonworks:Defend","Moonworks:Ambush","Moonworks:LongDistanceShot","Moonworks:LuckyCharm","Moonworks:IndiscriminateFireSupport+1","Moonworks:EvilSpyWorkPreparation","Moonworks:EvilSpyWorkPreparation","Moonworks:RedAndBlue","Moonworks:IndiscriminateFireSupport","Moonworks:Assault","Moonworks:BeyondHell","Moonworks:CloudOfSeagulls","Moonworks:JonathanRush","Moonworks:SakisCookie","Moonworks:GoAway","Moonworks:SealedMemories","Moonworks:BindingChains","Moonworks:CloudOfSeagulls+1","Moonworks:DevilHand+1","Moonworks:IndiscriminateFireSupport","Moonworks:SakisCookie+1"],"relics":["Moonworks:SBBomb","Moonworks:Homemark","NeowsBlessing","Dream Catcher","Gremlin Horn","Mummified Hand","Bronze Scales","TungstenRod","Eternal Feather"],"acts_visited":["Exordium","TheCity"],"potions_floor_usage":[16,16,16,21],"damage_taken":[{"damage":0,"enemies":"Cultist","floor":1,"turns":1},{"damage":0,"enemies":"Lagavulin","floor":6,"turns":1},{"damage":0,"enemies":"Small Slimes","floor":8,"turns":1},{"damage":6,"enemies":"Jaw Worm","floor":10,"turns":2},{"damage":0,"enemies":"3 Sentries","floor":11,"turns":1},{"damage":15,"enemies":"Looter","floor":12,"turns":3},{"damage":12,"enemies":"Exordium Thugs","floor":13,"turns":2},{"damage":0,"enemies":"Exordium Wildlife","floor":14,"turns":1},{"damage":32,"enemies":"Hexaghost","floor":16,"turns":6},{"damage":30,"enemies":"Spheric Guardian","floor":18,"turns":4},{"damage":17,"enemies":"Shell Parasite","floor":22,"turns":4},{"damage":9,"enemies":"Gremlin Leader","floor":24,"turns":5},{"damage":16,"enemies":"Shelled Parasite and Fungi","floor":27,"turns":1},{"damage":20,"enemies":"3 Cultists","floor":28,"turns":3}],"seed_played":"3261442585335199949","potions_obtained":[{"floor":1,"key":"CultistPotion"},{"floor":11,"key":"ColorlessPotion"},{"floor":13,"key":"GamblersBrew"},{"floor":14,"key":"Explosive Potion"},{"floor":24,"key":"SpeedPotion"}],"is_trial":false,"path_per_floor":["M","$","$","?","$","E","R","M","T","M","E","M","M","M","R","B",null,"M","?","$","$","M","R","E","$","T","M","M"],"character_chosen":"THE_STARBREAKER","items_purchased":["Moonworks:IndiscriminateFireSupport","Moonworks:EvilSpyWorkPreparation","Bronze Scales","Fruit Juice","Moonworks:IndiscriminateFireSupport"],"campfire_rested":2,"item_purchase_floors":[2,2,21,21,25],"current_hp_per_floor":[60,60,60,65,65,65,65,65,65,59,59,44,32,32,51,19,65,35,29,29,34,17,38,29,29,29,13,0,0],"gold":64,"neow_bonus":"THREE_ENEMY_KILL","is_daily":false,"chose_seed":false,"campfire_upgraded":1,"win_rate":0.0,"timestamp":1610991605,"path_taken":["M","?","$","?","$","E","R","M","T","M","E","M","M","?","R","BOSS","M","?","?","$","M","R","E","$","T","M","?"],"items_purchased_type":["Card","Card","Relic","Potion","Card"],"build_version":"2020-12-22","purchased_purges":0,"victory":false,"max_hp_per_floor":[60,60,60,65,65,65,65,65,65,65,65,65,65,65,65,65,65,65,65,65,70,70,70,70,70,70,70,70,70],"card_choices":[{"not_picked":["Moonworks:ImOnFire","Moonworks:LulusLuckyEgg"],"picked":"Moonworks:LuckyCharm","floor":1},{"not_picked":["Moonworks:FullSpeedAlicianrone","Moonworks:ExtendedPhotonRifle"],"picked":"Moonworks:EvilSpyWorkPreparation","floor":6},{"not_picked":["Moonworks:Assault","Moonworks:BigMagnum"],"picked":"Moonworks:RedAndBlue","floor":8},{"not_picked":["Moonworks:ReproductionOfRecords","Moonworks:BigMagnum"],"picked":"Moonworks:IndiscriminateFireSupport","floor":10},{"not_picked":["Moonworks:TreasureThief","Moonworks:BigMagnum"],"picked":"Moonworks:Assault","floor":11},{"not_picked":["Moonworks:Dinner","Moonworks:TreasureThief"],"picked":"Moonworks:BeyondHell","floor":12},{"not_picked":["Moonworks:FinalBattle","Moonworks:MiracleWalker"],"picked":"Moonworks:CloudOfSeagulls","floor":13},{"not_picked":["Moonworks:FinalSurgery","Moonworks:NicePresent"],"picked":"Moonworks:JonathanRush","floor":14},{"not_picked":["Moonworks:JonathanRush","Moonworks:NicePresent"],"picked":"Moonworks:SakisCookie","floor":15},{"not_picked":["Moonworks:RocketCannon","Moonworks:StarBlastingFuse"],"picked":"Moonworks:GoAway","floor":16},{"not_picked":["Moonworks:EvilSpyWorkPreparation","Moonworks:CloudOfSeagulls"],"picked":"Moonworks:SealedMemories","floor":18},{"not_picked":["Moonworks:StiffCrystal","Moonworks:TreasureThief"],"picked":"Moonworks:BindingChains","floor":22},{"not_picked":["Moonworks:Dinner","Moonworks:CookingTime"],"picked":"Moonworks:CloudOfSeagulls+1","floor":23},{"not_picked":["Moonworks:IndiscriminateFireSupport","Moonworks:ImOnFire+1"],"picked":"Moonworks:DevilHand+1","floor":24},{"not_picked":["Moonworks:BeyondHell","Moonworks:Bloodlust"],"picked":"Moonworks:SakisCookie+1","floor":27}],"player_experience":90244,"relics_obtained":[{"floor":6,"key":"Dream Catcher"},{"floor":9,"key":"Gremlin Horn"},{"floor":11,"key":"Mummified Hand"},{"floor":24,"key":"TungstenRod"},{"floor":26,"key":"Eternal Feather"}],"event_choices":[{"damage_healed":0,"gold_gain":0,"player_choice":"Donut","damage_taken":0,"max_hp_gain":5,"max_hp_loss":0,"event_name":"Big Fish","floor":4,"gold_loss":0},{"damage_healed":0,"gold_gain":0,"player_choice":"Damaged","damage_taken":6,"max_hp_gain":0,"max_hp_loss":0,"event_name":"Wheel of Change","floor":19,"gold_loss":0}],"is_beta":false,"boss_relics":[{"not_picked":["Calling Bell","Philosopher\u0027s Stone"],"picked":"Moonworks:SBBomb"}],"items_purged_floors":[],"is_endless":false,"potions_floor_spawned":[1,11,13,14,24],"killed_by":"3 Cultists","ascension_level":1}}