{"host":"opg65mucj6ra7dr1","time":1610991639,"event":{"mods":["BaseMod","DeckTracker","Keyboard Shortcuts","Minty Spire (QoL Compilation)","Permanent Neow","Quick Restart","everything is the same but u backflip on backflip"],"gold_per_floor":[115,126,226,238,252,252,272,288,311,337,357,357,376,387,387,487,487,498,512,532,732,277,293,325,339,385,27,37,37,52,66,66,66,66],"floor_reached":33,"language":"KOR","playtime":7916,"items_purged":["Strike_G"],"score":426,"play_id":"bb30d5d2-7636-4dce-801c-b579d0f3f850","local_time":"20210119024039","is_ascension_mode":true,"campfire_choices":[{"data":"Backstab","floor":6.0,"key":"SMITH"},{"floor":12.0,"key":"REST"},{"data":"Accuracy","floor":15.0,"key":"SMITH"},{"floor":32.0,"key":"REST"}],"circlet_count":0,"master_deck":["Strike_G","Strike_G","Strike_G","Strike_G","Defend_G","Defend_G","Defend_G","Defend_G","Defend_G+1","Survivor","Neutralize","Flying Knee","Backstab+1","Backflip","Dagger Spray","Cloak And Dagger+1","Accuracy+1","Blade Dance","Backflip","Cloak And Dagger","Doppelganger","Choke+1","Cloak And Dagger","Backflip+1","Infinite Blades","Dodge and Roll+1","Phantasmal Killer+1","Terror+1","Blade Dance+1","Slice+1"],"relics":["Ring of the Snake","Question Card","WristBlade","Toxic Egg 2","Pen Nib","War Paint","Molten Egg 2","Ancient Tea Set"],"acts_visited":["Exordium","TheCity"],"potions_floor_usage":[33],"damage_taken":[{"damage":4.0,"enemies":"Jaw Worm","floor":1.0,"turns":5.0},{"damage":0.0,"enemies":"Cultist","floor":2.0,"turns":4.0},{"damage":1.0,"enemies":"Small Slimes","floor":4.0,"turns":4.0},{"damage":3.0,"enemies":"Exordium Thugs","floor":5.0,"turns":5.0},{"damage":0.0,"enemies":"Exordium Wildlife","floor":7.0,"turns":2.0},{"damage":0.0,"enemies":"3 Louse","floor":8.0,"turns":3.0},{"damage":34.0,"enemies":"Lagavulin","floor":10.0,"turns":7.0},{"damage":4.0,"enemies":"Blue Slaver","floor":11.0,"turns":2.0},{"damage":1.0,"enemies":"Lots of Slimes","floor":13.0,"turns":2.0},{"damage":3.0,"enemies":"3 Louse","floor":14.0,"turns":3.0},{"damage":3.0,"enemies":"Slime Boss","floor":16.0,"turns":7.0},{"damage":8.0,"enemies":"3 Byrds","floor":18.0,"turns":5.0},{"damage":18.0,"enemies":"2 Thieves","floor":19.0,"turns":4.0},{"damage":30.0,"enemies":"Shelled Parasite and Fungi","floor":20.0,"turns":6.0},{"damage":0.0,"enemies":"Chosen and Byrds","floor":23.0,"turns":4.0},{"damage":0.0,"enemies":"Gremlin Leader","floor":24.0,"turns":3.0},{"damage":3.0,"enemies":"Centurion and Healer","floor":25.0,"turns":4.0},{"damage":0.0,"enemies":"Snake Plant","floor":28.0,"turns":2.0},{"damage":4.0,"enemies":"Snecko","floor":30.0,"turns":3.0},{"damage":1.0,"enemies":"3 Cultists","floor":31.0,"turns":4.0},{"damage":17,"enemies":"Automaton","floor":33,"turns":6}],"seed_played":"3617586274568167804","potions_obtained":[{"floor":1.0,"key":"SkillPotion"},{"floor":2.0,"key":"SpeedPotion"},{"floor":4.0,"key":"Block Potion"},{"floor":7.0,"key":"CunningPotion"},{"floor":13.0,"key":"ColorlessPotion"},{"floor":16.0,"key":"CultistPotion"},{"floor":25.0,"key":"DistilledChaos"},{"floor":30.0,"key":"ColorlessPotion"}],"is_trial":false,"path_per_floor":["M","M","?","M","M","R","M","M","T","E","M","R","M","M","R","B",null,"M","M","M","?","$","M","E","M","T","$","M","T","M","M","R","B"],"character_chosen":"THE_SILENT","items_purchased":["Toxic Egg 2","Infinite Blades","Dodge and Roll+1","Molten Egg 2","Fruit Juice"],"campfire_rested":2,"item_purchase_floors":[22,22,22,27,27],"current_hp_per_floor":[59,59,59,58,55,55,55,55,55,21,17,38,37,34,34,31,60,52,34,4,4,4,4,4,1,1,6,6,6,2,1,23,6,6],"gold":66,"neow_bonus":"THREE_CARDS","is_daily":false,"chose_seed":false,"campfire_upgraded":2,"win_rate":0.0,"timestamp":1610991639,"path_taken":["M","M","?","M","?","R","M","M","T","E","M","R","M","M","R","BOSS","M","?","M","?","?","M","E","M","T","$","M","?","M","M","R","BOSS"],"items_purchased_type":["Relic","Card","Card","Relic","Potion"],"build_version":"2020-12-22","purchased_purges":1,"victory":false,"max_hp_per_floor":[70,70,70,70,70,70,70,70,70,70,70,70,70,70,70,70,70,70,70,70,70,70,70,70,70,70,75,75,75,75,75,75,75,75],"card_choices":[{"not_picked":["Deflect","Blade Dance"],"picked":"Flying Knee","floor":0.0},{"not_picked":["Expertise","Bane"],"picked":"Backstab","floor":1.0},{"not_picked":["Blade Dance","Dodge and Roll","Flechettes"],"picked":"SKIP","floor":2.0},{"not_picked":["Riddle With Holes","Underhanded Strike"],"picked":"Backflip","floor":4.0},{"not_picked":["Distraction","Flying Knee"],"picked":"Dagger Spray","floor":5.0},{"not_picked":["Crippling Poison","Choke","Outmaneuver"],"picked":"SKIP","floor":7.0},{"not_picked":["Acrobatics","PiercingWail"],"picked":"Cloak And Dagger","floor":8.0},{"not_picked":["Quick Slash","Dagger Throw"],"picked":"Accuracy","floor":10.0},{"not_picked":["Endless Agony","Dodge and Roll","Sucker Punch"],"picked":"Blade Dance","floor":11.0},{"not_picked":["Heel Hook","Prepared","Flying Knee"],"picked":"Backflip","floor":13.0},{"not_picked":["Dodge and Roll","Phantasmal Killer","Endless Agony"],"picked":"Cloak And Dagger","floor":14.0},{"not_picked":["Phantasmal Killer","Wraith Form v2","Bullet Time"],"picked":"Doppelganger","floor":16.0},{"not_picked":["Quick Slash","Riddle With Holes","Flying Knee+1"],"picked":"Choke+1","floor":18.0},{"not_picked":["Bouncing Flask","Deadly Poison+1","Flying Knee"],"picked":"Cloak And Dagger","floor":19.0},{"not_picked":["Slice","Dash+1","Flying Knee+1"],"picked":"Backflip+1","floor":20.0},{"not_picked":["All Out Attack","Deadly Poison+1","Poisoned Stab"],"picked":"Phantasmal Killer+1","floor":23.0},{"not_picked":["Noxious Fumes","Poisoned Stab+1","Dagger Throw+1"],"picked":"Terror+1","floor":24.0},{"not_picked":["Dodge and Roll+1","Wraith Form v2","Reflex+1"],"picked":"Blade Dance+1","floor":25.0},{"not_picked":["Acrobatics+1","Underhanded Strike+1","Deadly Poison+1","Poisoned Stab+1"],"picked":"SKIP","floor":28.0},{"not_picked":["Deadly Poison+1","Predator+1","Tactician+1","Poisoned Stab+1"],"picked":"SKIP","floor":30.0},{"not_picked":["Blade Dance+1","Sucker Punch+1","Quick Slash+1"],"picked":"Slice+1","floor":31.0}],"player_experience":136223,"relics_obtained":[{"floor":10.0,"key":"Question Card"},{"floor":24.0,"key":"Pen Nib"},{"floor":26.0,"key":"War Paint"},{"floor":29.0,"key":"Ancient Tea Set"}],"event_choices":[{"damage_healed":0.0,"max_hp_gain":0.0,"max_hp_loss":0.0,"gold_gain":100.0,"event_name":"Golden Shrine","player_choice":"Pray","floor":3.0,"gold_loss":0.0,"damage_taken":0.0},{"damage_healed":0.0,"max_hp_gain":0.0,"max_hp_loss":0.0,"gold_gain":250.0,"event_name":"The Joust","player_choice":"Bet on Owner","floor":21.0,"gold_loss":50.0,"damage_taken":0.0}],"is_beta":false,"boss_relics":[{"not_picked":["Runic Dome","Empty Cage"],"picked":"WristBlade"}],"items_purged_floors":[22],"is_endless":false,"potions_floor_spawned":[1,2,4,7,13,16,19,25,30],"killed_by":"Automaton","ascension_level":8}}