{"host":"otq8dfq4j7e4v22n","time":1610934076,"event":{"mods":["BaseMod","Better Third Choice","Minty Spire (QoL Compilation)","Permanent Neow","Relic Stats","StSLib","Transform Curses"],"gold_per_floor":[118,136,150,167,181,210,210,244,305,317,329,351,396,424,436,523,535,563,575,587,599,611,611],"floor_reached":22,"language":"ENG","playtime":1625,"items_purged":[],"score":512,"play_id":"85a2ae36-cb1f-4ae4-9474-c3e87d15965f","local_time":"20210117174116","daily_mods":["SealedDeck","Vintage","Heirloom","DeadlyEvents","Elite Swarm"],"is_ascension_mode":true,"campfire_choices":[{"floor":7,"key":"REST"},{"floor":10,"key":"REST"},{"floor":15,"key":"REST"}],"circlet_count":0,"master_deck":["AscendersBane","Conserve Battery","Leap","Conserve Battery","Consume","Cold Snap","Cold Snap","Cold Snap","Coolheaded","Seek","Electrodynamics","Creative AI","Ball Lightning+1","Fission","Capacitor"],"relics":["Cracked Core","Turnip","Potion Belt","Meat on the Bone","InkBottle","Tiny Chest","Girya","Kunai","MawBank","Dream Catcher","Bottled Flame","Gambling Chip","Molten Egg 2","Empty Cage","HornCleat","Pear","Peace Pipe"],"acts_visited":["Exordium","TheCity"],"potions_floor_usage":[4,8,13],"damage_taken":[{"damage":0,"enemies":"Small Slimes","floor":1,"turns":4},{"damage":0,"enemies":"Cultist","floor":2,"turns":4},{"damage":2,"enemies":"2 Louse","floor":3,"turns":3},{"damage":26,"enemies":"Exordium Wildlife","floor":4,"turns":7},{"damage":0,"enemies":"Looter","floor":5,"turns":4},{"damage":19,"enemies":"Gremlin Nob","floor":6,"turns":7},{"damage":7,"enemies":"3 Sentries","floor":8,"turns":18},{"damage":3,"enemies":"2 Fungi Beasts","floor":12,"turns":4},{"damage":0,"enemies":"Gremlin Nob","floor":13,"turns":3},{"damage":0,"enemies":"Lots of Slimes","floor":14,"turns":1},{"damage":28,"enemies":"Slime Boss","floor":16,"turns":9},{"damage":15,"enemies":"2 Thieves","floor":18,"turns":5},{"damage":68,"enemies":"Gremlin Leader","floor":22,"turns":5}],"seed_played":"-5815627444819719158","potions_obtained":[{"floor":3,"key":"ColorlessPotion"},{"floor":4,"key":"SkillPotion"},{"floor":8,"key":"PotionOfCapacity"},{"floor":12,"key":"Energy Potion"},{"floor":16,"key":"FocusPotion"}],"is_trial":true,"path_per_floor":["M","M","M","M","M","E","R","E","T","R","?","M","E","M","R","B",null,"M","T","?","T","E"],"character_chosen":"DEFECT","items_purchased":[],"campfire_rested":3,"item_purchase_floors":[],"current_hp_per_floor":[64,64,62,36,36,29,50,43,43,64,71,68,68,68,71,43,64,49,59,59,59,0,0],"gold":611,"neow_bonus":"","is_daily":false,"chose_seed":false,"campfire_upgraded":0,"win_rate":0.0,"timestamp":1610934076,"path_taken":["M","M","M","M","M","E","R","E","T","R","?","M","E","M","R","BOSS","M","?","?","?","?"],"items_purchased_type":[],"build_version":"2020-12-22","purchased_purges":0,"victory":false,"max_hp_per_floor":[71,71,71,71,71,71,71,71,71,71,71,71,71,71,71,71,71,71,81,81,81,81,81],"relic_stats":{"Peace Pipe":0,"Dream Catcher":2,"counters":[13,74],"Gambling Chip":[7],"Tiny Chest":1,"Turnip":[6],"Kunai":[3],"MawBank":168,"obtain_stats":[{"Potion Belt":1,"Girya":5,"Pear":19,"MawBank":8,"Empty Cage":17,"Peace Pipe":21,"Dream Catcher":9,"Bottled Flame":12,"HornCleat":18,"Gambling Chip":13,"Tiny Chest":4,"Molten Egg 2":14,"Turnip":0,"Kunai":6,"Cracked Core":0,"InkBottle":3,"Meat on the Bone":2},{"Potion Belt":1,"Girya":5,"Pear":12,"MawBank":7,"Empty Cage":11,"Peace Pipe":12,"Dream Catcher":7,"Bottled Flame":8,"HornCleat":12,"Gambling Chip":9,"Tiny Chest":4,"Molten Egg 2":10,"Turnip":0,"Kunai":6,"Cracked Core":0,"InkBottle":3,"Meat on the Bone":2},{"Potion Belt":4,"Girya":22,"Pear":69,"MawBank":47,"Empty Cage":64,"Peace Pipe":69,"Dream Catcher":47,"Bottled Flame":51,"HornCleat":69,"Gambling Chip":54,"Tiny Chest":18,"Molten Egg 2":55,"Turnip":0,"Kunai":29,"Cracked Core":0,"InkBottle":11,"Meat on the Bone":8}],"InkBottle":[14],"Meat on the Bone":12},"card_choices":[{"not_picked":["Reboot","Hyperbeam"],"picked":"Seek","floor":6},{"not_picked":["Multi-Cast","Thunder Strike"],"picked":"Electrodynamics","floor":8},{"not_picked":["Darkness","Genetic Algorithm"],"picked":"Streamline","floor":10},{"not_picked":["Meteor Strike","Thunder Strike"],"picked":"Creative AI","floor":13},{"not_picked":["Leap","Melter+1"],"picked":"Ball Lightning+1","floor":15},{"not_picked":["Machine Learning","Hyperbeam+1"],"picked":"Fission","floor":16}],"player_experience":81870,"relics_obtained":[{"floor":1,"key":"Potion Belt"},{"floor":2,"key":"Meat on the Bone"},{"floor":3,"key":"InkBottle"},{"floor":4,"key":"Tiny Chest"},{"floor":5,"key":"Girya"},{"floor":6,"key":"Kunai"},{"floor":8,"key":"MawBank"},{"floor":9,"key":"Dream Catcher"},{"floor":12,"key":"Bottled Flame"},{"floor":13,"key":"Gambling Chip"},{"floor":14,"key":"Molten Egg 2"},{"floor":18,"key":"HornCleat"},{"floor":19,"key":"Pear"},{"floor":21,"key":"Peace Pipe"}],"event_choices":[{"cards_removed":["Tempest"],"damage_healed":7,"gold_gain":0,"player_choice":"Offered Uncommon","damage_taken":0,"max_hp_gain":0,"max_hp_loss":0,"event_name":"Bonfire Elementals","floor":11,"gold_loss":0},{"damage_healed":0,"gold_gain":0,"player_choice":"Read","damage_taken":0,"max_hp_gain":0,"max_hp_loss":0,"event_name":"The Library","floor":20,"gold_loss":0,"cards_obtained":["Capacitor"]}],"is_beta":false,"boss_relics":[{"not_picked":["Coffee Dripper","SacredBark"],"picked":"Empty Cage"}],"items_purged_floors":[],"is_endless":false,"potions_floor_spawned":[3,4,8,12,16],"killed_by":"Gremlin Leader","ascension_level":20}}