{"host":"08t08ld674si40tv","time":1610963705,"event":{"mods":["AchievementEnabler","BaseMod","Colored Map","Minty Spire (QoL Compilation)","StSLib","SuperFastMode"],"gold_per_floor":[116,116,126,51,62,62,112,112,112],"floor_reached":8,"language":"KOR","playtime":191,"items_purged":["Strike_G"],"score":92,"play_id":"a6efbc97-a3fa-4d68-80d2-701d0f679233","local_time":"20210118185505","is_ascension_mode":true,"campfire_choices":[{"data":"1","floor":6,"key":"LIFT"}],"circlet_count":0,"master_deck":["AscendersBane","Strike_G","Strike_G","Strike_G","Strike_G","Defend_G","Defend_G","Defend_G","Defend_G","Defend_G","Survivor","Neutralize","Deep Breath","Tactician","Blur","Crippling Poison","Tactician"],"relics":["Ring of the Snake","Oddly Smooth Stone","Vajra","Girya","NeowsBlessing"],"acts_visited":["Exordium"],"potions_floor_usage":[],"damage_taken":[{"damage":0,"enemies":"2 Louse","floor":1,"turns":1},{"damage":0,"enemies":"Cultist","floor":3,"turns":1},{"damage":0,"enemies":"Small Slimes","floor":5,"turns":1},{"damage":88,"enemies":"Gremlin Nob","floor":8,"turns":6}],"seed_played":"-3342520752594011816","potions_obtained":[],"is_trial":false,"path_per_floor":["M","?","M","$","M","R","?","E"],"character_chosen":"THE_SILENT","items_purchased":[],"campfire_rested":0,"item_purchase_floors":[],"current_hp_per_floor":[59,59,59,59,59,59,59,0,0],"gold":112,"neow_bonus":"RANDOM_COLORLESS","is_daily":false,"chose_seed":false,"campfire_upgraded":0,"win_rate":0.0,"timestamp":1610963705,"path_taken":["M","?","?","?","M","R","?","E"],"items_purchased_type":[],"build_version":"2020-12-22","purchased_purges":1,"victory":false,"max_hp_per_floor":[66,66,66,66,66,66,66,66,66],"card_choices":[{"not_picked":["Forethought","Discovery"],"picked":"Deep Breath","floor":0},{"not_picked":["Underhanded Strike","Blade Dance"],"picked":"Tactician","floor":1},{"not_picked":["Riddle With Holes","Infinite Blades"],"picked":"Crippling Poison","floor":3},{"not_picked":["Cloak And Dagger","Masterful Stab"],"picked":"Tactician","floor":5}],"player_experience":245340,"relics_obtained":[],"event_choices":[{"damage_healed":0,"gold_gain":0,"player_choice":"1 cards matched","damage_taken":0,"max_hp_gain":0,"max_hp_loss":0,"event_name":"Match and Keep!","floor":2,"gold_loss":0,"cards_obtained":["Blur"]},{"damage_healed":0,"gold_gain":50,"player_choice":"Pray","damage_taken":0,"max_hp_gain":0,"max_hp_loss":0,"event_name":"Golden Shrine","floor":7,"gold_loss":0}],"is_beta":false,"boss_relics":[],"items_purged_floors":[4],"is_endless":false,"potions_floor_spawned":[],"killed_by":"Gremlin Nob","ascension_level":20}}