{"host":"8u7tvcybuv0u72fd","time":1610946714,"event":{"mods":["BaseMod","BetterRewards","Colored Map","Colored Powertips","Minty Spire (QoL Compilation)","Quick Restart","Shop Mod"],"gold_per_floor":[114,128,146,221,233,233,244,244,244,261,261,45,45,60,60,157,157,172,172,141,223,235,264,116,116,116,166,178,178,178,197,197,301,301,320,421,46,65,337,337,437,437,463,463,22,39,55,67,67,67,67,67,67,97,97],"floor_reached":56,"language":"ENG","playtime":2986,"items_purged":["Strike_R","Strike_R"],"score":1557,"play_id":"b4f3c259-83b0-40ad-a317-269c47f2a807","local_time":"20210118001154","is_ascension_mode":false,"campfire_choices":[{"data":"Bash","floor":6.0,"key":"SMITH"},{"data":"Body Slam","floor":11.0,"key":"SMITH"},{"data":"Rage","floor":13.0,"key":"SMITH"},{"data":"Shrug It Off","floor":15.0,"key":"SMITH"},{"data":"Barricade","floor":25.0,"key":"SMITH"},{"data":"Offering","floor":29.0,"key":"SMITH"},{"data":"Impervious","floor":30.0,"key":"SMITH"},{"data":"Iron Wave","floor":32.0,"key":"SMITH"},{"data":"Brutality","floor":40.0,"key":"SMITH"},{"data":"Battle Trance","floor":42.0,"key":"SMITH"},{"data":"Dropkick","floor":44.0,"key":"SMITH"},{"floor":49.0,"key":"RECALL"},{"data":"Defend_R","floor":52.0,"key":"SMITH"}],"circlet_count":0,"master_deck":["Strike_R+1","Strike_R+1","Strike_R+1","Defend_R","Defend_R","Defend_R+1","Bash+1","Headbutt+1","Impervious+1","Dropkick+1","Shrug It Off+1","Body Slam+1","Rage+1","Barricade+1","CurseOfTheBell","Battle Trance+1","Offering+1","Iron Wave+1","Flex+1","Brutality+1","Uppercut+1","Parasite","Flame Barrier+1","Metallicize"],"relics":["Burning Blood","TungstenRod","Gremlin Horn","ClockworkSouvenir","PreservedInsect","SsserpentHead","Red Mask","Toy Ornithopter","Lantern","Pen Nib","Turnip","Philosopher\u0027s Stone","Dead Branch","MerchantsRug","CaptainsWheel","Blue Candle","Shuriken","Sundial","HandDrill","Unceasing Top"],"acts_visited":["Exordium","TheCity","TheBeyond","TheEnding"],"potions_floor_usage":[55,55,55],"damage_taken":[{"damage":0.0,"enemies":"2 Louse","floor":1.0,"turns":2.0},{"damage":0.0,"enemies":"Jaw Worm","floor":2.0,"turns":4.0},{"damage":0.0,"enemies":"Cultist","floor":3.0,"turns":3.0},{"damage":2.0,"enemies":"Blue Slaver","floor":5.0,"turns":4.0},{"damage":15.0,"enemies":"Large Slime","floor":7.0,"turns":4.0},{"damage":0.0,"enemies":"3 Louse","floor":10.0,"turns":2.0},{"damage":0.0,"enemies":"2 Fungi Beasts","floor":14.0,"turns":3.0},{"damage":10.0,"enemies":"The Guardian","floor":16.0,"turns":7.0},{"damage":0.0,"enemies":"Chosen","floor":18.0,"turns":4.0},{"damage":13.0,"enemies":"Masked Bandits","floor":21.0,"turns":4.0},{"damage":5.0,"enemies":"Shell Parasite","floor":22.0,"turns":2.0},{"damage":5.0,"enemies":"Gremlin Leader","floor":23.0,"turns":8.0},{"damage":5.0,"enemies":"Snecko","floor":28.0,"turns":2.0},{"damage":5.0,"enemies":"Centurion and Healer","floor":31.0,"turns":3.0},{"damage":29.0,"enemies":"Collector","floor":33.0,"turns":9.0},{"damage":0.0,"enemies":"Orb Walker","floor":35.0,"turns":3.0},{"damage":19.0,"enemies":"2 Orb Walkers","floor":36.0,"turns":3.0},{"damage":2.0,"enemies":"3 Shapes","floor":38.0,"turns":5.0},{"damage":5.0,"enemies":"Mind Bloom Boss Battle","floor":41.0,"turns":3.0},{"damage":5.0,"enemies":"Maw","floor":46.0,"turns":4.0},{"damage":0.0,"enemies":"Writhing Mass","floor":47.0,"turns":5.0},{"damage":4.0,"enemies":"Spire Growth","floor":48.0,"turns":4.0},{"damage":18.0,"enemies":"Awakened One","floor":50.0,"turns":7.0},{"damage":25,"enemies":"Shield and Spear","floor":54,"turns":4},{"damage":39,"enemies":"The Heart","floor":55,"turns":10}],"seed_played":"229623696469459056","potions_obtained":[{"floor":1.0,"key":"HeartOfIron"},{"floor":18.0,"key":"Weak Potion"}],"is_trial":false,"path_per_floor":["M","M","M","?","M","R","M","?","T","M","R","$","R","M","R","B",null,"M","?","$","?","M","E","$","R","T","T","M","R","R","M","R","B",null,"M","?","$","M","?","R","?","R","T","R","$","M","M","M","R","B",null,"R","$","E","B",null],"character_chosen":"IRONCLAD","items_purchased":["Lee\u0027s Waffle","Mango","Gremlin Horn","ClockworkSouvenir","Fire Potion","LiquidMemories","Headbutt","Whetstone","Rage","Offering","Lantern","MerchantsRug","CaptainsWheel","Shuriken","Sundial","HandDrill"],"campfire_rested":0,"item_purchase_floors":[0,0,0,0,0,0,0,12,12,20,24,37,37,45,45,45],"current_hp_per_floor":[101,101,101,91,95,95,86,67,67,73,73,73,73,79,79,75,101,101,101,101,94,95,96,96,96,96,96,97,97,97,98,98,75,101,101,88,88,92,92,92,93,93,93,93,93,94,100,101,101,89,101,101,101,82,64],"gold":97,"neow_bonus":"","is_daily":false,"chose_seed":false,"campfire_upgraded":12,"win_rate":0.0,"timestamp":1610946714,"path_taken":["M","M","M","?","M","R","M","?","T","M","R","$","R","M","R","BOSS","M","?","?","?","M","E","$","R","T","?","M","R","R","M","R","BOSS","M","?","$","M","?","R","?","R","T","R","$","M","M","M","R","BOSS","R","$","E","BOSS"],"items_purchased_type":["Relic","Relic","Relic","Relic","Potion","Potion","Card","Relic","Card","Card","Relic","Relic","Relic","Relic","Relic","Relic"],"build_version":"2020-12-22","purchased_purges":2,"victory":true,"max_hp_per_floor":[101,101,101,101,101,101,101,101,101,101,101,101,101,101,101,101,101,101,101,101,101,101,101,101,101,101,101,101,101,101,101,101,101,101,101,101,101,101,101,101,101,101,101,101,101,101,101,101,101,101,101,101,101,101,101],"card_choices":[{"not_picked":["Evolve","Headbutt","Flex"],"picked":"SKIP","floor":1.0},{"not_picked":["Anger","Bloodletting","Perfected Strike"],"picked":"SKIP","floor":2.0},{"not_picked":["Armaments","Power Through"],"picked":"Dropkick","floor":3.0},{"not_picked":["Dropkick","Feel No Pain","Second Wind"],"picked":"SKIP","floor":5.0},{"not_picked":["Heavy Blade","Flex"],"picked":"Shrug It Off","floor":7.0},{"not_picked":["Headbutt","Evolve"],"picked":"Body Slam","floor":10.0},{"not_picked":["Dropkick","Whirlwind","Sentinel"],"picked":"SKIP","floor":14.0},{"not_picked":["Fiend Fire","Juggernaut"],"picked":"Barricade","floor":16.0},{"not_picked":["Rampage+1","Iron Wave","Cleave"],"picked":"Battle Trance","floor":18.0},{"not_picked":["Armaments+1","Perfected Strike+1","Burning Pact","Clothesline"],"picked":"SKIP","floor":22.0},{"not_picked":["Whirlwind","Juggernaut","Sentinel","Body Slam"],"picked":"SKIP","floor":23.0},{"not_picked":["Inflame","Havoc","Heavy Blade"],"picked":"Iron Wave","floor":28.0},{"not_picked":["Flex+1","Hemokinesis+1","Thunderclap","Havoc"],"picked":"SKIP","floor":31.0},{"not_picked":["Hemokinesis+1","Thunderclap","Havoc"],"picked":"Flex+1","floor":31.0},{"not_picked":["Corruption","Reaper","Fiend Fire"],"picked":"Brutality","floor":33.0},{"not_picked":["Searing Blow","Shrug It Off+1","Shockwave+1","Clothesline"],"picked":"SKIP","floor":35.0},{"not_picked":["Cleave+1","Rage+1","Infernal Blade","Havoc+1"],"picked":"SKIP","floor":38.0},{"not_picked":["Sentinel","Infernal Blade+1"],"picked":"Uppercut+1","floor":46.0},{"not_picked":["Iron Wave+1","Clothesline+1"],"picked":"Flame Barrier+1","floor":47.0},{"not_picked":["Burning Pact","Iron Wave","Barricade"],"picked":"SKIP","floor":48.0},{"not_picked":["Rampage","Warcry+1"],"picked":"Metallicize","floor":54}],"player_experience":1352120,"relics_obtained":[{"floor":17.0,"key":"PreservedInsect"},{"floor":17.0,"key":"Question Card"},{"floor":17.0,"key":"WingedGreaves"},{"floor":21.0,"key":"Red Mask"},{"floor":23.0,"key":"Toy Ornithopter"},{"floor":26.0,"key":"Matryoshka"},{"floor":27.0,"key":"Pen Nib"},{"floor":27.0,"key":"Turnip"},{"floor":36.0,"key":"Dead Branch"},{"floor":41.0,"key":"Girya"},{"floor":43.0,"key":"Blue Candle"},{"floor":43.0,"key":"Juzu Bracelet"},{"floor":54,"key":"Unceasing Top"}],"event_choices":[{"damage_healed":0.0,"max_hp_gain":0.0,"max_hp_loss":0.0,"gold_gain":75.0,"event_name":"World of Goop","player_choice":"Gather Gold","floor":4.0,"gold_loss":0.0,"damage_taken":11.0},{"damage_healed":0.0,"max_hp_gain":0.0,"max_hp_loss":0.0,"gold_gain":0.0,"event_name":"Shining Light","player_choice":"Entered Light","floor":8.0,"gold_loss":0.0,"damage_taken":20.0,"cards_upgraded":["Strike_R","Strike_R"]},{"damage_healed":0.0,"max_hp_gain":0.0,"max_hp_loss":0.0,"gold_gain":0.0,"event_name":"FaceTrader","player_choice":"Trade","floor":19.0,"gold_loss":0.0,"damage_taken":0.0,"relics_obtained":["SsserpentHead"]},{"damage_healed":0.0,"max_hp_gain":0.0,"max_hp_loss":0.0,"gold_gain":0.0,"event_name":"Masked Bandits","player_choice":"Fought Bandits","floor":21.0,"gold_loss":0.0,"damage_taken":0.0},{"damage_healed":0.0,"max_hp_gain":0.0,"max_hp_loss":0.0,"gold_gain":0.0,"event_name":"Mysterious Sphere","player_choice":"Fight","floor":36.0,"gold_loss":0.0,"damage_taken":0.0},{"damage_healed":0.0,"max_hp_gain":0.0,"max_hp_loss":0.0,"gold_gain":222.0,"event_name":"Tomb of Lord Red Mask","player_choice":"Wore Mask","floor":39.0,"gold_loss":0.0,"damage_taken":0.0},{"damage_healed":0.0,"max_hp_gain":0.0,"max_hp_loss":0.0,"gold_gain":0.0,"event_name":"MindBloom","player_choice":"Fight","floor":41.0,"gold_loss":0.0,"damage_taken":0.0}],"is_beta":false,"boss_relics":[{"not_picked":["Ectoplasm","Snecko Eye"],"picked":"Calling Bell"},{"not_picked":["Tiny House","Runic Pyramid"],"picked":"Philosopher\u0027s Stone"}],"items_purged_floors":[0,45],"is_endless":false,"potions_floor_spawned":[1,3,7,18,21,23,36,46,47,54],"ascension_level":0}}