{"host":"jkrqlov8aogccnw1","time":1610942946,"event":{"mods":["Aspiration","BaseMod","Colored Map","Colored Powertips","Conspire","GifTheSpireLib","Halation","Hubris","Infinite Spire","Jedi Mod","Minty Spire (QoL Compilation)","Permanent Neow","Rare Cards Sparkle","Relic Filter","Replay The Spire","StSLib","vexMod"],"gold_per_floor":[117,117,117,135,151,151,190,190,190,190,69,69,69,86,86,202,202,220,238,238,238,261,295,295,329,329,329,352,381,404,439,439,455,455],"floor_reached":33,"language":"ENG","playtime":2012,"items_purged":[],"score":392,"play_id":"6504da6a-72d3-4a39-9975-50c0c2ece486","local_time":"20210117230906","is_ascension_mode":true,"campfire_choices":[{"data":"ReplayTheSpireMod:Scrap Shanks","floor":6,"key":"SMITH"},{"floor":8,"key":"REST"},{"data":"Prepared","floor":8,"key":"SMITH"},{"data":"Dagger Spray","floor":10,"key":"SMITH"},{"data":"Acrobatics","floor":12,"key":"SMITH"},{"data":"Neutralize","floor":15,"key":"SMITH"},{"floor":24,"key":"DIG"},{"floor":27,"key":"DIG"},{"floor":32,"key":"DIG"}],"circlet_count":0,"master_deck":["Strike_G","Strike_G","Strike_G","Strike_G","Strike_G","Defend_G","Defend_G","Defend_G","Defend_G","Defend_G","Survivor","Neutralize+1","Dagger Spray+1","Prepared+1","Acrobatics+1","ReplayTheSpireMod:Scrap Shanks+1","Dagger Throw","Unload","Unload","All Out Attack","jedi:studyshivs","Tactician","Tactician","Finisher","Acrobatics","hubris:Sniper","ReplayTheSpireMod:Scrap Shanks","Backstab","Underhanded Strike"],"relics":["Ring of the Snake","infinitespire:Midas Blood","infinitespire:Magic Flask","hubris:SphereOfDissonance","vexMod:MysteryBossChallenge","aspiration:RandomNobGenerator","Shovel","ReplayTheSpireMod:Ninjato","Gremlin Food","Replay:Rubber Ducky","Smiling Mask","Incense Burner","halation:SelfBoilingWater"],"acts_visited":["Exordium","TheCity"],"potions_floor_usage":[1,23,31,31,31],"damage_taken":[{"damage":4,"enemies":"Cultist","floor":1,"turns":4},{"damage":0,"enemies":"Jaw Worm","floor":4,"turns":5},{"damage":0,"enemies":"2 Louse","floor":5,"turns":2},{"damage":33,"enemies":"Gremlin Nob","floor":7,"turns":5},{"damage":6,"enemies":"Exordium Thugs","floor":14,"turns":3},{"damage":32,"enemies":"Hexaghost","floor":16,"turns":6},{"damage":17,"enemies":"Chosen","floor":18,"turns":5},{"damage":2,"enemies":"2 Thieves","floor":19,"turns":3},{"damage":39,"enemies":"Centurion and Healer","floor":22,"turns":6},{"damage":21,"enemies":"Slavers","floor":23,"turns":4},{"damage":0,"enemies":"Gremlin Leader","floor":25,"turns":2},{"damage":6,"enemies":"Snake Plant","floor":28,"turns":4},{"damage":17,"enemies":"Slavers","floor":29,"turns":2},{"damage":10,"enemies":"Cultist and Chosen","floor":30,"turns":3},{"damage":0,"enemies":"Gremlin Leader","floor":31,"turns":2},{"damage":35,"enemies":"conspire:MysteriousRune","floor":33,"turns":4}],"seed_played":"8751576418626586364","potions_obtained":[{"floor":1,"key":"Fruit Juice"},{"floor":7,"key":"Reflective Coating"},{"floor":16,"key":"jedi:StrikingPotion"},{"floor":23,"key":"ColorlessPotion"},{"floor":25,"key":"AttackPotion"},{"floor":31,"key":"Ancient Potion"}],"is_trial":false,"path_per_floor":["M","?","?","M","M","R","E","R","T","R","$","R","?","M","R","B",null,"M","M","?","?","M","E","R","E","T","R","M","E","M","E","R_BF","B"],"character_chosen":"THE_SILENT","items_purchased":["Unload"],"campfire_rested":1,"item_purchase_floors":[11],"current_hp_per_floor":[71,71,71,71,71,71,38,60,60,60,60,60,60,54,54,22,75,58,56,56,56,17,68,68,68,68,68,62,45,35,35,35,0,0],"gold":455,"neow_bonus":"THREE_CARDS","is_daily":false,"chose_seed":false,"campfire_upgraded":5,"win_rate":0.0,"timestamp":1610942946,"path_taken":["M","?","?","?","M","R","E","R","T","R","$","R","?","M","R","BOSS","M","M","?","?","?","E","R","E","T","R","M","E","M","E","R_BF","BOSS"],"items_purchased_type":["Card"],"build_version":"2020-12-22","purchased_purges":0,"victory":false,"max_hp_per_floor":[75,75,75,75,75,75,75,75,75,75,75,75,75,75,75,75,75,75,75,75,75,75,75,75,75,75,75,75,75,75,75,75,75,75],"card_choices":[{"not_picked":["Slice","Caltrops"],"picked":"Dagger Spray","floor":0},{"not_picked":["Well Laid Plans","Bane"],"picked":"Prepared","floor":1},{"not_picked":["Backflip","Bouncing Flask"],"picked":"Acrobatics","floor":4},{"not_picked":["Prepared","Backflip"],"picked":"ReplayTheSpireMod:Scrap Shanks","floor":5},{"not_picked":["Escape Plan","Noxious Fumes"],"picked":"Dagger Throw","floor":7},{"not_picked":["Toxin Wave","Dash"],"picked":"All Out Attack","floor":14},{"not_picked":["aspiration:Lunge","Storm of Steel"],"picked":"jedi:studyshivs","floor":16},{"not_picked":["jedi:pocketpoison+1","Expertise"],"picked":"Tactician","floor":18},{"not_picked":["Well Laid Plans","Hidden Blade+1"],"picked":"Tactician","floor":19},{"not_picked":["Deadly Poison","Replay:Poison Smokescreen"],"picked":"Finisher","floor":22},{"not_picked":["Heel Hook","Toxin Wave"],"picked":"Acrobatics","floor":23},{"not_picked":["Replay:Poison Smokescreen","Tools of the Trade"],"picked":"hubris:Sniper","floor":25},{"not_picked":["jedi:unstablefumes","Backflip","Slice"],"picked":"SKIP","floor":28},{"not_picked":["Heel Hook+1","Finisher"],"picked":"ReplayTheSpireMod:Scrap Shanks","floor":29},{"not_picked":["jedi:poisonivy","PiercingWail+1"],"picked":"Backstab","floor":30},{"not_picked":["Flying Knee","Quick Slash+1"],"picked":"Underhanded Strike","floor":31}],"player_experience":159643,"relics_obtained":[{"floor":7,"key":"infinitespire:Magic Flask"},{"floor":9,"key":"hubris:SphereOfDissonance"},{"floor":23,"key":"Shovel"},{"floor":24,"key":"ReplayTheSpireMod:Ninjato"},{"floor":25,"key":"Gremlin Food"},{"floor":27,"key":"Replay:Rubber Ducky"},{"floor":29,"key":"Smiling Mask"},{"floor":31,"key":"Incense Burner"},{"floor":32,"key":"halation:SelfBoilingWater"}],"event_choices":[{"damage_healed":0,"gold_gain":0,"player_choice":"Box","damage_taken":0,"relics_obtained":["infinitespire:Midas Blood"],"max_hp_gain":0,"max_hp_loss":0,"event_name":"Big Fish","floor":2,"gold_loss":0,"cards_obtained":["Regret"]},{"cards_removed":["Regret"],"damage_healed":0,"gold_gain":0,"player_choice":"Removed Curses","damage_taken":0,"max_hp_gain":0,"max_hp_loss":0,"event_name":"Fountain of Cleansing","floor":3,"gold_loss":0},{"damage_healed":0,"gold_gain":0,"player_choice":"Ignored","damage_taken":0,"max_hp_gain":0,"max_hp_loss":0,"event_name":"Liars Game","floor":13,"gold_loss":0},{"damage_healed":0,"gold_gain":0,"player_choice":"Leave","damage_taken":0,"max_hp_gain":0,"max_hp_loss":0,"event_name":"conspire:Investor","floor":21,"gold_loss":0}],"is_beta":false,"boss_relics":[{"not_picked":["Tiny House","hubris:Backtick"],"picked":"vexMod:MysteryBossChallenge"}],"items_purged_floors":[],"is_endless":false,"potions_floor_spawned":[1,7,16,23,25,29,31],"killed_by":"conspire:MysteriousRune","ascension_level":1}}