{"host":"55frs1flqhuyvvn7","time":1610997216,"event":{"mods":["Act Like it!","Aspiration","BaseMod","BetterRewards","Colored Map","Colored Powertips","DeckTracker","Downfall","Hallownest","Hermit","Highlight Path","Hubris","Infinite Spire","Jorbs\u0027s Wanderer Trilogy","Marisa????????","Minty Spire (QoL Compilation)","Quick Restart","Random Character Button","Rare Cards Sparkle","Relic Sorter","StSLib","Synergy Search","The Bug Knight","The Construct","The Cursed","The Disciple","The Hierophant","The Jungle","The Necromancer","The Runesmith","The Servant 0.9.4"],"gold_per_floor":[111,122,68,87,87,119,44,44,126,153,166,71,81,94,94,189,189,200,213,231,231,250,250,250],"floor_reached":23,"language":"ENG","playtime":1519,"items_purged":["Defend_W","Strike_W"],"score":305,"play_id":"dac4c2a9-ea5e-4893-a3a2-09f588a7662b","local_time":"20210118201336","is_ascension_mode":false,"campfire_choices":[{"floor":8,"key":"REST"},{"floor":15,"key":"REST"}],"circlet_count":0,"master_deck":["Strike_W","Strike_W","Strike_W","Defend_W","Defend_W","Defend_W","Negative_Energy_Arrows","Bone_Wall","Spectral_Armor","The Bomb","Flesh_Made_Foul","Blood_Whip","Scare","Toxic_Smoke_Screen","Negative_Energy_Javelin","Exploit","Negative_Energy_Burst","Summon_Lich","Negative_Energy_Burst","Shackles_Of_Pain","Negative_Energy_Javelin","Summon_Undead_Army","Negative_Energy_Javelin","Bone_Armory","Negative_Energy_Bomb","CurseOfTheBell","Negative_Energy_Sphere","Scare+1","Negative_Energy_Burst+1","infinitespire:Collect","Blood_Magic"],"relics":["Vampire_Amulet","hubris:SphereOfDissonance","White Beast Statue","FossilizedHelix","Calling Bell","Toy Ornithopter","HollowMod:LifeEnderRelic","StoneCalendar"],"acts_visited":["Exordium","TheCity"],"potions_floor_usage":[16,20,20,23,23,23],"damage_taken":[{"damage":7,"enemies":"Jaw Worm","floor":1,"turns":3},{"damage":3,"enemies":"Cultist","floor":2,"turns":4},{"damage":5,"enemies":"2 Louse","floor":4,"turns":3},{"damage":22,"enemies":"Lagavulin","floor":6,"turns":5},{"damage":14,"enemies":"Gremlin Nob","floor":10,"turns":4},{"damage":4,"enemies":"Red Slaver","floor":11,"turns":2},{"damage":6,"enemies":"2 Fungi Beasts","floor":13,"turns":3},{"damage":6,"enemies":"3 Louse","floor":14,"turns":3},{"damage":41,"enemies":"The Guardian","floor":16,"turns":9},{"damage":14,"enemies":"Spheric Guardian","floor":18,"turns":4},{"damage":17,"enemies":"Chosen","floor":19,"turns":5},{"damage":29,"enemies":"Shelled Parasite and Fungi","floor":20,"turns":4},{"damage":0,"enemies":"3 Cultists","floor":22,"turns":1},{"damage":62,"enemies":"Nightmare","floor":23,"turns":7}],"seed_played":"-8560553917570088235","potions_obtained":[{"floor":1,"key":"SteroidPotion"},{"floor":2,"key":"Weak Potion"},{"floor":10,"key":"Energy Potion"},{"floor":11,"key":"PowerPotion"},{"floor":16,"key":"Regen Potion"},{"floor":19,"key":"LiquidBronze"},{"floor":20,"key":"GamblersBrew"},{"floor":22,"key":"Energy Potion"}],"is_trial":false,"path_per_floor":["M","M","$","M","?","E","$","R","T","E","M","$","M","M","R","B",null,"M","M","M","AVR","M","NM"],"character_chosen":"NECROMANCER","items_purchased":["Spectral_Armor","The Bomb","Flesh_Made_Foul","Blood_Whip","Negative_Energy_Javelin","Negative_Energy_Javelin","Summon_Undead_Army"],"campfire_rested":2,"item_purchase_floors":[0,0,0,0,3,12,12],"current_hp_per_floor":[57,56,56,55,55,35,35,57,57,45,43,43,41,41,63,24,75,63,48,42,42,42,0,0],"gold":250,"neow_bonus":"","is_daily":false,"chose_seed":false,"campfire_upgraded":0,"win_rate":0.0,"timestamp":1610997216,"path_taken":["M","M","$","M","?","E","$","R","T","E","M","$","M","M","R","BOSS","M","M","M","AVR","M","NM"],"items_purchased_type":["Card","Card","Card","Card","Card","Card","Card"],"build_version":"2020-12-22","purchased_purges":2,"victory":false,"max_hp_per_floor":[75,75,75,75,75,75,75,75,75,75,75,75,75,75,75,75,75,75,75,75,75,75,75,75],"card_choices":[{"not_picked":["Bone_Spikes","Negative_Energy_Mist"],"picked":"Scare","floor":1},{"not_picked":["Bone_Armor","Bones_to_Steel"],"picked":"Toxic_Smoke_Screen","floor":2},{"not_picked":["Chill_Blood","Slay_Living"],"picked":"Exploit","floor":4},{"not_picked":["Negative_Energy_Shield","Detonate_Bones"],"picked":"Summon_Lich","floor":6},{"not_picked":["Blood_Whip","Blood_Shield"],"picked":"Negative_Energy_Burst","floor":10},{"not_picked":["Finger_Of_Death","Death_Coil"],"picked":"Shackles_Of_Pain","floor":11},{"not_picked":["Bones_to_Steel","Thousand_Bone_Knives"],"picked":"Negative_Energy_Javelin","floor":13},{"not_picked":["Toxic_Smoke_Screen","Bones_to_Steel"],"picked":"Bone_Armory","floor":14},{"not_picked":["Requiem","Summon_Vampire_Lady"],"picked":"Negative_Energy_Bomb","floor":16},{"not_picked":["Death_Coil","Blood_Whip"],"picked":"Negative_Energy_Sphere","floor":18},{"not_picked":["Toxic_Smoke_Screen","Chill_Blood"],"picked":"Scare+1","floor":19},{"not_picked":["Stop_Heart","Shade_Step"],"picked":"Negative_Energy_Burst+1","floor":20},{"not_picked":["Shackles_Of_Pain+1","Thousand_Bone_Knives+1"],"picked":"Blood_Magic","floor":22}],"player_experience":94494,"relics_obtained":[{"floor":6,"key":"hubris:SphereOfDissonance"},{"floor":9,"key":"White Beast Statue"},{"floor":10,"key":"FossilizedHelix"},{"floor":17,"key":"Toy Ornithopter"},{"floor":17,"key":"HollowMod:LifeEnderRelic"},{"floor":17,"key":"StoneCalendar"}],"event_choices":[],"is_beta":false,"boss_relics":[{"not_picked":["SacredBark","Busted Crown"],"picked":"Calling Bell"}],"items_purged_floors":[7,21],"is_endless":false,"potions_floor_spawned":[1,2,10,11,13,14,16,18,19,20,22],"killed_by":"Nightmare","ascension_level":0}}