{"host":"oc9z8cublggqyfxu","time":1610954053,"event":{"mods":["AchievementEnabler","Act Like it!","Aspiration","BaseMod","Colored Map","Colored Powertips","Dota2Spire","Friendly Minions","Gensokyo","GifTheSpireLib","Hallownest","Hermit","Highlight Path","KinomotoSakuraMod(木之本樱)","Koishi","Lobotomy","LobotomyExtend","Marisa（F雨　魔理沙）","Minty Spire (QoL Compilation)","Quick Restart","Rare Cards Sparkle","Reimu（博丽灵梦）","Relic Stats","Remilia（蕾米莉亚）","Replay The Spire","RumiaBox-露米娅的神秘盒子","Spicy Shops","StSLib","The Administrix","The Animator","The Blackbeard","The Bug Knight","The Cursed","The Hierophant","The Mystic","The Runesmith","The Servant 0.9.4","Yakumo Yukari mod","Youmu（魂魄妖梦）","Yuyuko","vexMod","【功能Mod】混沌之环修复补丁","【功能Mod】聪明的最终Boss"],"gold_per_floor":[137,181,181,181,192,192,65,65,88,106,106,106,118,118,198,213,213,310,310,310,22,35,54,54,54,54,466,519,519,529,554,554,564,564,660,660,674,684,684,696,366,366,384,414,414,414,414,414],"floor_reached":47,"language":"ZHS","playtime":4481,"items_purged":[],"score":541,"play_id":"6cbe0e67-c8cd-43e8-b1ba-faded5a1fae9","local_time":"20210118151413","is_ascension_mode":false,"campfire_choices":[{"data":"Shallow_ocean_purpleEX","floor":6.0,"key":"SMITH"},{"data":"Boundary_of_Extermination_purpleEX","floor":14.0,"key":"SMITH"},{"floor":17.0,"key":"REST"},{"floor":25.0,"key":"REST"},{"floor":29.0,"key":"REST"},{"floor":32.0,"key":"RECALL"},{"data":"PurpleNeedle_purple","floor":34.0,"key":"SMITH"},{"data":"SfantasyHide_purple","floor":42.0,"key":"SMITH"},{"floor":46.0,"key":"REST"}],"circlet_count":0,"master_deck":["Funeral","AT_purpleEX","AT_purpleEX","AT_purpleEX","AT_purpleEX+1","Defend_purpleEX","Defend_purpleEX","Defend_purpleEX","Defend_purpleEX","Observe_purple_1","Observe_purple_2+1","Shallow_ocean_purpleEX+1","UniverseFragment","Boundary_of_Extermination_purpleEX+1","WeekHit_purple","Bloodbath","RealityDreamConfluencek_purple+1","HeroicMonk","Charmbait_purple+1","Wellcheers","SfantasyHide_purple+1","OldLady","MagicEyes_LaplaceDemon_purple+1","Mirror_FormAndEmptin_purple","Charmbait_purple+1","Writhe","Shallow_ocean_purpleEX+1","CherryBlossoms","PurpleNeedle_purple+1","Delirium","OSAHOGD","StateErode_purple+1","WallGazer","CommonSense_AntiCommonSense_purple+1","LittlePrince","Know_ledgeAbilityRealm_purple+1","Boundary_LightAndDark_purple+1","MHz","ButterflyHabitatTemple_purple","SharpContractionReality_purple+1","SpiderBud","Know_ledgeAbilityRealm_purple"],"relics":["Memoryfragments_purpleEX","CogitoBucket","LetterFromLob","Gremlin Horn","Gensokyo:Justice","Pear","vexMod:BigBerry","Moonlight_r","Dota2Spire:PhaseBoots","Dota2Spire:PowerTreads","LuminousBracelet","Ring of Misfortune","Ring of Panic","Whetstone","Smiling Mask","vexMod:ImprovementManual","FleshIdol","Snack Pack","Durian","SolemnVow_r","ThegodofHakurei_purpleEX","Dota2Spire:Vanguard"],"acts_visited":["Gensokyo:Gensokyo","Hallownest:CityofTears","Hallownest:KingdomsEdge"],"potions_floor_usage":[47,47],"damage_taken":[{"damage":13.0,"enemies":"Gensokyo:Gryphon","floor":1.0,"turns":4.0},{"damage":0.0,"enemies":"Gensokyo:3_Fairies","floor":5.0,"turns":2.0},{"damage":0.0,"enemies":"Gensokyo:Python","floor":10.0,"turns":3.0},{"damage":1.0,"enemies":"Gensokyo:Gryphon_and_Rabbit","floor":13.0,"turns":4.0},{"damage":24.0,"enemies":"Gensokyo:LivingMonolith","floor":16.0,"turns":4.0},{"damage":11.0,"enemies":"Gensokyo:Reimu","floor":18.0,"turns":9.0},{"damage":34.0,"enemies":"Hallownest:3_Youths","floor":22.0,"turns":6.0},{"damage":0.0,"enemies":"Hallownest:2_Mistakes","floor":23.0,"turns":1.0},{"damage":0.0,"enemies":"Hallownest:monsterMisterMushroom","floor":30.0,"turns":2.0},{"damage":0.0,"enemies":"Hallownest:Warrior_and_Youth","floor":33.0,"turns":2.0},{"damage":9.0,"enemies":"Hallownest:BossSoulMaster","floor":35.0,"turns":7.0},{"damage":71.0,"enemies":"Hallownest:3_Siblings","floor":37.0,"turns":5.0},{"damage":0.0,"enemies":"Hallownest:2_Littles","floor":38.0,"turns":1.0},{"damage":0.0,"enemies":"Hallownest:2_Soldiers_and_1_Guardian","floor":40.0,"turns":1.0},{"damage":3.0,"enemies":"Hallownest:Shield_Sturdy","floor":43.0,"turns":2.0},{"damage":75.0,"enemies":"Hallownest:eliteHiveKnight","floor":44.0,"turns":6.0},{"damage":81,"enemies":"Hallownest:2_Great","floor":47,"turns":2}],"seed_played":"-8397201115293959134","potions_obtained":[{"floor":1.0,"key":"AttackPotion"},{"floor":2.0,"key":"Venom Potion"},{"floor":10.0,"key":"DistilledChaos"},{"floor":23.0,"key":"Swift Potion"},{"floor":30.0,"key":"AttackPotion"},{"floor":35.0,"key":"EntropicBrew"},{"floor":37.0,"key":"DuplicationPotion"},{"floor":38.0,"key":"Venom Potion"}],"is_trial":false,"path_per_floor":["M","?","?","?","M","R","$","?","T","M","PTL","PTL","M","R","?","M","R","B",null,"M","$","M","M","?","R","?","?","T","R","M","T","R","M","R","B",null,"M","M","?","M","$","R","M","E","T","R","M"],"character_chosen":"Youkari","items_purchased":["Boundary_of_Extermination_purpleEX","WeekHit_purple","Mirror_FormAndEmptin_purple","Charmbait_purple","Dota2Spire:PhaseBoots","Dota2Spire:PowerTreads","Snack Pack","Durian"],"campfire_rested":4,"item_purchase_floors":[7,7,21,21,21,21,41,41],"current_hp_per_floor":[59,42,42,49,49,49,49,44,44,45,45,45,45,45,45,22,46,37,110,39,39,27,28,28,65,65,65,65,102,102,102,102,102,102,97,115,61,61,73,73,78,78,76,35,35,71,0,0],"gold":414,"neow_bonus":"","is_daily":false,"chose_seed":false,"campfire_upgraded":4,"win_rate":0.0,"timestamp":1610954053,"path_taken":["M","?","?","?","?","R","?","?","T","?","PTL","PTL","M","R","?","M","R","BOSS","M","$","M","M","?","R","?","?","T","R","M","?","R","M","R","BOSS","M","M","?","M","?","R","M","E","T","R","M"],"items_purchased_type":["Card","Card","Card","Card","Relic","Relic","Relic","Relic"],"build_version":"2020-12-22","purchased_purges":0,"victory":false,"max_hp_per_floor":[70,70,70,70,70,70,70,80,80,80,80,80,80,80,80,80,80,80,110,110,110,125,125,125,125,125,125,125,125,125,125,125,125,125,115,115,115,115,115,115,120,120,120,120,120,120,120,120],"relic_stats":{"Gremlin Horn":[13,13],"counters":[20,64],"Whetstone":["Shallow_ocean_purpleEX","AT_purpleEX"],"Smiling Mask":0,"obtain_stats":[{"Dota2Spire:PowerTreads":21,"Pear":8,"Gremlin Horn":2,"SolemnVow_r":44,"ThegodofHakurei_purpleEX":44,"LuminousBracelet":22,"FleshIdol":37,"Dota2Spire:Vanguard":45,"Boundary_crack":0,"Gensokyo:Justice":3,"Whetstone":28,"Smiling Mask":31,"Moonlight_r":20,"CogitoBucket":0,"Ring of Misfortune":26,"LetterFromLob":1,"Snack Pack":41,"Durian":41,"Ring of Panic":26,"vexMod:ImprovementManual":36,"Memoryfragments_purpleEX":0,"vexMod:BigBerry":19,"Dota2Spire:PhaseBoots":21},{"Dota2Spire:PowerTreads":6,"Pear":2,"Gremlin Horn":1,"SolemnVow_r":18,"ThegodofHakurei_purpleEX":18,"LuminousBracelet":8,"FleshIdol":14,"Dota2Spire:Vanguard":18,"Boundary_crack":0,"Gensokyo:Justice":1,"Whetstone":9,"Smiling Mask":10,"Moonlight_r":6,"CogitoBucket":0,"Ring of Misfortune":9,"LetterFromLob":1,"Snack Pack":16,"Durian":16,"Ring of Panic":9,"vexMod:ImprovementManual":12,"Memoryfragments_purpleEX":0,"vexMod:BigBerry":6,"Dota2Spire:PhaseBoots":6},{"Dota2Spire:PowerTreads":26,"Pear":6,"Gremlin Horn":4,"SolemnVow_r":56,"ThegodofHakurei_purpleEX":61,"LuminousBracelet":33,"FleshIdol":51,"Dota2Spire:Vanguard":61,"Boundary_crack":0,"Gensokyo:Justice":4,"Whetstone":34,"Smiling Mask":36,"Moonlight_r":26,"CogitoBucket":0,"Ring of Misfortune":34,"LetterFromLob":4,"Snack Pack":53,"Durian":53,"Ring of Panic":34,"vexMod:ImprovementManual":45,"Memoryfragments_purpleEX":0,"vexMod:BigBerry":26,"Dota2Spire:PhaseBoots":26}]},"card_choices":[{"not_picked":["UniverseFragment","ShyLook"],"picked":"Yin","floor":1.0},{"not_picked":["Realm_recovery_purpleEX","Erosivefilter_purple","DarkRealmRedLine_purple"],"picked":"SKIP","floor":1.0},{"not_picked":["StateDuplicate_purple","RealityDreamConfluencek_purple"],"picked":"Shallow_ocean_purpleEX","floor":2.0},{"not_picked":["BlueStar","Alriune"],"picked":"UniverseFragment","floor":5.0},{"not_picked":["Line_surface_state_purple","Mirror_FormAndEmptin_purple","Realm_recovery_purpleEX"],"picked":"SKIP","floor":5.0},{"not_picked":["Scorched","VoidDream"],"picked":"Bloodbath","floor":10.0},{"not_picked":["WangLiang_OokamiKakushi_purple","Charmbait_purple"],"picked":"RealityDreamConfluencek_purple","floor":10.0},{"not_picked":["Wellcheers","CrumblingArmor"],"picked":"HeroicMonk","floor":13.0},{"not_picked":["RuptureOfTimeAndSpace_purple","StretchesForeverDream_purple"],"picked":"Charmbait_purple","floor":13.0},{"not_picked":["Porccubus","LongBird"],"picked":"Wellcheers","floor":16.0},{"not_picked":["WeekHit_purple","DimensionStaggered_purple"],"picked":"SfantasyHide_purple","floor":16.0},{"not_picked":["LaLuna","Freischutz"],"picked":"OldLady","floor":18.0},{"not_picked":["Human_Monster_Realm_purple","UniverseChoice_purple"],"picked":"MagicEyes_LaplaceDemon_purple","floor":18.0},{"not_picked":["SfantasyHide_purple","DimensionStaggered_purple"],"picked":"Shallow_ocean_purpleEX","floor":22.0},{"not_picked":["LongBird","BigBadWolf"],"picked":"CherryBlossoms","floor":23.0},{"not_picked":["DimensionStaggered_purple+1","Mirror_FormAndEmptin_purple"],"picked":"PurpleNeedle_purple","floor":23.0},{"not_picked":["CrumblingArmor","WallGazer"],"picked":"OSAHOGD","floor":30.0},{"not_picked":["Boundary_LightAndDark_purple","Realm_recovery_purpleEX"],"picked":"StateErode_purple","floor":30.0},{"not_picked":["Porccubus","PunishingBird"],"picked":"WallGazer","floor":33.0},{"not_picked":["MNeedle_purple","Mirror_FormAndEmptin_purple"],"picked":"CommonSense_AntiCommonSense_purple+1","floor":33.0},{"not_picked":["Variant","BigBadWolf"],"picked":"LittlePrince","floor":35.0},{"not_picked":["Theboundaryofcreation_purpleEX","ProofOfUnderstanding_purple"],"picked":"Know_ledgeAbilityRealm_purple","floor":35.0},{"not_picked":["StateDuplicate_purple+1","ExistenceContinue_purple"],"picked":"Boundary_LightAndDark_purple+1","floor":37.0},{"not_picked":["BlackSwan","Scarecrow"],"picked":"BlueStar","floor":37.0},{"not_picked":["MeltingLove","VoidDream"],"picked":"MHz","floor":38.0},{"not_picked":["MeetDecomposer_purple+1","Photoelasticity_Doppler_Effect_purple"],"picked":"ButterflyHabitatTemple_purple","floor":38.0},{"not_picked":["MNeedle_purple","RealityDreamConfluencek_purple","Computing_the_future_purpleEX"],"picked":"SKIP","floor":40.0},{"not_picked":["BigBadWolf","HappyTeddy"],"picked":"Funeral","floor":43.0},{"not_picked":["RuptureOfTimeAndSpace_purple","ExistenceContinue_purple+1"],"picked":"SharpContractionReality_purple+1","floor":43.0},{"not_picked":["Woodsman","RedShoes"],"picked":"SpiderBud","floor":44.0},{"not_picked":["Boundary_DreamRealityDamnation_purple+1","Boundary_ObjectiveBoundary_purple"],"picked":"Know_ledgeAbilityRealm_purple","floor":44.0}],"player_experience":293640,"relics_obtained":[{"floor":1.0,"key":"LetterFromLob"},{"floor":2.0,"key":"Gremlin Horn"},{"floor":26.0,"key":"Ring of Misfortune"},{"floor":26.0,"key":"Ring of Panic"},{"floor":28.0,"key":"Whetstone"},{"floor":31.0,"key":"Smiling Mask"},{"floor":44.0,"key":"ThegodofHakurei_purpleEX"},{"floor":45.0,"key":"Dota2Spire:Vanguard"}],"event_choices":[],"is_beta":false,"boss_relics":[{"not_picked":["Philosopher\u0027s Stone","Painkiller Herb"],"picked":"vexMod:BigBerry"},{"not_picked":["vexMod:MysteryBossChallenge","Runesmith:UraniumAnvil"],"picked":"vexMod:ImprovementManual"}],"items_purged_floors":[],"is_endless":false,"potions_floor_spawned":[1,10,23,30,35,37,38,44],"killed_by":"Hallownest:2_Great","ascension_level":0}}