{"host":"fghh6uc8siqeqraf","time":1610974130,"event":{"mods":["AchievementEnabler","BaseMod","Colored Powertips","Googly Eyes","Hermit","Jorbs\u0027s Wanderer Trilogy","Lobotomy","Marisa£®ÏF”Í°°ƒß¿Ì…≥£©","Minty Spire (QoL Compilation)","Quick Restart","Replay The Spire","Shop Mod","StSLib","The Bug Knight","The Cursed","The Hierophant","The Servant 0.9.4"],"gold_per_floor":[119,136,146,158,333,364,375,375,375,394,429,429,440,292,292,394,394,364,113,140,167,197,197,226,257,257,281,314,39,39,13,13,113,113,137,137,162,0,55,102,130,169,169,19,52,84,84,112,112,130],"floor_reached":51,"language":"ZHS","playtime":7700,"items_purged":["Strike_R","Doubt","Strike_R","Strike_R"],"score":757,"play_id":"854a5cdf-3f5c-4cff-81bd-a10616451295","local_time":"20210118204850","is_ascension_mode":true,"campfire_choices":[{"data":"Body Slam","floor":12.0,"key":"SMITH"},{"data":"Entrench","floor":15.0,"key":"SMITH"},{"data":"ReplayTheSpireMod:Muscle Training","floor":23.0,"key":"SMITH"},{"data":"Barricade","floor":30.0,"key":"SMITH"},{"data":"Shrug It Off","floor":32.0,"key":"SMITH"},{"data":"Body Slam","floor":49.0,"key":"SMITH"}],"circlet_count":0,"master_deck":["Strike_R","Strike_R","Defend_R","Defend_R","Defend_R","Defend_R","Bash","Fiend Fire","Entrench+1","Headbutt","Shrug It Off","Shrug It Off+1","Body Slam+1","Reaper","ReplayTheSpireMod:Muscle Training+1","Reaper","Ghostly Armor","Barricade+1","Shrug It Off+1","Double Tap+1","Sever Soul","Body Slam+1","Flame Barrier+1"],"relics":["Burning Blood","Iron Hammer","Blue Candle","Singing Bowl","Bag of Marbles","Ooze Armor","Replay:Bandana","Toxic Egg 2","Bottled Lightning","Sozu","Red Mask","Anchor","Quantum Egg","Replay:Bottled Steam","ReplayTheSpireMod:Shallot","Ginger"],"acts_visited":["Exordium","TheCity","TheBeyond"],"potions_floor_usage":[50,50],"damage_taken":[{"damage":6.0,"enemies":"Jaw Worm","floor":1.0,"turns":4.0},{"damage":5.0,"enemies":"2 Louse","floor":2.0,"turns":4.0},{"damage":6.0,"enemies":"Cultist","floor":3.0,"turns":3.0},{"damage":7.0,"enemies":"Exordium Wildlife","floor":4.0,"turns":4.0},{"damage":15.0,"enemies":"Lagavulin","floor":6.0,"turns":7.0},{"damage":0.0,"enemies":"3 Louse","floor":7.0,"turns":5.0},{"damage":3.0,"enemies":"Looter","floor":10.0,"turns":3.0},{"damage":19.0,"enemies":"Gremlin Nob","floor":11.0,"turns":4.0},{"damage":0.0,"enemies":"Blue Slaver","floor":13.0,"turns":1.0},{"damage":70.0,"enemies":"Hexaghost","floor":16.0,"turns":11.0},{"damage":19.0,"enemies":"2 Thieves","floor":18.0,"turns":5.0},{"damage":5.0,"enemies":"Spheric Guardian","floor":20.0,"turns":3.0},{"damage":21.0,"enemies":"Snecko","floor":21.0,"turns":7.0},{"damage":29.0,"enemies":"3 Cultists","floor":22.0,"turns":6.0},{"damage":19.0,"enemies":"Centurion and Healer","floor":24.0,"turns":8.0},{"damage":27.0,"enemies":"Shelled Parasite and Fungi","floor":25.0,"turns":6.0},{"damage":57.0,"enemies":"3 Cultists","floor":27.0,"turns":6.0},{"damage":25.0,"enemies":"Replay:Snechameleon","floor":28.0,"turns":7.0},{"damage":0.0,"enemies":"Automaton","floor":33.0,"turns":9.0},{"damage":22.0,"enemies":"Orb Walker","floor":35.0,"turns":4.0},{"damage":3.0,"enemies":"3 Shapes","floor":37.0,"turns":6.0},{"damage":0.0,"enemies":"Nemesis","floor":40.0,"turns":15.0},{"damage":47.0,"enemies":"Jaw Worm Horde","floor":41.0,"turns":7.0},{"damage":20.0,"enemies":"HollowMod:StalkingDevout","floor":42.0,"turns":11.0},{"damage":31.0,"enemies":"Nemesis","floor":45.0,"turns":13.0},{"damage":0.0,"enemies":"Transient","floor":46.0,"turns":5.0},{"damage":48.0,"enemies":"Writhing Mass","floor":48.0,"turns":5.0},{"damage":4,"enemies":"Replay:Hell Engine","floor":50,"turns":9},{"damage":46,"enemies":"Malkuth","floor":51,"turns":16},{"damage":45,"enemies":"Netzach","floor":51,"turns":12}],"seed_played":"-3362665545301552794","potions_obtained":[{"floor":1.0,"key":"BlessingOfTheForge"},{"floor":3.0,"key":"DuplicationPotion"},{"floor":4.0,"key":"GamblersBrew"},{"floor":11.0,"key":"DuplicationPotion"},{"floor":13.0,"key":"Energy Potion"},{"floor":16.0,"key":"Languid Potion"},{"floor":20.0,"key":"SkillPotion"},{"floor":21.0,"key":"Regen Potion"},{"floor":24.0,"key":"Adrenaline Potion"},{"floor":33.0,"key":"Dexterity Potion"}],"is_trial":false,"path_per_floor":["M","M","M","M","?","E","M","T","T","M","E","R","M","$","R","B",null,"M","$","M","M","M","R","M","M","T","M","E","$","R","$","R","B",null,"M","?","M","?","T","E","M","E","T","$","E","M","?","M","R","B",null],"character_chosen":"IRONCLAD","items_purchased":["ReplayTheSpireMod:Muscle Training","Replay:Bandana","Barricade","Shrug It Off+1"],"campfire_rested":0,"item_purchase_floors":[14,19,29,31],"current_hp_per_floor":[80,80,80,79,79,70,76,76,76,79,66,66,74,74,74,17,82,78,78,81,76,79,79,86,90,90,78,77,77,77,77,77,83,94,84,84,98,98,98,98,80,98,98,98,93,102,102,62,62,75],"gold":160,"neow_bonus":"ONE_RANDOM_RARE_CARD","is_daily":false,"chose_seed":false,"campfire_upgraded":6,"win_rate":0.0,"timestamp":1610974130,"path_taken":["M","M","M","M","?","E","M","?","T","M","E","R","M","$","R","BOSS","M","$","M","M","M","R","M","M","T","M","E","$","R","$","R","BOSS","M","?","M","?","?","E","M","E","T","?","E","?","?","M","R","BOSS"],"items_purchased_type":["Card","Relic","Card","Card"],"build_version":"2020-12-22","purchased_purges":4,"victory":true,"max_hp_per_floor":[80,80,80,80,80,80,80,80,80,80,80,80,82,82,82,82,82,84,84,86,88,90,90,90,92,92,94,94,94,94,94,94,94,94,96,96,98,98,98,98,98,98,98,98,100,102,102,104,104,104],"card_choices":[{"not_picked":["Defy Death","Sword Boomerang"],"picked":"Entrench","floor":1.0},{"not_picked":["Run Through","Sword Boomerang"],"picked":"Headbutt","floor":2.0},{"not_picked":["Thunderclap","Armaments"],"picked":"Shrug It Off","floor":3.0},{"not_picked":["Iron Wave","Heavy Blade"],"picked":"Shrug It Off","floor":4.0},{"not_picked":["Armaments","ReplayTheSpireMod:LeadingStrike","ReplayTheSpireMod:Corrosion Curse"],"picked":"SKIP","floor":6.0},{"not_picked":["Wild Strike","Headbutt","Replay:Undeath\u0027s Touch"],"picked":"SKIP","floor":7.0},{"not_picked":["Replay:Undeath\u0027s Touch","Headbutt"],"picked":"Body Slam","floor":10.0},{"not_picked":["Pommel Strike","Carnage"],"picked":"Reaper","floor":11.0},{"not_picked":["Evolve","Warcry","Headbutt"],"picked":"Singing Bowl","floor":13.0},{"not_picked":["Immolate","Demon Form"],"picked":"Reaper","floor":16.0},{"not_picked":["Entrench","Iron Wave","Intimidate"],"picked":"Singing Bowl","floor":18.0},{"not_picked":["Dark Embrace","Sword Boomerang","ReplayReversal"],"picked":"Singing Bowl","floor":20.0},{"not_picked":["ReplayTheSpireMod:Strike From Hell+1","Defy Death","Hemokinesis"],"picked":"Singing Bowl","floor":21.0},{"not_picked":["ReplayReversal+1","Twin Strike","Armaments"],"picked":"Singing Bowl","floor":22.0},{"not_picked":["Bloodletting","Searing Blow"],"picked":"Ghostly Armor","floor":24.0},{"not_picked":["Headbutt","Cleave","Anger+1"],"picked":"Singing Bowl","floor":25.0},{"not_picked":["Pommel Strike+1","Havoc+1","Reckless Charge"],"picked":"Singing Bowl","floor":27.0},{"not_picked":["Fire Breathing","Shrug It Off+1"],"picked":"Inflame","floor":28.0},{"not_picked":["Replay:Many Hands+1","Bludgeon"],"picked":"Double Tap+1","floor":33.0},{"not_picked":["Havoc+1","Heavy Blade+1","Shrug It Off+1"],"picked":"Singing Bowl","floor":35.0},{"not_picked":["Headbutt","Thunderclap+1","Flex+1"],"picked":"Singing Bowl","floor":37.0},{"not_picked":["Combust+1","Wild Strike"],"picked":"Sever Soul","floor":40.0},{"not_picked":["Replay:Undeath\u0027s Touch","Cleave+1"],"picked":"Body Slam","floor":41.0},{"not_picked":["Pommel Strike","Armaments+1"],"picked":"Flame Barrier+1","floor":42.0},{"not_picked":["Armaments+1","Havoc+1","Wild Strike+1"],"picked":"Singing Bowl","floor":45.0},{"not_picked":["Replay:Undeath\u0027s Touch","ReplayTheSpireMod:LeadingStrike","Sword Boomerang+1"],"picked":"Singing Bowl","floor":46.0},{"not_picked":["Armaments+1","Perfected Strike+1","Heavy Blade+1"],"picked":"Singing Bowl","floor":48.0}],"player_experience":91990,"relics_obtained":[{"floor":6.0,"key":"Iron Hammer"},{"floor":8.0,"key":"Blue Candle"},{"floor":9.0,"key":"Singing Bowl"},{"floor":11.0,"key":"Bag of Marbles"},{"floor":26.0,"key":"Toxic Egg 2"},{"floor":28.0,"key":"Bottled Lightning"},{"floor":39.0,"key":"Anchor"},{"floor":40.0,"key":"Quantum Egg"},{"floor":42.0,"key":"Replay:Bottled Steam"},{"floor":43.0,"key":"ReplayTheSpireMod:Shallot"},{"floor":45.0,"key":"Ginger"}],"event_choices":[{"damage_healed":0.0,"max_hp_gain":0.0,"max_hp_loss":0.0,"gold_gain":175.0,"event_name":"Liars Game","player_choice":"AGREE","floor":5.0,"gold_loss":0.0,"damage_taken":0.0,"cards_obtained":["Doubt"]},{"cards_removed":["Inflame"],"damage_healed":0.0,"max_hp_gain":0.0,"max_hp_loss":0.0,"gold_gain":0.0,"event_name":"Falling","player_choice":"Removed Power","floor":36.0,"gold_loss":0.0,"damage_taken":0.0},{"damage_healed":0.0,"max_hp_gain":0.0,"max_hp_loss":0.0,"gold_gain":0.0,"event_name":"Tomb of Lord Red Mask","player_choice":"Paid","floor":38.0,"gold_loss":162.0,"damage_taken":0.0,"relics_obtained":["Red Mask"]}],"is_beta":false,"boss_relics":[{"not_picked":["Tiny House","Runic Pyramid"],"picked":"Ooze Armor"},{"not_picked":["Replay:Wanted Poster","Black Blood"],"picked":"Sozu"}],"items_purged_floors":[14,19,29,44],"is_endless":false,"potions_floor_spawned":[1,3,4,11,13,16,20,21,24,33,40,41,42,46],"ascension_level":1}}