{"host":"51fyd6gkml7xavq8","time":1610996247,"event":{"mods":["BaseMod","BetterRewards","Colored Map","Energized Spire","Infinite Spire","Minty Spire (QoL Compilation)","Replay The Spire","Shop Mod","Spicy Shops","StSLib","The Blue Laboratory","[IsaacMod]????"],"gold_per_floor":[112,187,187,35,55,55,80,95,121,155,169,169,5,26,26,157,220,239,164,177,155,173,214,214,214,214],"floor_reached":25,"language":"ENG","playtime":1242,"items_purged":["Injury","Defend_G"],"score":360,"play_id":"7f1db649-3852-4c60-bce8-1ed33c16f1a8","local_time":"20210118155727","is_ascension_mode":true,"campfire_choices":[{"data":"infinitespire:Neurotoxin","floor":15.0,"key":"SMITH"},{"data":"Noxious Fumes","floor":24,"key":"SMITH"}],"circlet_count":0,"master_deck":["Strike_G","Strike_G","Strike_G","Strike_G","Defend_G","Defend_G","Defend_G","Defend_G+1","Survivor","Neutralize","Poisoned Stab","infinitespire:Neurotoxin+1","Footwork","Footwork","After Image+1","Caltrops+1","Noxious Fumes+1","Noxious Fumes+1"],"relics":["Ring of the Snake","HushsDoor","DeadEye","TwistedFunnel","Replay:Mystery Machine","SteamSale","Golden Idol","Anchor","Mercury Hourglass","Leech","MerchantsRug","Golden Egg","Cauldron","MealTicket","ReplayTheSpireMod:Ninjato"],"acts_visited":["Exordium","TheCity"],"potions_floor_usage":[],"damage_taken":[{"damage":0.0,"enemies":"Cultist","floor":1.0,"turns":4.0},{"damage":0.0,"enemies":"Jaw Worm","floor":5.0,"turns":3.0},{"damage":6.0,"enemies":"2 Louse","floor":7.0,"turns":2.0},{"damage":13.0,"enemies":"Exordium Wildlife","floor":8.0,"turns":4.0},{"damage":0.0,"enemies":"3 Sentries","floor":10.0,"turns":2.0},{"damage":0.0,"enemies":"Exordium Thugs","floor":11.0,"turns":4.0},{"damage":0.0,"enemies":"Looter","floor":14.0,"turns":2.0},{"damage":7.0,"enemies":"The Guardian","floor":16.0,"turns":7.0},{"damage":2,"enemies":"Shell Parasite","floor":18,"turns":4},{"damage":0,"enemies":"Chosen","floor":20,"turns":3},{"damage":17,"enemies":"Snecko","floor":22,"turns":4},{"damage":20,"enemies":"Book of Stabbing","floor":23,"turns":4},{"damage":41,"enemies":"Slavers","floor":25,"turns":3}],"seed_played":"2003792875321085315","potions_obtained":[{"floor":1.0,"key":"blueLaboratory:PhilterOfMotion"},{"floor":14.0,"key":"Explosive Potion"},{"floor":17.0,"key":"infinitespire:BlackPotion"},{"floor":21,"key":"blueLaboratory:AbyssPotion"},{"floor":21,"key":"LiquidBronze"},{"floor":21,"key":"ColorlessPotion"},{"floor":21,"key":"AttackPotion"},{"floor":21,"key":"LifebloodPotion"},{"floor":22,"key":"Swift Potion"},{"floor":23,"key":"blueLaboratory:NullPotion"}],"is_trial":false,"path_per_floor":["M","?","?","$","M","?","M","M","T","E","M","T","$","M","R","B",null,"M","?","M","$","M","E","R","E"],"character_chosen":"THE_SILENT","items_purchased":["TwistedFunnel","SteamSale","MerchantsRug","Golden Egg","Cauldron","MealTicket"],"campfire_rested":0,"item_purchase_floors":[0,4,13,13,21,21],"current_hp_per_floor":[63,52,34,34,34,34,28,15,15,15,15,15,15,17,17,16,62,63,63,66,66,53,37,37,0,0],"gold":214,"neow_bonus":"","is_daily":false,"chose_seed":false,"campfire_upgraded":2,"win_rate":0.0,"timestamp":1610996247,"path_taken":["M","?","?","$","?","?","M","M","T","E","M","?","?","M","R","BOSS","M","?","M","$","M","E","R","E"],"items_purchased_type":["Relic","Relic","Relic","Relic","Relic","Relic"],"build_version":"2020-12-22","purchased_purges":2,"victory":false,"max_hp_per_floor":[70,70,70,70,70,70,70,70,70,70,70,70,70,70,70,70,75,75,75,75,75,75,75,75,75,75],"card_choices":[{"not_picked":[],"picked":"Bomb","floor":0.0},{"not_picked":["Replay:Poison Smokescreen","Backstab"],"picked":"Poisoned Stab","floor":1.0},{"not_picked":["Slice","PiercingWail"],"picked":"Bomb","floor":5.0},{"not_picked":["Quick Slash","Dodge and Roll"],"picked":"infinitespire:Neurotoxin","floor":7.0},{"not_picked":["ReplayTheSpireMod:Scrap Shanks","Leg Sweep","Dodge and Roll"],"picked":"SKIP","floor":8.0},{"not_picked":["Draining Mist","Phantasmal Killer"],"picked":"Footwork","floor":10.0},{"not_picked":["Underhanded Strike","Dagger Spray","Draining Mist"],"picked":"SKIP","floor":11.0},{"not_picked":["Underhanded Strike","Outmaneuver"],"picked":"Footwork","floor":14.0},{"not_picked":["Night Terror","Venomology"],"picked":"After Image","floor":16.0},{"not_picked":["Grand Finale","Prepared"],"picked":"Caltrops","floor":17.0},{"not_picked":["Riddle With Holes","Deflect+1"],"picked":"Noxious Fumes","floor":18},{"not_picked":["ReplayTheSpireMod:Exploit Weakness","Infinite Blades","Accuracy"],"picked":"SKIP","floor":20},{"not_picked":["Quick Slash","Fluid Movement","Dagger Spray"],"picked":"SKIP","floor":22},{"not_picked":["Sucker Punch","Backflip"],"picked":"Noxious Fumes+1","floor":23}],"player_experience":589089,"relics_obtained":[{"floor":9.0,"key":"Anchor"},{"floor":10.0,"key":"Mercury Hourglass"},{"floor":12.0,"key":"Leech"},{"floor":23,"key":"ReplayTheSpireMod:Ninjato"}],"event_choices":[{"damage_healed":0.0,"max_hp_gain":0.0,"max_hp_loss":0.0,"gold_gain":75.0,"event_name":"World of Goop","player_choice":"Gather Gold","floor":2.0,"gold_loss":0.0,"damage_taken":11.0},{"damage_healed":0.0,"max_hp_gain":0.0,"max_hp_loss":0.0,"gold_gain":0.0,"event_name":"Scrap Ooze","player_choice":"Success","floor":3.0,"gold_loss":0.0,"damage_taken":18.0,"relics_obtained":["Replay:Mystery Machine"]},{"damage_healed":0.0,"max_hp_gain":0.0,"max_hp_loss":0.0,"gold_gain":0.0,"event_name":"Golden Idol","player_choice":"Take Wound","floor":6.0,"gold_loss":0.0,"damage_taken":0.0,"relics_obtained":["Golden Idol"],"cards_obtained":["Injury"]},{"cards_removed":["Strike_G"],"damage_healed":0,"gold_gain":0,"player_choice":"Gave Gold","damage_taken":0,"max_hp_gain":0,"max_hp_loss":0,"event_name":"Beggar","floor":19,"gold_loss":75}],"is_beta":false,"boss_relics":[{"not_picked":["energizedSpire:StickyHand","WristBlade"],"picked":"Tiny House"},{"not_picked":[]}],"items_purged_floors":[13,21],"is_endless":false,"potions_floor_spawned":[1,14,22,23],"killed_by":"Slavers","ascension_level":9}}