{"host":"i0m9g0siyue4991n","time":1610957893,"event":{"mods":["100% Spire Juice","ATMod(°¢èªMod)","Act Like it!","BaseMod","BetterRewards","CapriCore","Challenge The Spire","Custom Start","Friendly Minions","Gensokyo","HololiveMod","Marisa£¨ìFÓê¡¡Ä§ÀíÉ³£©","Minty Spire (QoL Compilation)","Quick Restart","Reimu£¨²©ÀöÁéÃÎ£©","RumiaBox-Â¶Ã×æ«µÄÉñÃØºÐ×Ó","StSLib","The Administrix","The Immortal","The Servant 0.9.4","Yakumo Yukari mod"],"gold_per_floor":[80,80,104,104,128,128,173,202,227,263,326,344,344,439,439,591,641,683,683,706,722,543,543,619,631,669,721,693,705,228,269,269,371,371,405,432,461,461],"floor_reached":37,"language":"ZHS","playtime":1969,"items_purged":["Hololive_Yoholoon","Hololive_MaximGun"],"score":1046,"play_id":"37abb63b-6985-4885-8330-6a0f1fe3eee8","local_time":"20210118161813","is_ascension_mode":true,"campfire_choices":[{"data":"AT_FamilyPortrait","floor":6,"key":"SMITH"},{"data":"Hololive_CallHimemoriLuna","floor":13,"key":"SMITH"},{"data":"Hololive_Recruit","floor":15,"key":"SMITH"},{"data":"Hololive_CallAZKi","floor":23,"key":"SMITH"},{"data":"Hololive_CallSpadeEcho","floor":25,"key":"SMITH"},{"data":"Hololive_Rebirth","floor":32,"key":"SMITH"}],"circlet_count":0,"master_deck":["AscendersBane","Hololive_CallNatsuiroMatsuri","Hololive_CallCivia","Hololive_CallYogiri","Hololive_CallSakuraMiko","AT_FamilyPortrait+1","Hololive_Trident","Hololive_CallSpadeEcho+1","Hololive_CallAZKi+1","Hololive_DiamondStrike","Hololive_CallHoshimachiSuisei","Hololive_CallHimemoriLuna+1","Hololive_FlyingPonyTail+1","Hololive_LuckPotion","Hololive_Recruit+1","Hololive_CallInugamiKorone","Hololive_CallMurasakiShion","Hololive_CallTsunomakiWatame","Hololive_Rebirth+1","Hololive_CallShirakamiFubuki","Hololive_CallDoris","Hololive_FlyingPonyTail+1","Hololive_Thief","Hololive_CallShishiroBotan+1"],"relics":["Hololive_TheStar","AT_ATBox","War Paint","Toy Ornithopter","White Beast Statue","Tiny House","MawBank","Hololive_FriedShrimpLion","Kunai","ZunR:ReiMu","CaptainsWheel","Coffee Dripper"],"acts_visited":["Exordium","TheCity","TheBeyond"],"potions_floor_usage":[12,16,22,24,27,31,35,37,37,37,37],"damage_taken":[{"damage":2,"enemies":"Jaw Worm","floor":1,"turns":4},{"damage":6,"enemies":"Small Slimes","floor":3,"turns":3},{"damage":0,"enemies":"Cultist","floor":5,"turns":2},{"damage":0,"enemies":"Gremlin Nob","floor":7,"turns":3},{"damage":4,"enemies":"2 Fungi Beasts","floor":8,"turns":4},{"damage":6,"enemies":"Large Slime","floor":10,"turns":5},{"damage":0,"enemies":"Lagavulin","floor":11,"turns":6},{"damage":0,"enemies":"Looter","floor":12,"turns":2},{"damage":0,"enemies":"Gremlin Nob","floor":14,"turns":3},{"damage":0,"enemies":"The Guardian","floor":16,"turns":8},{"damage":0,"enemies":"Chosen","floor":18,"turns":4},{"damage":0,"enemies":"2 Thieves","floor":20,"turns":4},{"damage":0,"enemies":"Snake Plant","floor":21,"turns":2},{"damage":39,"enemies":"Gremlin Leader","floor":24,"turns":7},{"damage":0,"enemies":"Slavers","floor":27,"turns":5},{"damage":0,"enemies":"Cultist and Chosen","floor":31,"turns":4},{"damage":0,"enemies":"Champ","floor":33,"turns":7},{"damage":0,"enemies":"3 Darklings","floor":35,"turns":7},{"damage":0,"enemies":"Orb Walker","floor":36,"turns":3},{"damage":72,"enemies":"Orb Walker","floor":37,"turns":14}],"seed_played":"7998889789490647460","potions_obtained":[{"floor":10,"key":"Explosive Potion"},{"floor":11,"key":"Block Potion"},{"floor":16,"key":"ColorlessPotion"},{"floor":17,"key":"PowerPotion"},{"floor":18,"key":"PowerPotion"},{"floor":24,"key":"SpeedPotion"},{"floor":27,"key":"Fire Potion"},{"floor":31,"key":"GamblersBrew"},{"floor":35,"key":"GamblersBrew"},{"floor":36,"key":"Fire Potion"}],"is_trial":false,"path_per_floor":["M","?","M","?","M","R","E","M","T","M","E","M","R","?","R","B",null,"M","?","M","M","$","R","E","R","T","E","?","?","$","M","R","B",null,"M","M","?"],"character_chosen":"Hololive_HololiveCharacter","items_purchased":["Fruit Juice","CaptainsWheel","EntropicBrew"],"campfire_rested":0,"item_purchase_floors":[22,30,30],"current_hp_per_floor":[30,30,24,29,29,29,29,28,28,22,22,27,27,27,27,32,37,37,37,37,37,42,42,8,8,8,17,17,11,11,16,16,16,39,44,44,0,0],"gold":461,"neow_bonus":"REMOVE_TWO","is_daily":false,"chose_seed":false,"campfire_upgraded":6,"win_rate":0.0,"timestamp":1610957893,"path_taken":["M","?","M","?","M","R","E","M","T","M","E","?","R","?","R","BOSS","M","?","M","M","$","R","E","R","T","E","?","?","$","M","R","BOSS","M","M","?"],"items_purchased_type":["Potion","Relic","Potion"],"build_version":"2020-12-22","purchased_purges":2,"victory":false,"max_hp_per_floor":[32,32,32,32,32,32,32,32,32,32,32,32,32,32,32,32,37,37,37,37,37,42,42,42,42,42,42,42,47,47,47,47,47,47,47,47,47,47],"card_choices":[{"not_picked":["Hololive_CallMinatoAqua","Hololive_RevenueBasedLive","Hololive_HuntDinosaur"],"picked":"Hololive_Trident","floor":1},{"not_picked":["Hololive_Psychosis","Hololive_Sequa","Hololive_CallArtia"],"picked":"Hololive_CallAZKi","floor":3},{"not_picked":["Hololive_Sequa","Hololive_OvertimeWork","Hololive_Breathe"],"picked":"Hololive_DiamondStrike","floor":5},{"not_picked":["Hololive_StrengthChampion","Hololive_Trident","Hololive_CallDoris"],"picked":"Hololive_CallHoshimachiSuisei","floor":7},{"not_picked":["Hololive_Drill","Hololive_FlyingPonyTail","Hololive_Trident"],"picked":"Hololive_CallHimemoriLuna","floor":8},{"not_picked":["Hololive_CallAZKi","Hololive_Sequa","Hololive_Rebound"],"picked":"Hololive_FlyingPonyTail","floor":10},{"not_picked":["Hololive_CallNatsuiroMatsuri","Hololive_CocoNews","Hololive_Rebound","Hololive_HuntDinosaur"],"picked":"SKIP","floor":11},{"not_picked":["Hololive_Rebound","Hololive_CallHimemoriLuna","Hololive_HuntDinosaur"],"picked":"Hololive_LuckPotion","floor":12},{"not_picked":["Hololive_Sequa","Hololive_CallInugamiKorone","Hololive_Rebound"],"picked":"Hololive_Recruit","floor":14},{"not_picked":["Hololive_FlareMind","Hololive_DiamondStrike","Hololive_Recruit"],"picked":"Hololive_MaximGun","floor":16},{"not_picked":["Hololive_Sequa","Hololive_CallShiroganeNoel","Hololive_Psychosis"],"picked":"Hololive_CallInugamiKorone","floor":18},{"not_picked":["Hololive_Trident","Hololive_Rebound","Hololive_CocoNews"],"picked":"Hololive_CallTsunomakiWatame","floor":20},{"not_picked":["Hololive_Breathe","Hololive_CallYuzukiChoco","Hololive_CallKiryuuCoco"],"picked":"Hololive_Rebirth","floor":21},{"not_picked":["Hololive_CallMomosuzuNene","Hololive_Sequa","Hololive_OvertimeWork"],"picked":"Hololive_CallShirakamiFubuki","floor":24},{"not_picked":["Hololive_CallMomosuzuNene","Hololive_Trident+1","Hololive_OvertimeWork"],"picked":"Hololive_CallDoris","floor":27},{"not_picked":["Hololive_Psychosis","Hololive_StrengthChampion","Hololive_CallMinatoAqua"],"picked":"Hololive_FlyingPonyTail+1","floor":31},{"not_picked":["Hololive_ScarfAndHalo","Hololive_Nanodesu","Hololive_FlareMind"],"picked":"Hololive_Thief","floor":33},{"not_picked":["Hololive_Sequa","Hololive_Drill","Hololive_CallRoboco+1"],"picked":"Hololive_CallShishiroBotan+1","floor":35},{"not_picked":["Hololive_Breathe","Hololive_Rebound","Hololive_Drill+1","Hololive_Psychosis"],"picked":"SKIP","floor":36}],"player_experience":559354,"relics_obtained":[{"floor":7,"key":"War Paint"},{"floor":11,"key":"Toy Ornithopter"},{"floor":14,"key":"White Beast Statue"},{"floor":24,"key":"MawBank"},{"floor":26,"key":"Hololive_FriedShrimpLion"},{"floor":27,"key":"Kunai"}],"event_choices":[{"damage_healed":0,"gold_gain":0,"cards_transformed":["Hololive_CallYogiri"],"player_choice":"Change","damage_taken":0,"max_hp_gain":0,"max_hp_loss":0,"event_name":"Living Wall","floor":2,"gold_loss":0,"cards_obtained":["Hololive_CallSpadeEcho"]},{"cards_removed":["Hololive_Defend"],"damage_healed":5,"gold_gain":0,"player_choice":"Offered Special","damage_taken":0,"max_hp_gain":0,"max_hp_loss":0,"event_name":"Bonfire Elementals","floor":4,"gold_loss":0},{"damage_healed":0,"gold_gain":0,"player_choice":"Searched \u00271\u0027 times","damage_taken":0,"max_hp_gain":0,"max_hp_loss":0,"event_name":"Dead Adventurer","floor":14,"gold_loss":0},{"damage_healed":0,"gold_gain":0,"cards_transformed":["Hololive_Defend","Hololive_Breathe"],"player_choice":"Became Test Subject","damage_taken":0,"max_hp_gain":0,"max_hp_loss":0,"event_name":"Drug Dealer","floor":19,"gold_loss":0,"cards_obtained":["Hololive_Yoholoon","Hololive_CallMurasakiShion"]},{"damage_healed":0,"gold_gain":0,"player_choice":"¹ºÂòÉñ¾Æ","damage_taken":0,"relics_obtained":["ZunR:ReiMu"],"max_hp_gain":0,"max_hp_loss":0,"event_name":"ZunEvent","floor":28,"gold_loss":40},{"damage_healed":0,"gold_gain":0,"player_choice":"Shed Blood","damage_taken":11,"max_hp_gain":5,"max_hp_loss":0,"event_name":"Forgotten Altar","floor":29,"gold_loss":0}],"is_beta":false,"boss_relics":[{"not_picked":["AddBug","Hololive_ChaosS"],"picked":"Tiny House"},{"not_picked":["EasyGame_NEW","Velvet Choker"],"picked":"Coffee Dripper"}],"items_purged_floors":[22,30],"is_endless":false,"potions_floor_spawned":[10,11,12,16,18,20,21,24,27,31,33,35,36],"killed_by":"Orb Walker","ascension_level":13}}