{"host":"3j2m8n0ywf988fwb","time":1610956949,"event":{"mods":["2.2 Compatiblity","AchievementEnabler","Aspiration","BaseMod","Bestiary","Better Altar","Better Match","Better Note","Better Sensory Stone","Better Skull","Better Third Choice","CCEM","Colored Map","Colored Powertips","Dark Map","Googly Eyes","Halation","HexUI Lib","Highlight Path","Hubris","Infinite Spire","Jedi Mod","Marked Mod","Mimic Mod","Minty Spire (QoL Compilation)","Random Character Button","Relic Stats","Replay The Spire","Shop Mod","StS++","StSLib","Unceasing Turn Reminder","everything is the same but u backflip on backflip"],"gold_per_floor":[117,117,128,128,128,128,161,161,184,309,329,294,80,40,40,141,535,535,535,535,535,535,535,535,535,535,535,535,535,535],"floor_reached":29,"language":"ENG","playtime":896,"items_purged":["Hallucinations"],"score":385,"play_id":"524fe372-50b9-48a6-b532-e9a44472ae01","local_time":"20210118020229","is_ascension_mode":true,"campfire_choices":[{"data":"Bash","floor":6,"key":"SMITH"},{"data":"Feed","floor":15,"key":"SMITH"},{"data":"Havoc","floor":23,"key":"SMITH"}],"circlet_count":0,"master_deck":["Strike_R","Strike_R","Strike_R","Strike_R","Strike_R","Defend_R","Defend_R","Defend_R","Defend_R","Bash+1","Clash","Pommel Strike","ReplayTheSpireMod:Strike From Hell","Feed+1","Anger","Havoc+1","ReplayTheSpireMod:Strike From Hell","StSpp:Succumb"],"relics":["Burning Blood","Bronze Scales","CultistMask","ReplayTheSpireMod:Ring of Collecting","ReplayTheSpireMod:Ring of Addiction","hubris:EmptyBottle","Chameleon Ring","hubris:Icosahedron","Pen Nib","hubris:TenFootPole","halation:AfternoonTea","Blue Doll","ReplayTheSpireMod:Ring of Exchange","Sundial","jedi:ominousloannote","halation:EternalFortune","MealTicket","Ring of Hypnosis","CCEMRelics:JestersCrown","Magic Flower"],"acts_visited":["Exordium","TheCity"],"potions_floor_usage":[7,10,14,16,22,24,27,29],"damage_taken":[{"damage":4,"enemies":"2 Louse","floor":1,"turns":3},{"damage":1,"enemies":"Cultist","floor":3,"turns":3},{"damage":0,"enemies":"Gremlin Nob","floor":7,"turns":2},{"damage":15,"enemies":"3 Sentries","floor":10,"turns":6},{"damage":7,"enemies":"Jaw Worm","floor":11,"turns":2},{"damage":1,"enemies":"Looter","floor":14,"turns":3},{"damage":33,"enemies":"Hexaghost","floor":16,"turns":7},{"damage":22,"enemies":"Spheric Guardian","floor":18,"turns":4},{"damage":7,"enemies":"Chosen","floor":21,"turns":4},{"damage":0,"enemies":"Centurion and Healer","floor":22,"turns":2},{"damage":0,"enemies":"Book of Stabbing","floor":24,"turns":2},{"damage":42,"enemies":"Gremlin Leader","floor":27,"turns":6},{"damage":15,"enemies":"3 Cultists","floor":28,"turns":5},{"damage":60,"enemies":"Nightmare","floor":29,"turns":7}],"seed_played":"-795712945358623099","potions_obtained":[{"floor":1,"key":"Fire Potion"},{"floor":4,"key":"jedi:StrikingPotion"},{"floor":4,"key":"AttackPotion"},{"floor":14,"key":"SpeedPotion"},{"floor":16,"key":"ColorlessPotion"},{"floor":21,"key":"BlessingOfTheForge"},{"floor":25,"key":"FearPotion"}],"is_trial":false,"path_per_floor":["M","?","M","?","?","R","E","?","T","E","M","?","$","M","R","B",null,"M","?","?","M","M","R","E","R","T","E","M","NM"],"character_chosen":"IRONCLAD","items_purchased":["Feed"],"campfire_rested":0,"item_purchase_floors":[13],"current_hp_per_floor":[80,80,80,80,80,80,80,41,41,32,31,51,51,56,56,29,78,66,66,69,71,81,81,90,90,90,54,54,0,0],"gold":535,"neow_bonus":"RANDOM_COMMON_RELIC","is_daily":false,"chose_seed":false,"campfire_upgraded":3,"win_rate":0.0,"timestamp":1610956949,"path_taken":["M","?","?","?","?","R","E","?","T","E","?","?","?","M","R","BOSS","M","?","?","?","M","R","E","R","T","E","M","NM"],"items_purchased_type":["Card"],"build_version":"2020-12-22","purchased_purges":1,"victory":false,"max_hp_per_floor":[80,80,80,80,80,80,80,80,80,80,80,80,80,78,78,78,78,82,82,83,86,90,90,90,90,90,90,94,94,94],"relic_stats":{"counters":[14,56],"Sundial":[6],"Bronze Scales":[119],"Magic Flower":[5],"MealTicket":0,"Pen Nib":[13],"obtain_stats":[{"ReplayTheSpireMod:Ring of Exchange":9,"Ring of Hypnosis":26,"ReplayTheSpireMod:Ring of Addiction":4,"Magic Flower":27,"Blue Doll":8,"Pen Nib":7,"hubris:EmptyBottle":4,"Burning Blood":0,"Chameleon Ring":4,"hubris:Icosahedron":5,"Sundial":10,"jedi:ominousloannote":17,"Bronze Scales":0,"ReplayTheSpireMod:Ring of Collecting":4,"halation:EternalFortune":20,"MealTicket":24,"CultistMask":2,"hubris:TenFootPole":8,"halation:AfternoonTea":8,"CCEMRelics:JestersCrown":26},{"ReplayTheSpireMod:Ring of Exchange":3,"Ring of Hypnosis":11,"ReplayTheSpireMod:Ring of Addiction":2,"Magic Flower":12,"Blue Doll":3,"Pen Nib":3,"hubris:EmptyBottle":2,"Burning Blood":0,"Chameleon Ring":2,"hubris:Icosahedron":2,"Sundial":4,"jedi:ominousloannote":7,"Bronze Scales":0,"ReplayTheSpireMod:Ring of Collecting":2,"halation:EternalFortune":8,"MealTicket":11,"CultistMask":1,"hubris:TenFootPole":3,"halation:AfternoonTea":3,"CCEMRelics:JestersCrown":11},{"ReplayTheSpireMod:Ring of Exchange":8,"Ring of Hypnosis":38,"ReplayTheSpireMod:Ring of Addiction":6,"Magic Flower":44,"Blue Doll":8,"Pen Nib":8,"hubris:EmptyBottle":6,"Burning Blood":0,"Chameleon Ring":6,"hubris:Icosahedron":6,"Sundial":14,"jedi:ominousloannote":26,"Bronze Scales":0,"ReplayTheSpireMod:Ring of Collecting":6,"halation:EternalFortune":30,"MealTicket":38,"CultistMask":3,"hubris:TenFootPole":8,"halation:AfternoonTea":8,"CCEMRelics:JestersCrown":38}],"Burning Blood":62},"card_choices":[{"not_picked":["Shrug It Off","Sword Boomerang","hubris:ReadiedAction"],"picked":"SKIP","floor":1},{"not_picked":["Armaments","Sever Soul"],"picked":"Clash","floor":3},{"not_picked":["ReplayTheSpireMod:Corrosion Curse","StSpp:Vengeance"],"picked":"Pommel Strike","floor":7},{"not_picked":["Sword Boomerang","Iron Wave","Perfected Strike"],"picked":"SKIP","floor":10},{"not_picked":["Sword Boomerang","Wild Strike"],"picked":"ReplayTheSpireMod:Strike From Hell","floor":11},{"not_picked":["Iron Wave","ReplayTheSpireMod:Strike From Hell"],"picked":"Anger","floor":14},{"not_picked":["Thunderclap","Body Slam","StSpp:Sprint"],"picked":"SKIP","floor":18},{"not_picked":["Pummel+1","StSpp:Sprint"],"picked":"Havoc","floor":21},{"not_picked":["Armaments","Battle Trance","Thunderclap+1"],"picked":"SKIP","floor":22},{"not_picked":["Wild Strike","Heavy Blade"],"picked":"ReplayTheSpireMod:Strike From Hell","floor":24},{"not_picked":["Thunderclap","Body Slam"],"picked":"StSpp:Succumb","floor":27},{"not_picked":["StSpp:Succumb","Twin Strike","True Grit+1"],"picked":"SKIP","floor":28}],"player_experience":756724,"relics_obtained":[{"floor":4,"key":"ReplayTheSpireMod:Ring of Collecting"},{"floor":4,"key":"ReplayTheSpireMod:Ring of Addiction"},{"floor":4,"key":"hubris:EmptyBottle"},{"floor":4,"key":"Chameleon Ring"},{"floor":7,"key":"Pen Nib"},{"floor":9,"key":"ReplayTheSpireMod:Ring of Exchange"},{"floor":10,"key":"Sundial"},{"floor":21,"key":"halation:EternalFortune"},{"floor":24,"key":"MealTicket"},{"floor":26,"key":"Ring of Hypnosis"},{"floor":26,"key":"CCEMRelics:JestersCrown"},{"floor":27,"key":"Magic Flower"}],"event_choices":[{"damage_healed":0,"gold_gain":0,"player_choice":"Trade","damage_taken":0,"relics_obtained":["CultistMask"],"max_hp_gain":0,"max_hp_loss":0,"event_name":"FaceTrader","floor":2,"gold_loss":0},{"damage_healed":0,"gold_gain":0,"player_choice":"RE RE RE ","damage_taken":67,"relics_obtained":["hubris:TenFootPole","halation:AfternoonTea","Blue Doll"],"max_hp_gain":0,"max_hp_loss":0,"event_name":"betterSkull:BetterSkull","floor":8,"gold_loss":0,"cards_upgraded":[]},{"damage_healed":20,"gold_gain":0,"player_choice":"Healed","damage_taken":0,"max_hp_gain":0,"max_hp_loss":0,"event_name":"The Cleric","floor":12,"gold_loss":35},{"cards_removed":["Feed"],"damage_healed":0,"gold_gain":0,"player_choice":"Give","damage_taken":0,"max_hp_gain":0,"max_hp_loss":0,"event_name":"betterNote:BetterNote","floor":19,"gold_loss":0,"cards_obtained":["Cleave"]}],"is_beta":false,"boss_relics":[{"not_picked":["hubris:BlackHole","halation:TrafficLight"],"picked":"jedi:ominousloannote"}],"items_purged_floors":[13],"is_endless":false,"potions_floor_spawned":[1,7,14,16,21,27],"killed_by":"Nightmare","ascension_level":4}}