{"host":"jft3vy2l4n4npizy","time":1610958305,"event":{"mods":["BaseMod","Bestiary","Energized Spire","Highlight Path","Marisa（F雨　魔理沙）","Minty Spire (QoL Compilation)","Quick Restart","StSLib","TestMod","The Bladedancer","The Servant 0.9.4","Youmu（魂魄妖梦）","Yuri Mod","vexMod"],"gold_per_floor":[112,212,11,22,40,40,93,93,118,155,155,155,169,210,210,307,307,348,273,673,685,645,645,689,709,733,745,335,434,434,434,434,561,561,576,551,551,551,551,551,570,231,231,264,264,291,309,319,319,319],"floor_reached":51,"language":"ZHS","playtime":1230,"items_purged":["Strike_MRS"],"score":969,"play_id":"df8e8075-3272-41bf-ac31-b070f3e44d4e","local_time":"20210118162505","is_ascension_mode":true,"campfire_choices":[{"data":"WitchOfGreed","floor":6.0,"key":"SMITH"},{"data":"Acceleration","floor":8.0,"key":"SMITH"},{"data":"DeepEcoloBomb","floor":15.0,"key":"SMITH"},{"data":"EarthLightRay","floor":23.0,"key":"SMITH"},{"floor":30.0,"key":"REST"},{"floor":32.0,"key":"REST"},{"data":"MillisecondPulsars","floor":40,"key":"SMITH"},{"floor":45,"key":"REST"},{"floor":49,"key":"REST"}],"circlet_count":0,"master_deck":["Strike_MRS+1","Defend_MRS","Defend_MRS","Defend_MRS","Defend_MRS","MasterSpark","UpSweep","Acceleration+1","WitchOfGreed+1","Orbital+1","DeepEcoloBomb+1","JA+1","WitchLeyline","MillisecondPulsars+1","AsteroidBelt+1","EarthLightRay+1","WitchLeyline+1","SuperPerseids","WitchLeyline","WitchLeyline+1","Impatience","testmod-Wormhole","DarkMatter+1"],"relics":["MiniHakkero","testmod-ConstraintPeriapt","NeowsBlessing","HandDrill","Pen Nib","energizedSpire:RedRose","vexMod:BarristanHead","Dream Catcher","Bronze Scales","MutagenicStrength","ExperimentalFamiliar","NeowsBlessing","Bag of Preparation","testmod-Justice","Bird Faced Urn","Smiling Mask"],"acts_visited":["Exordium","TheCity","TheBeyond"],"potions_floor_usage":[50,50],"damage_taken":[{"damage":0.0,"enemies":"2 Louse","floor":1.0,"turns":1.0},{"damage":0.0,"enemies":"Cultist","floor":4.0,"turns":1.0},{"damage":0.0,"enemies":"Small Slimes","floor":5.0,"turns":1.0},{"damage":22.0,"enemies":"3 Sentries","floor":7.0,"turns":3.0},{"damage":0.0,"enemies":"Blue Slaver","floor":10.0,"turns":2.0},{"damage":9.0,"enemies":"Red Slaver","floor":13.0,"turns":2.0},{"damage":4.0,"enemies":"Large Slime","floor":14.0,"turns":3.0},{"damage":21.0,"enemies":"The Guardian","floor":16.0,"turns":6.0},{"damage":9.0,"enemies":"Chosen","floor":18.0,"turns":3.0},{"damage":1.0,"enemies":"Spheric Guardian","floor":21.0,"turns":1.0},{"damage":18.0,"enemies":"Snecko","floor":24.0,"turns":3.0},{"damage":7.0,"enemies":"Chosen and Byrds","floor":25.0,"turns":2.0},{"damage":26.0,"enemies":"Snake Plant","floor":27.0,"turns":2.0},{"damage":40.0,"enemies":"Automaton","floor":33.0,"turns":5.0},{"damage":3,"enemies":"3 Shapes","floor":35,"turns":2},{"damage":2,"enemies":"3 Darklings","floor":41,"turns":1},{"damage":1,"enemies":"Nemesis","floor":44,"turns":1},{"damage":1,"enemies":"Maw","floor":47,"turns":1},{"damage":9,"enemies":"Sphere and 2 Shapes","floor":48,"turns":2},{"damage":59,"enemies":"Time Eater","floor":50,"turns":3}],"seed_played":"-6243659465205331595","potions_obtained":[{"floor":4.0,"key":"AttackPotion"},{"floor":7.0,"key":"Swift Potion"},{"floor":7.0,"key":"Weak Potion"},{"floor":21.0,"key":"AttackPotion"},{"floor":24.0,"key":"SteroidPotion"},{"floor":33.0,"key":"LiquidMemories"},{"floor":33.0,"key":"SkillPotion"},{"floor":47,"key":"BottledSpark"}],"is_trial":false,"path_per_floor":["M","?","$","M","M","R","E","R","T","M","?","?","M","M","R","B",null,"M","?","?","M","?","R","M","M","T","M","$","?","R","?","R","B",null,"M","?","?","?","?","R","M","$","T","E","R","T","M","M","R","B",null],"character_chosen":"MARISA","items_purchased":["HandDrill","WitchOfGreed","WitchLeyline","Dream Catcher","Bronze Scales","Bag of Preparation","testmod-Wormhole"],"campfire_rested":4,"item_purchase_floors":[3,3,28,28,28,42,42],"current_hp_per_floor":[68,68,68,68,69,69,51,51,51,54,39,39,31,31,31,21,62,60,60,60,61,61,61,53,51,51,34,34,34,56,56,75,49,69,70,70,70,70,70,70,69,69,69,68,75,75,74,75,75,30],"gold":319,"neow_bonus":"THREE_ENEMY_KILL","is_daily":false,"chose_seed":false,"campfire_upgraded":5,"win_rate":0.0,"timestamp":1610958305,"path_taken":["M","?","$","M","?","R","E","R","T","?","?","?","?","M","R","BOSS","M","?","?","M","?","R","M","?","T","M","$","?","R","?","R","BOSS","M","?","?","?","?","R","?","$","T","E","R","?","?","M","R","BOSS"],"items_purchased_type":["Relic","Card","Card","Relic","Relic","Relic","Card"],"build_version":"2020-12-22","purchased_purges":1,"victory":true,"max_hp_per_floor":[75,75,75,75,75,75,75,75,75,75,75,75,75,75,75,75,75,75,75,75,75,75,75,75,75,75,75,75,75,75,75,75,75,75,75,75,75,75,75,75,75,75,75,75,75,75,75,75,75,75],"card_choices":[{"not_picked":["DoubleSpark","LuminesStrike"],"picked":"Acceleration","floor":1.0},{"not_picked":["OrrerysSun","OneTimeOff"],"picked":"Orbital","floor":4.0},{"not_picked":["MilkyWay","DC"],"picked":"DeepEcoloBomb","floor":5.0},{"not_picked":["OneTimeOff","ChargingUp"],"picked":"SuperPerseids","floor":7.0},{"not_picked":["Singularity","EnergyFlow"],"picked":"JA","floor":10.0},{"not_picked":["ChargeUpSpray","OortCloud","BlazeAway"],"picked":"SKIP","floor":13.0},{"not_picked":["PowerUp","IllusionStar"],"picked":"WitchLeyline","floor":14.0},{"not_picked":["SatelliteIllusion","CasketOfStar"],"picked":"MillisecondPulsars","floor":16.0},{"not_picked":["PowerUp","ChargeUpSpray+1"],"picked":"AsteroidBelt+1","floor":18.0},{"not_picked":["IllusionStar","Acceleration+1"],"picked":"EarthLightRay","floor":21.0},{"not_picked":["ShootingEcho","MysteriousBeam"],"picked":"WitchLeyline+1","floor":24.0},{"not_picked":["CollectingQuirk","ShootingEcho","SporeBomb"],"picked":"SKIP","floor":25.0},{"not_picked":["SporeBomb","MilkyWay"],"picked":"SuperPerseids","floor":27.0},{"not_picked":["GalacticHalo+1","MilkyWay"],"picked":"WitchLeyline+1","floor":32.0},{"not_picked":["DarkSpark+1","LuminesStrike+1","ManaConvection"],"picked":"SKIP","floor":35},{"not_picked":["Madness","testmod-Reverberation"],"picked":"Impatience","floor":38},{"not_picked":["EnergyFlow+1","Acceleration+1","GravityBeat+1"],"picked":"SKIP","floor":41},{"not_picked":["GravityBeat","AlicesGift"],"picked":"DarkMatter+1","floor":44},{"not_picked":["LuminesStrike+1","Acceleration+1","IllusionStar"],"picked":"SKIP","floor":47},{"not_picked":["DeepEcoloBomb","NonDirectionalLaser","Occultation+1"],"picked":"SKIP","floor":48}],"player_experience":59917,"relics_obtained":[{"floor":7.0,"key":"Pen Nib"},{"floor":26.0,"key":"vexMod:BarristanHead"},{"floor":43,"key":"testmod-Justice"},{"floor":44,"key":"Bird Faced Urn"},{"floor":46,"key":"Smiling Mask"}],"event_choices":[{"damage_healed":0.0,"max_hp_gain":0.0,"max_hp_loss":0.0,"gold_gain":100.0,"event_name":"Wheel of Change","player_choice":"Gold","floor":2.0,"gold_loss":0.0,"damage_taken":0.0},{"damage_healed":0.0,"max_hp_gain":0.0,"max_hp_loss":0.0,"gold_gain":0.0,"event_name":"Shining Light","player_choice":"Entered Light","floor":11.0,"gold_loss":0.0,"damage_taken":15.0,"cards_upgraded":["Orbital","JA"]},{"cards_removed":["Strike_MRS"],"damage_healed":0.0,"max_hp_gain":0.0,"max_hp_loss":0.0,"gold_gain":0.0,"event_name":"Bonfire Elementals","player_choice":"Offered Basic","floor":12.0,"gold_loss":0.0,"damage_taken":0.0},{"cards_removed":["Strike_MRS"],"damage_healed":0.0,"max_hp_gain":0.0,"max_hp_loss":0.0,"gold_gain":0.0,"event_name":"Beggar","player_choice":"Gave Gold","floor":19.0,"gold_loss":75.0,"damage_taken":0.0},{"damage_healed":0.0,"max_hp_gain":0.0,"max_hp_loss":0.0,"gold_gain":400.0,"event_name":"恩洛斯的盘子","player_choice":"Sell","floor":20.0,"relics_lost":["testmod-TestBox"],"gold_loss":0.0,"damage_taken":0.0},{"damage_healed":0.0,"max_hp_gain":0.0,"max_hp_loss":0.0,"gold_gain":0.0,"event_name":"Designer","player_choice":"Upgraded Two","floor":22.0,"gold_loss":40.0,"damage_taken":0.0,"cards_upgraded":["SuperPerseids","Strike_MRS"]},{"damage_healed":0.0,"max_hp_gain":0.0,"max_hp_loss":0.0,"gold_gain":99.0,"event_name":"Nest","player_choice":"Stole From Cult","floor":29.0,"gold_loss":0.0,"damage_taken":0.0},{"damage_healed":0.0,"max_hp_gain":0.0,"max_hp_loss":0.0,"gold_gain":0.0,"event_name":"Drug Dealer","player_choice":"Inject Mutagens","floor":31.0,"gold_loss":0.0,"damage_taken":0.0,"relics_obtained":["MutagenicStrength"]},{"cards_removed":["SuperPerseids"],"damage_healed":0,"gold_gain":0,"player_choice":"Removed Skill","damage_taken":0,"max_hp_gain":0,"max_hp_loss":0,"event_name":"Falling","floor":37,"gold_loss":0},{"damage_healed":0,"gold_gain":0,"player_choice":"Memory 1","damage_taken":0,"max_hp_gain":0,"max_hp_loss":0,"event_name":"SensoryStone","floor":38,"gold_loss":0},{"damage_healed":0,"gold_gain":0,"player_choice":"Swap Relic","damage_taken":0,"relics_obtained":["NeowsBlessing"],"max_hp_gain":0,"max_hp_loss":0,"event_name":"给自己的盒子","floor":39,"relics_lost":["vexMod:MysteryBossChallenge"],"gold_loss":0}],"is_beta":false,"boss_relics":[{"not_picked":["energizedSpire:StickyHand","RampagingMagicTools"],"picked":"energizedSpire:RedRose"},{"not_picked":["Pandora\u0027s Box","BewitchedHakkero"],"picked":"vexMod:MysteryBossChallenge"}],"items_purged_floors":[28],"is_endless":false,"potions_floor_spawned":[4,7,10,14,21,25,33,47,48],"ascension_level":7}}