{"host":"03m7b8d5u2ige8va","time":1610956562,"event":{"mods":["BaseMod","Downfall","Minty Spire (QoL Compilation)","StSLib","SuperFastMode"],"gold_per_floor":[99,112,112,131,131,162,162,147,147,147,57,72,72,87,104,202,202,202,202,11,29,74,74,74,88,188,221,221,221,221],"floor_reached":28,"language":"ZHS","playtime":1469,"items_purged":["Guardian:Defend_Guardian","Guardian:Strike_Guardian+1"],"score":234,"play_id":"3fbf1654-0284-4bab-899e-5e60169eb29c","local_time":"20210118155602","is_ascension_mode":false,"campfire_choices":[{"data":"Guardian:CurlUp","floor":1,"key":"SMITH"},{"floor":9,"key":"REST"},{"data":"Guardian:CrystalBeam","floor":13,"key":"SMITH"},{"data":"Guardian:FloatingOrbs","floor":18,"key":"SMITH"}],"circlet_count":0,"master_deck":["Guardian:Strike_Guardian+1","Guardian:Strike_Guardian+1","Guardian:Strike_Guardian+1","Guardian:Defend_Guardian+1","Guardian:Defend_Guardian+1","Guardian:Defend_Guardian+1","Guardian:CurlUp+1","Guardian:TwinSlam+1","Guardian:WalkerClaw","Guardian:WalkerClaw","Guardian:CrystalBeam+1","Guardian:PrismaticBeam","Guardian:FloatingOrbs+1","Guardian:Orbwalk","Guardian:FierceBash","Guardian:Reroute","Mayhem","Guardian:Planning","Guardian:PrismaticBeam","Guardian:Gem_Red","Guardian:Incinerate","Guardian:Gem_Blue","Guardian:ShieldSpikes","Guardian:Gem_Red"],"relics":["Guardian:ModeShifter","Whetstone","Guardian:PickAxe","Centennial Puzzle","Letter Opener","Omamori","Sozu","Guardian:BottledStasis","Ornamental Fan","Toy Ornithopter","Shuriken"],"acts_visited":["Exordium","TheCity"],"potions_floor_usage":[16],"damage_taken":[{"damage":6,"enemies":"Cultist","floor":2,"turns":4},{"damage":8,"enemies":"Cultist","floor":3,"turns":5},{"damage":3,"enemies":"Small Slimes","floor":4,"turns":3},{"damage":22,"enemies":"3 Sentries","floor":6,"turns":8},{"damage":0,"enemies":"downfall:FleeingMerchant","floor":8,"turns":4},{"damage":7,"enemies":"downfall:FleeingMerchant","floor":11,"turns":4},{"damage":5,"enemies":"2 Louse","floor":12,"turns":2},{"damage":7,"enemies":"Blue Slaver","floor":14,"turns":2},{"damage":10,"enemies":"Exordium Thugs","floor":15,"turns":3},{"damage":18,"enemies":"IC_STATUS_ARCHETYPE","floor":16,"turns":6},{"damage":20,"enemies":"downfall:FleeingMerchant","floor":20,"turns":4},{"damage":12,"enemies":"Shell Parasite","floor":21,"turns":4},{"damage":17,"enemies":"downfall:FleeingMerchant","floor":22,"turns":4},{"damage":0,"enemies":"Chosen","floor":23,"turns":1},{"damage":18,"enemies":"Snake Plant","floor":25,"turns":3},{"damage":0,"enemies":"downfall:LadyInBlue","floor":26,"turns":5},{"damage":4,"enemies":"Book of Stabbing","floor":27,"turns":4},{"damage":16,"enemies":"Centurion and Healer","floor":28,"turns":3}],"seed_played":"2433610755849863448","potions_obtained":[{"floor":6,"key":"LiquidMemories"},{"floor":14,"key":"EntropicBrew"},{"floor":15,"key":"BlessingOfTheForge"}],"is_trial":false,"path_per_floor":["R","M","?","M","?","E","T","$","R","T","$","M","R","M","M","B",null,"R","?","$","M","$","M","T","M","?","E","M"],"character_chosen":"GUARDIAN","items_purchased":["Mayhem","Guardian:Gem_Red","Guardian:BottledStasis"],"campfire_rested":1,"item_purchase_floors":[20,22,22],"current_hp_per_floor":[80,74,54,51,51,29,29,29,53,53,46,41,41,34,24,6,80,80,80,60,48,31,31,31,13,13,9,0,0,0],"gold":221,"neow_bonus":"RANDOM_COMMON_RELIC","is_daily":false,"chose_seed":false,"campfire_upgraded":3,"win_rate":0.0,"timestamp":1610956562,"path_taken":["R","?","?","M","?","E","T","$","R","?","$","M","R","M","M","BOSS","R","?","$","M","?","M","T","M","?","E","?"],"items_purchased_type":["Card","Card","Relic"],"build_version":"2020-12-22","purchased_purges":2,"victory":false,"max_hp_per_floor":[80,80,80,80,80,80,80,80,80,80,80,80,80,80,80,80,80,80,80,80,80,80,80,80,80,80,80,80,80,80],"card_choices":[{"not_picked":["Guardian:Incinerate","Guardian:Suspension"],"picked":"Guardian:WalkerClaw","floor":2},{"not_picked":["Guardian:BodySlam","Guardian:ChargeCore"],"picked":"Guardian:WalkerClaw","floor":4},{"not_picked":["Guardian:PrimingBeam","Guardian:Planning"],"picked":"Guardian:Gem_Synthetic","floor":6},{"not_picked":["Guardian:ShieldCharger","Guardian:Gem_Green"],"picked":"Guardian:Gem_Crimson","floor":8},{"not_picked":["Guardian:Gem_Purple","Guardian:Gem_Lightblue"],"picked":"Guardian:CrystalBeam","floor":11},{"not_picked":["Guardian:Reroute","Guardian:RollAttack"],"picked":"Guardian:PrismaticBeam","floor":12},{"not_picked":["Guardian:PrimingBeam","Guardian:TemporalShield"],"picked":"Guardian:FloatingOrbs","floor":14},{"not_picked":["Guardian:RollAttack","Guardian:WalkerClaw"],"picked":"Guardian:Orbwalk","floor":15},{"not_picked":["Guardian:SphericShield","Guardian:HyperBeam_Guardian"],"picked":"Guardian:FierceBash","floor":16},{"not_picked":["Guardian:Gem_Lightblue","Guardian:BodySlam"],"picked":"Guardian:Reroute","floor":20},{"not_picked":["Guardian:Harden+1","Guardian:WalkerClaw"],"picked":"Guardian:Planning","floor":21},{"not_picked":["Guardian:PrimingBeam+1","Guardian:Recover"],"picked":"Guardian:PrismaticBeam","floor":22},{"not_picked":["Guardian:WalkerClaw","Guardian:GuardianWhirl"],"picked":"Guardian:Incinerate","floor":23},{"not_picked":["Guardian:Gem_Lightblue","Guardian:PolyBeam+1"],"picked":"Guardian:Gem_Blue","floor":25},{"not_picked":["Guardian:AncientConstruct","Guardian:Planning+1"],"picked":"Guardian:ShieldSpikes","floor":26},{"not_picked":["Guardian:Gem_Yellow","Guardian:TemporalStrike+1"],"picked":"Guardian:Gem_Red","floor":27}],"player_experience":339775,"relics_obtained":[{"floor":6,"key":"Centennial Puzzle"},{"floor":7,"key":"Letter Opener"},{"floor":10,"key":"Omamori"},{"floor":24,"key":"Ornamental Fan"},{"floor":26,"key":"Toy Ornithopter"},{"floor":27,"key":"Shuriken"}],"event_choices":[],"is_beta":false,"boss_relics":[{"not_picked":["Empty Cage","Snecko Eye"],"picked":"Sozu"}],"items_purged_floors":[11,22],"is_endless":false,"potions_floor_spawned":[3,6,14,15,25,26,27],"killed_by":"Centurion and Healer","ascension_level":0}}