{"host":"92108ef2q9tm8rod","time":1610975822,"event":{"mods":["BaseMod","Defuse TimeMaze Blight","Minty Spire (QoL Compilation)","StSLib","The Jungle"],"gold_per_floor":[110,120,120,195,40,40,54,54,54,64,94,94,120,138,138,241,241,255,255,30,47,65,65,99,99,99,99,99,111,138,138,138,261,261,277,295,310,310,166,196,196,196,222,254,254,266,266,266,266,266],"floor_reached":51,"language":"ENG","playtime":2786,"items_purged":["Steam"],"score":1051,"play_id":"9e8918b2-8918-4550-b51d-780db5f43191","local_time":"20210118131702","daily_mods":["Insanity","Vintage","ControlledChaos","Colorless Cards","Heirloom"],"is_ascension_mode":false,"campfire_choices":[{"data":"Forethought","floor":6,"key":"SMITH"},{"data":"Madness","floor":8,"key":"SMITH"},{"data":"Darkness","floor":15,"key":"SMITH"},{"data":"Bandage Up","floor":23,"key":"SMITH"},{"data":"Steam Power","floor":25,"key":"SMITH"},{"data":"Stack","floor":27,"key":"SMITH"},{"data":"Rip and Tear","floor":32,"key":"SMITH"}],"circlet_count":0,"master_deck":["Compile Driver+1","Go for the Eyes+1","Conserve Battery+1","Leap+1","Stack+1","Conserve Battery+1","Barrage+1","Leap+1","Melter+1","Streamline+1","Streamline+1","BootSequence+1","Bandage Up+1","Leap+1","Sweeping Beam+1","Compile Driver+1","Gash+1","Rip and Tear+1","Good Instincts+1","Redo+1","Darkness+1","Static Discharge+1","FTL+1","Compile Driver+1","Steam Power+1","Sweeping Beam+1","Coolheaded+1","Beam Cell+1","Gash+1","Go for the Eyes+1","Rebound+1","Redo+1","Compile Driver+1","Redo+1","Leap+1","Forethought+1","Coolheaded+1","Doom and Gloom+1","Conserve Battery+1","BootSequence+1","Trip+1","Steam+1","Stack+1","Stack+1","Barrage+1","Coolheaded+1","Madness+1","Steam+1"],"relics":["Cracked Core","Frozen Eye","StoneCalendar","Mummified Hand","StrikeDummy","Centennial Puzzle","Bronze Scales","Incense Burner","Strawberry","WingedGreaves","Pen Nib","Potion Belt","Coffee Dripper","PreservedInsect","Blood Vial","Eternal Feather","War Paint","DataDisk","Shuriken","Boot","Gremlin Horn","Singing Bowl","Fusion Hammer","Akabeko","Smiling Mask","Bottled Tornado","Omamori","Art of War","Lantern","Bag of Preparation","Mark of the Bloom","Vajra"],"acts_visited":["Exordium","Exordium","TheBeyond"],"potions_floor_usage":[13,16,16,24,30,44,44,50,50],"damage_taken":[{"damage":0,"enemies":"Small Slimes","floor":1,"turns":4},{"damage":0,"enemies":"Cultist","floor":2,"turns":2},{"damage":3,"enemies":"Jaw Worm","floor":7,"turns":4},{"damage":0,"enemies":"3 Louse","floor":10,"turns":2},{"damage":0,"enemies":"Lagavulin","floor":11,"turns":5},{"damage":7,"enemies":"3 Sentries","floor":13,"turns":5},{"damage":3,"enemies":"Blue Slaver","floor":14,"turns":3},{"damage":10,"enemies":"Hexaghost","floor":16,"turns":6},{"damage":9,"enemies":"Shell Parasite","floor":18,"turns":4},{"damage":2,"enemies":"theJungle:MUSHROOMGANG","floor":21,"turns":3},{"damage":0,"enemies":"theJungle:SlimyTreeVines","floor":22,"turns":5},{"damage":0,"enemies":"theJungle:2_Phrogs","floor":24,"turns":5},{"damage":7,"enemies":"theJungle:2_Flameangoes","floor":29,"turns":5},{"damage":20,"enemies":"theJungle:Cassacara","floor":30,"turns":5},{"damage":2,"enemies":"theJungle:TotemBoss","floor":33,"turns":8},{"damage":18,"enemies":"3 Darklings","floor":35,"turns":4},{"damage":6,"enemies":"Orb Walker","floor":36,"turns":3},{"damage":1,"enemies":"4 Shapes","floor":37,"turns":3},{"damage":38,"enemies":"Nemesis","floor":40,"turns":5},{"damage":9,"enemies":"Reptomancer","floor":44,"turns":5},{"damage":0,"enemies":"Sphere and 2 Shapes","floor":46,"turns":2},{"damage":0,"enemies":"Awakened One","floor":50,"turns":7}],"seed_played":"-2213644487228522208","potions_obtained":[{"floor":7,"key":"Explosive Potion"},{"floor":10,"key":"PowerPotion"},{"floor":14,"key":"Strength Potion"},{"floor":21,"key":"Strength Potion"},{"floor":22,"key":"AttackPotion"},{"floor":24,"key":"LiquidMemories"},{"floor":29,"key":"Fire Potion"},{"floor":36,"key":"Energy Potion"},{"floor":40,"key":"DistilledChaos"},{"floor":44,"key":"Fruit Juice"}],"is_trial":true,"path_per_floor":["M","M","?","?","$","R","M","R","T","M","E","?","E","M","R","B",null,"M","?","$","M","M","R","E","R","T","R","T","M","E","?","R","B",null,"M","M","M","?","$","E","R","?","T","E","?","M","R","?","R","B",null],"character_chosen":"DEFECT","items_purchased":["Centennial Puzzle","Blood Vial","Omamori"],"campfire_rested":0,"item_purchase_floors":[5,20,39],"current_hp_per_floor":[75,75,75,64,64,64,65,65,65,72,72,82,79,79,79,69,82,73,82,82,80,82,82,82,82,82,82,82,81,64,64,84,84,86,68,64,71,71,71,43,70,70,70,70,70,70,70,70,70,70],"gold":266,"neow_bonus":"","is_daily":false,"chose_seed":false,"campfire_upgraded":7,"win_rate":0.0,"timestamp":1610975822,"path_taken":["M","M","?","?","$","R","M","R","T","M","E","?","E","M","R","BOSS","M","?","$","M","M","R","E","R","T","R","?","M","E","?","R","BOSS","M","M","M","?","$","E","R","?","T","E","?","M","R","?","R","BOSS"],"items_purchased_type":["Relic","Relic","Relic"],"build_version":"2020-12-22","purchased_purges":1,"victory":true,"max_hp_per_floor":[75,75,75,75,75,75,75,75,75,82,82,82,82,82,82,82,82,82,82,82,82,82,82,82,82,82,82,82,82,84,84,84,86,86,86,86,86,86,86,88,88,88,88,95,95,95,95,95,95,95],"card_choices":[{"not_picked":["Consume","Trip","Cold Snap"],"picked":"SKIP","floor":11},{"not_picked":["Dark Shackles","Swift Strike","Doom and Gloom"],"picked":"SKIP","floor":13},{"not_picked":["Steam","Coolheaded+1","Double Energy"],"picked":"SKIP","floor":24},{"not_picked":["Go for the Eyes","Coolheaded+1","Barrage"],"picked":"Singing Bowl","floor":30},{"not_picked":["Hyperbeam","The Bomb","Metamorphosis"],"picked":"Singing Bowl","floor":33},{"not_picked":["Go for the Eyes+1","Reinforced Body+1","Flash of Steel"],"picked":"Singing Bowl","floor":40},{"not_picked":["Coolheaded+1","Beam Cell+1","Compile Driver"],"picked":"Singing Bowl","floor":44}],"player_experience":3312345,"relics_obtained":[{"floor":1,"key":"Mummified Hand"},{"floor":2,"key":"StrikeDummy"},{"floor":7,"key":"Bronze Scales"},{"floor":9,"key":"Incense Burner"},{"floor":10,"key":"Strawberry"},{"floor":11,"key":"WingedGreaves"},{"floor":13,"key":"Pen Nib"},{"floor":14,"key":"Potion Belt"},{"floor":18,"key":"PreservedInsect"},{"floor":21,"key":"Eternal Feather"},{"floor":22,"key":"War Paint"},{"floor":24,"key":"DataDisk"},{"floor":26,"key":"Shuriken"},{"floor":28,"key":"Boot"},{"floor":29,"key":"Gremlin Horn"},{"floor":30,"key":"Singing Bowl"},{"floor":35,"key":"Akabeko"},{"floor":36,"key":"Smiling Mask"},{"floor":37,"key":"Bottled Tornado"},{"floor":40,"key":"Art of War"},{"floor":43,"key":"Lantern"},{"floor":44,"key":"Bag of Preparation"},{"floor":46,"key":"Vajra"}],"event_choices":[{"damage_healed":0,"gold_gain":0,"player_choice":"Ignored","damage_taken":0,"max_hp_gain":0,"max_hp_loss":0,"event_name":"Liars Game","floor":3,"gold_loss":0},{"damage_healed":0,"gold_gain":75,"player_choice":"Gather Gold","damage_taken":11,"max_hp_gain":0,"max_hp_loss":0,"event_name":"World of Goop","floor":4,"gold_loss":0},{"cards_removed":["Steam Power"],"damage_healed":10,"gold_gain":0,"player_choice":"Offered Uncommon","damage_taken":0,"max_hp_gain":0,"max_hp_loss":0,"event_name":"Bonfire Elementals","floor":12,"gold_loss":0},{"damage_healed":0,"gold_gain":0,"player_choice":"Ignored","damage_taken":0,"max_hp_gain":0,"max_hp_loss":0,"event_name":"Mysterious Sphere","floor":38,"gold_loss":0},{"damage_healed":0,"gold_gain":0,"player_choice":"Memory 1","damage_taken":0,"max_hp_gain":0,"max_hp_loss":0,"event_name":"SensoryStone","floor":42,"gold_loss":0},{"damage_healed":0,"gold_gain":0,"player_choice":"Upgrade","damage_taken":0,"relics_obtained":["Mark of the Bloom"],"max_hp_gain":0,"max_hp_loss":0,"event_name":"MindBloom","floor":45,"gold_loss":0,"cards_upgraded":["Compile Driver","Go for the Eyes","Conserve Battery","Leap","Stack","Barrage","Leap","Melter","Streamline","Streamline","BootSequence","Leap","Sweeping Beam","Compile Driver","Gash","Redo","Static Discharge","FTL","Compile Driver","Sweeping Beam","Coolheaded","Beam Cell","Gash","Go for the Eyes","Rebound","Redo","Compile Driver","Redo","Leap","Coolheaded","Doom and Gloom","Conserve Battery","BootSequence","Trip","Steam","Stack","Barrage","Coolheaded","Steam"]},{"damage_healed":0,"gold_gain":0,"player_choice":"Ignored","damage_taken":0,"max_hp_gain":0,"max_hp_loss":0,"event_name":"Accursed Blacksmith","floor":48,"gold_loss":0}],"is_beta":false,"boss_relics":[{"not_picked":["Tiny House","Astrolabe"],"picked":"Coffee Dripper"},{"not_picked":["FrozenCore","Cursed Key"],"picked":"Fusion Hammer"}],"items_purged_floors":[20],"is_endless":false,"potions_floor_spawned":[7,10,14,21,22,24,29,36,40,44],"ascension_level":0}}