{"host":"c3lc60y5x60jlt1y","time":1610981304,"event":{"mods":["AchievementEnabler","BaseMod","Bestiary","Colored Map","Minty Spire (QoL Compilation)","Quick Restart","StSLib","ojb\u0027s Info Mod"],"gold_per_floor":[111,61,161,177,196,227,240,273,296,326,337,337,337,16,16,111,111,130,130,130,51,61,390,409,437,464,482,40,50,65,80,80,80,80],"floor_reached":33,"language":"ENG","playtime":9512,"items_purged":["Strike_B","Strike_B"],"score":518,"play_id":"12c728c0-bd4a-47de-afa5-c5a69432d919","local_time":"20210118164824","is_ascension_mode":true,"campfire_choices":[{"data":"Sunder","floor":13.0,"key":"SMITH"},{"data":"Hologram","floor":15.0,"key":"SMITH"},{"floor":32.0,"key":"REST"}],"circlet_count":0,"master_deck":["AscendersBane","Defend_B+1","Defend_B","Defend_B+1","Zap","Dualcast","Glacier","Coolheaded","Sunder+1","Seek","Loop","Hologram+1","Skim","PanicButton","Electrodynamics","BootSequence","RitualDagger","Core Surge","Heatsinks","Steam Power","Go for the Eyes","Beam Cell","Undo","Leap"],"relics":["Cracked Core","NeowsBlessing","Letter Opener","Akabeko","Boot","Anchor","Potion Belt","Philosopher\u0027s Stone","Old Coin","Ginger","MealTicket","CaptainsWheel"],"acts_visited":["Exordium","TheCity"],"potions_floor_usage":[33,33],"damage_taken":[{"damage":0.0,"enemies":"Small Slimes","floor":1.0,"turns":1.0},{"damage":0.0,"enemies":"Cultist","floor":4.0,"turns":1.0},{"damage":0.0,"enemies":"Jaw Worm","floor":5.0,"turns":1.0},{"damage":8.0,"enemies":"3 Sentries","floor":6.0,"turns":12.0},{"damage":0.0,"enemies":"Blue Slaver","floor":7.0,"turns":5.0},{"damage":12.0,"enemies":"Lagavulin","floor":8.0,"turns":10.0},{"damage":0.0,"enemies":"3 Sentries","floor":10.0,"turns":7.0},{"damage":0.0,"enemies":"2 Fungi Beasts","floor":11.0,"turns":2.0},{"damage":28.0,"enemies":"Hexaghost","floor":16.0,"turns":12.0},{"damage":9.0,"enemies":"Spheric Guardian","floor":18.0,"turns":4.0},{"damage":6.0,"enemies":"Shell Parasite","floor":22.0,"turns":8.0},{"damage":15.0,"enemies":"Slavers","floor":23.0,"turns":5.0},{"damage":0.0,"enemies":"Centurion and Healer","floor":24.0,"turns":7.0},{"damage":23.0,"enemies":"Book of Stabbing","floor":25.0,"turns":6.0},{"damage":2.0,"enemies":"3 Cultists","floor":27.0,"turns":5.0},{"damage":1.0,"enemies":"Snake Plant","floor":29.0,"turns":4.0},{"damage":5.0,"enemies":"Chosen and Byrds","floor":30.0,"turns":5.0},{"damage":1.0,"enemies":"Snecko","floor":31.0,"turns":7.0},{"damage":64,"enemies":"Champ","floor":33,"turns":16}],"seed_played":"71094959189453717","potions_obtained":[{"floor":5.0,"key":"EssenceOfSteel"},{"floor":6.0,"key":"EntropicBrew"},{"floor":7.0,"key":"FocusPotion"},{"floor":11.0,"key":"ColorlessPotion"},{"floor":22.0,"key":"Energy Potion"},{"floor":23.0,"key":"SteroidPotion"},{"floor":24.0,"key":"SneckoOil"},{"floor":30.0,"key":"Block Potion"}],"is_trial":false,"path_per_floor":["M","?","?","M","M","E","M","E","T","E","M","?","R","$","R","B",null,"M","?","?","$","M","E","M","E","T","M","$","M","M","M","R","B"],"character_chosen":"DEFECT","items_purchased":["Potion Belt","PanicButton","Steam Power","CaptainsWheel","Undo"],"campfire_rested":1,"item_purchase_floors":[14,14,21,28,28],"current_hp_per_floor":[68,68,68,68,68,60,60,48,48,48,48,33,33,33,33,5,58,49,43,43,43,37,22,22,14,14,12,27,26,21,20,42,0,0],"gold":80,"neow_bonus":"THREE_ENEMY_KILL","is_daily":false,"chose_seed":false,"campfire_upgraded":2,"win_rate":0.0,"timestamp":1610981304,"path_taken":["M","?","?","?","M","E","M","E","T","E","M","?","R","$","R","BOSS","M","?","?","$","M","E","M","E","T","M","$","M","M","M","R","BOSS"],"items_purchased_type":["Relic","Card","Card","Relic","Card"],"build_version":"2020-12-22","purchased_purges":2,"victory":false,"max_hp_per_floor":[75,75,75,75,75,75,75,75,75,75,75,75,75,75,75,75,75,75,75,75,75,75,75,75,75,75,75,75,75,75,75,75,75,75],"card_choices":[{"not_picked":["Gash","Force Field"],"picked":"Glacier","floor":1.0},{"not_picked":["FTL","Sweeping Beam"],"picked":"Coolheaded","floor":4.0},{"not_picked":["Coolheaded","Cold Snap"],"picked":"Sunder","floor":5.0},{"not_picked":["BootSequence","Redo"],"picked":"Seek","floor":6.0},{"not_picked":["Scrape","Redo"],"picked":"Loop","floor":7.0},{"not_picked":["Cold Snap","Redo"],"picked":"Hologram","floor":8.0},{"not_picked":["Sweeping Beam","Static Discharge"],"picked":"Skim","floor":10.0},{"not_picked":["Streamline","Redo","Cold Snap"],"picked":"SKIP","floor":11.0},{"not_picked":["Creative AI","Thunder Strike"],"picked":"Electrodynamics","floor":16.0},{"not_picked":["Gash","Steam"],"picked":"BootSequence","floor":18.0},{"not_picked":["Melter+1","Consume","Gash+1"],"picked":"SKIP","floor":22.0},{"not_picked":["Streamline","Ball Lightning"],"picked":"Go for the Eyes","floor":23.0},{"not_picked":["Force Field","Tempest"],"picked":"Beam Cell","floor":24.0},{"not_picked":["Cold Snap","Redo","Compile Driver"],"picked":"SKIP","floor":25.0},{"not_picked":["Chaos","Hologram","Beam Cell"],"picked":"SKIP","floor":27.0},{"not_picked":["Rip and Tear","Cold Snap","Streamline"],"picked":"SKIP","floor":29.0},{"not_picked":["White Noise","Sweeping Beam"],"picked":"Leap","floor":30.0},{"not_picked":["Aggregate","Darkness","Hologram"],"picked":"SKIP","floor":31.0}],"player_experience":8155302,"relics_obtained":[{"floor":6.0,"key":"Letter Opener"},{"floor":8.0,"key":"Akabeko"},{"floor":9.0,"key":"Boot"},{"floor":10.0,"key":"Anchor"},{"floor":23.0,"key":"Old Coin"},{"floor":25.0,"key":"Ginger"},{"floor":26.0,"key":"MealTicket"}],"event_choices":[{"cards_removed":["Defend_B"],"damage_healed":0.0,"max_hp_gain":0.0,"max_hp_loss":0.0,"gold_gain":0.0,"event_name":"The Cleric","player_choice":"Card Removal","floor":2.0,"gold_loss":50.0,"damage_taken":0.0},{"damage_healed":0.0,"max_hp_gain":0.0,"max_hp_loss":0.0,"gold_gain":100.0,"event_name":"Wheel of Change","player_choice":"Gold","floor":3.0,"gold_loss":0.0,"damage_taken":0.0},{"damage_healed":0.0,"max_hp_gain":0.0,"max_hp_loss":0.0,"gold_gain":0.0,"event_name":"Shining Light","player_choice":"Entered Light","floor":12.0,"gold_loss":0.0,"damage_taken":15.0,"cards_upgraded":["Defend_B","Defend_B"]},{"damage_healed":0.0,"max_hp_gain":0.0,"max_hp_loss":0.0,"gold_gain":0.0,"event_name":"Nest","player_choice":"Joined the Cult","floor":19.0,"gold_loss":0.0,"damage_taken":6.0,"cards_obtained":["RitualDagger"]},{"damage_healed":0.0,"max_hp_gain":0.0,"max_hp_loss":0.0,"gold_gain":0.0,"cards_transformed":["Strike_B","Strike_B"],"event_name":"Drug Dealer","player_choice":"Became Test Subject","floor":20.0,"gold_loss":0.0,"damage_taken":0.0,"cards_obtained":["Core Surge","Heatsinks"]}],"is_beta":false,"boss_relics":[{"not_picked":["Pandora\u0027s Box","FrozenCore"],"picked":"Philosopher\u0027s Stone"}],"items_purged_floors":[14,28],"is_endless":false,"potions_floor_spawned":[5,6,7,11,22,23,24,30],"killed_by":"Champ","ascension_level":11}}