{"host":"s8ccp9jw4vzp58l1","time":1610997633,"event":{"mods":["BaseMod","Colored Map","Colored Powertips","Minty Spire (QoL Compilation)","Relic Stats"],"gold_per_floor":[117,127,137,23,23,58,71,96,120,120,152,163,174,29,29,131,131,149,168,168,83,83,83,102,102,174,188,204,221,241,44,44,141,141,153,172,172,222,27,27,42,0,0,0,15,15,15,31,31,31,31],"floor_reached":50,"language":"ENG","playtime":10159,"items_purged":["Strike_G"],"score":491,"play_id":"1905e579-9788-4b25-b906-eb76e7b219a9","local_time":"20210118132033","is_ascension_mode":false,"campfire_choices":[{"floor":10,"key":"REST"},{"floor":15,"key":"REST"},{"data":"Envenom","floor":23,"key":"SMITH"},{"data":"Well Laid Plans","floor":25,"key":"SMITH"},{"data":"Poisoned Stab","floor":32,"key":"SMITH"},{"data":"Caltrops","floor":40,"key":"SMITH"},{"floor":47,"key":"RECALL"},{"data":"Catalyst","floor":49,"key":"SMITH"}],"circlet_count":0,"master_deck":["Strike_G+1","Strike_G+1","Strike_G+1","Defend_G+1","Defend_G+1","Defend_G+1","Defend_G+1","Defend_G+1","Survivor","Neutralize","Deadly Poison","Sucker Punch","Deadly Poison","After Image","Bane","Bouncing Flask","Well Laid Plans+1","Poisoned Stab+1","Expertise","Envenom+1","Riddle With Holes+1","Quick Slash+1","Slice","Flying Knee","Escape Plan","Bane+1","Choke+1","Impatience","Discovery","The Bomb","Calculated Gamble+1","Caltrops+1","Catalyst+1","Parasite"],"relics":["Ring of the Snake","Sundial","Bag of Preparation","Omamori","Snake Skull","Regal Pillow","OrangePellets","Busted Crown","Happy Flower","Ornamental Fan","Lee\u0027s Waffle","Cursed Key","Tingsha","ClockworkSouvenir","Red Mask"],"acts_visited":["Exordium","TheCity","TheBeyond"],"potions_floor_usage":[8,11,16,27,27,29,29,48,50,50],"damage_taken":[{"damage":0,"enemies":"Jaw Worm","floor":1,"turns":5},{"damage":2,"enemies":"Cultist","floor":2,"turns":5},{"damage":3,"enemies":"2 Louse","floor":3,"turns":3},{"damage":11,"enemies":"Lagavulin","floor":6,"turns":7},{"damage":4,"enemies":"Exordium Wildlife","floor":7,"turns":6},{"damage":20,"enemies":"3 Sentries","floor":8,"turns":11},{"damage":11,"enemies":"Gremlin Nob","floor":11,"turns":4},{"damage":0,"enemies":"Looter","floor":12,"turns":4},{"damage":11,"enemies":"Gremlin Gang","floor":13,"turns":6},{"damage":23,"enemies":"Hexaghost","floor":16,"turns":7},{"damage":0,"enemies":"Chosen","floor":18,"turns":5},{"damage":20,"enemies":"2 Thieves","floor":19,"turns":5},{"damage":3,"enemies":"Snake Plant","floor":24,"turns":3},{"damage":0,"enemies":"Shelled Parasite and Fungi","floor":27,"turns":4},{"damage":1,"enemies":"Cultist and Chosen","floor":28,"turns":6},{"damage":8,"enemies":"Centurion and Healer","floor":29,"turns":5},{"damage":2,"enemies":"3 Cultists","floor":30,"turns":5},{"damage":10,"enemies":"Champ","floor":33,"turns":8},{"damage":5,"enemies":"Orb Walker","floor":35,"turns":3},{"damage":0,"enemies":"3 Shapes","floor":36,"turns":3},{"damage":0,"enemies":"Mind Bloom Boss Battle","floor":38,"turns":4},{"damage":12,"enemies":"Maw","floor":41,"turns":5},{"damage":0,"enemies":"Writhing Mass","floor":45,"turns":4},{"damage":0,"enemies":"Jaw Worm Horde","floor":48,"turns":4},{"damage":99,"enemies":"Awakened One","floor":50,"turns":8}],"seed_played":"-552401770504945121","potions_obtained":[{"floor":7,"key":"Swift Potion"},{"floor":11,"key":"Fruit Juice"},{"floor":13,"key":"Swift Potion"},{"floor":16,"key":"Weak Potion"},{"floor":18,"key":"AttackPotion"},{"floor":24,"key":"SpeedPotion"},{"floor":28,"key":"DuplicationPotion"},{"floor":33,"key":"Block Potion"},{"floor":36,"key":"SmokeBomb"},{"floor":41,"key":"DuplicationPotion"}],"is_trial":false,"path_per_floor":["M","M","M","$","?","E","M","E","T","R","E","M","M","$","R","B",null,"M","M","?","?","?","R","M","R","T","M","M","M","M","$","R","B",null,"M","M","?","?","$","R","M","?","T","?","M","$","R","M","R","B"],"character_chosen":"THE_SILENT","items_purchased":["Caltrops","OrangePellets","Lee\u0027s Waffle","Block Potion","ClockworkSouvenir","Caltrops"],"campfire_rested":2,"item_purchase_floors":[4,14,31,31,39,39],"current_hp_per_floor":[70,68,65,65,65,54,50,30,30,51,45,45,34,34,71,48,75,75,55,55,55,55,55,52,52,52,52,51,43,41,82,82,72,82,77,77,67,67,67,67,55,55,55,76,76,76,76,76,76,0,0],"gold":31,"neow_bonus":"REMOVE_CARD","is_daily":false,"chose_seed":false,"campfire_upgraded":5,"win_rate":0.0,"timestamp":1610997633,"path_taken":["M","M","M","$","?","E","M","E","T","R","E","M","M","$","R","BOSS","M","?","?","?","?","R","?","R","T","M","M","M","M","$","R","BOSS","M","M","?","?","?","R","?","?","T","?","M","$","R","M","R","BOSS"],"items_purchased_type":["Card","Relic","Relic","Potion","Relic","Card"],"build_version":"2020-12-22","purchased_purges":1,"victory":false,"max_hp_per_floor":[70,70,70,70,70,70,70,70,70,70,75,75,75,75,75,75,75,75,75,75,75,75,75,75,75,75,75,75,75,75,82,82,82,82,82,82,82,82,82,82,82,82,82,82,82,82,82,82,82,82,82],"relic_stats":{"Regal Pillow":15,"Lee\u0027s Waffle":41,"Happy Flower":[20],"counters":[25,130],"Tingsha":[27],"Snake Skull":[250],"Bag of Preparation":[42],"Cursed Key":1,"OrangePellets":[7],"Busted Crown":34,"Sundial":[16],"Ornamental Fan":[100],"obtain_stats":[{"Regal Pillow":11,"Lee\u0027s Waffle":31,"Happy Flower":21,"Tingsha":38,"Snake Skull":9,"Bag of Preparation":6,"Omamori":8,"Cursed Key":34,"ClockworkSouvenir":39,"OrangePellets":14,"Busted Crown":17,"Sundial":5,"Ornamental Fan":26,"Red Mask":42,"Ring of the Snake":0},{"Regal Pillow":7,"Lee\u0027s Waffle":17,"Happy Flower":12,"Tingsha":21,"Snake Skull":6,"Bag of Preparation":4,"Omamori":6,"Cursed Key":18,"ClockworkSouvenir":21,"OrangePellets":9,"Busted Crown":10,"Sundial":3,"Ornamental Fan":13,"Red Mask":22,"Ring of the Snake":0},{"Regal Pillow":41,"Lee\u0027s Waffle":91,"Happy Flower":68,"Tingsha":109,"Snake Skull":37,"Bag of Preparation":20,"Omamori":37,"Cursed Key":99,"ClockworkSouvenir":109,"OrangePellets":51,"Busted Crown":58,"Sundial":13,"Ornamental Fan":71,"Red Mask":114,"Ring of the Snake":0}],"Ring of the Snake":[50]},"card_choices":[{"not_picked":["Bane","Backflip"],"picked":"Deadly Poison","floor":1},{"not_picked":["Flechettes","Dodge and Roll"],"picked":"Sucker Punch","floor":2},{"not_picked":["Backstab","Underhanded Strike"],"picked":"Deadly Poison","floor":3},{"not_picked":["Quick Slash","Escape Plan"],"picked":"After Image","floor":6},{"not_picked":["Calculated Gamble","Outmaneuver"],"picked":"Bane","floor":7},{"not_picked":["Dagger Spray","Sucker Punch"],"picked":"Bouncing Flask","floor":8},{"not_picked":["Endless Agony","Bane"],"picked":"Well Laid Plans","floor":11},{"not_picked":["Dodge and Roll","Well Laid Plans"],"picked":"Poisoned Stab","floor":12},{"not_picked":["Terror","Bane"],"picked":"Expertise","floor":13},{"not_picked":["Doppelganger","After Image"],"picked":"Envenom","floor":16},{"not_picked":["PiercingWail"],"picked":"SKIP","floor":18},{"not_picked":[],"picked":"Riddle With Holes+1","floor":19},{"not_picked":[],"picked":"Quick Slash+1","floor":24},{"not_picked":[],"picked":"Slice","floor":27},{"not_picked":[],"picked":"Flying Knee","floor":28},{"not_picked":[],"picked":"Escape Plan","floor":29},{"not_picked":["Endless Agony"],"picked":"SKIP","floor":30},{"not_picked":[],"picked":"Bane+1","floor":35},{"not_picked":[],"picked":"Choke+1","floor":36},{"not_picked":[],"picked":"Impatience","floor":37},{"not_picked":[],"picked":"Discovery","floor":37},{"not_picked":[],"picked":"The Bomb","floor":37},{"not_picked":[],"picked":"Calculated Gamble+1","floor":38},{"not_picked":[],"picked":"Catalyst","floor":41},{"not_picked":["Prepared"],"picked":"SKIP","floor":45},{"not_picked":["Flying Knee"],"picked":"SKIP","floor":48}],"player_experience":134238,"relics_obtained":[{"floor":6,"key":"Bag of Preparation"},{"floor":8,"key":"Omamori"},{"floor":9,"key":"Snake Skull"},{"floor":11,"key":"Regal Pillow"},{"floor":26,"key":"Ornamental Fan"},{"floor":38,"key":"Tingsha"}],"event_choices":[{"cards_removed":["Caltrops"],"damage_healed":0,"gold_gain":0,"player_choice":"Gave Card","damage_taken":0,"relics_obtained":["Sundial"],"max_hp_gain":0,"max_hp_loss":0,"event_name":"WeMeetAgain","floor":5,"gold_loss":0},{"damage_healed":0,"gold_gain":0,"player_choice":"Simplicity","damage_taken":0,"max_hp_gain":0,"max_hp_loss":0,"event_name":"Back to Basics","floor":20,"gold_loss":0,"cards_upgraded":["Strike_G","Strike_G","Strike_G","Defend_G","Defend_G","Defend_G","Defend_G","Defend_G"]},{"damage_healed":0,"gold_gain":0,"player_choice":"Obtained Relic","damage_taken":0,"relics_obtained":["Happy Flower"],"max_hp_gain":0,"max_hp_loss":0,"event_name":"Addict","floor":21,"gold_loss":85},{"damage_healed":0,"gold_gain":0,"player_choice":"Ignored","damage_taken":0,"max_hp_gain":0,"max_hp_loss":0,"event_name":"Ghosts","floor":22,"gold_loss":0},{"damage_healed":0,"gold_gain":0,"player_choice":"Memory 3","damage_taken":10,"max_hp_gain":0,"max_hp_loss":0,"event_name":"SensoryStone","floor":37,"gold_loss":0},{"damage_healed":0,"gold_gain":0,"player_choice":"Fight","damage_taken":0,"max_hp_gain":0,"max_hp_loss":0,"event_name":"MindBloom","floor":38,"gold_loss":0},{"damage_healed":0,"gold_gain":0,"player_choice":"Paid","damage_taken":0,"relics_obtained":["Red Mask"],"max_hp_gain":0,"max_hp_loss":0,"event_name":"Tomb of Lord Red Mask","floor":42,"gold_loss":42},{"damage_healed":21,"gold_gain":0,"player_choice":"Writhe","damage_taken":0,"max_hp_gain":0,"max_hp_loss":0,"event_name":"Winding Halls","floor":44,"gold_loss":0,"cards_obtained":["Writhe"]}],"is_beta":false,"boss_relics":[{"not_picked":["Ectoplasm","Fusion Hammer"],"picked":"Busted Crown"},{"not_picked":["Ring of the Serpent","SlaversCollar"],"picked":"Cursed Key"}],"items_purged_floors":[4],"is_endless":false,"potions_floor_spawned":[7,11,13,16,18,24,28,33,36,41,45],"killed_by":"Awakened One","ascension_level":0}}