{"host":"57rytaa21d5yl0hy","time":1610963180,"event":{"mods":["Act Like it!","BaseMod","Challenge The Spire","Friendly Minions","Gensokyo","KinomotoSakuraMod(木之本樱)","Kiyohime（清姬）","Lobotomy","LobotomyExtend","Minty Spire (QoL Compilation)","Replay The Spire","RumiaBox-露米娅的神秘盒子","StSLib","The Senshi","Yuri Mod"],"gold_per_floor":[109,56,4,18,36,68,68,87,168,183,198,229,229,243,243,243,243],"floor_reached":16,"language":"ZHS","playtime":788,"items_purged":[],"score":120,"play_id":"c8034e0f-73f7-4166-ae70-dde2104fd749","local_time":"20210118174620","is_ascension_mode":true,"campfire_choices":[{"data":"theSenshi:MoonPrismPowerMakeUp","floor":7,"key":"SMITH"},{"data":"theSenshi:CrisisMakeUp","floor":13,"key":"SMITH"},{"floor":15,"key":"REST"}],"circlet_count":0,"master_deck":["theSenshi:SailorKick","theSenshi:SailorKick","theSenshi:SailorKick","theSenshi:SailorKick","theSenshi:SailorBlock","theSenshi:SailorBlock","theSenshi:SailorBlock","theSenshi:SailorBlock","theSenshi:RoseThrow","theSenshi:MoonPrismPowerMakeUp+1","theSenshi:MoonTiaraMagic","theSenshi:MoonsReflection","Scorched","theSenshi:YouCanTalk","theSenshi:CrisisMakeUp+1","theSenshi:MoonPrincessHalation","theSenshi:LunasBite","GreedKing","theSenshi:MoonPrincessHalation","theSenshi:MoonsReflection","Wellcheers"],"relics":["theSenshi:TransformationBroochRelic","CogitoBucket","RabbitCall","Baka","LetterFromLob","Pondfish Scales","Happy Flower","Meat on the Bone","HellTrain","Bag of Preparation"],"acts_visited":["Exordium"],"potions_floor_usage":[12,16],"damage_taken":[{"damage":6,"enemies":"2 Louse","floor":1,"turns":3},{"damage":0,"enemies":"Cultist","floor":4,"turns":4},{"damage":3,"enemies":"Small Slimes","floor":5,"turns":3},{"damage":15,"enemies":"3 Sentries","floor":6,"turns":3},{"damage":0,"enemies":"2 Fungi Beasts","floor":8,"turns":5},{"damage":18,"enemies":"Lots of Slimes","floor":10,"turns":6},{"damage":10,"enemies":"3 Louse","floor":11,"turns":5},{"damage":1,"enemies":"Gremlin Nob","floor":12,"turns":4},{"damage":3,"enemies":"Blue Slaver","floor":14,"turns":2},{"damage":75,"enemies":"Fading Forest","floor":16,"turns":11}],"seed_played":"-3670994197969860812","potions_obtained":[{"floor":5,"key":"AttackPotion"},{"floor":8,"key":"EssenceOfSteel"},{"floor":10,"key":"ColorlessPotion"},{"floor":14,"key":"CultistPotion"}],"is_trial":false,"path_per_floor":["M","$","?","M","M","E","R","M","T","M","M","E","R","M","R","B"],"character_chosen":"THE_SENSHI","items_purchased":["theSenshi:MoonsReflection"],"campfire_rested":1,"item_purchase_floors":[2],"current_hp_per_floor":[69,69,69,69,66,51,51,51,51,45,47,46,46,43,65,0,0],"gold":243,"neow_bonus":"","is_daily":false,"chose_seed":false,"campfire_upgraded":2,"win_rate":0.0,"timestamp":1610963180,"path_taken":["M","$","?","M","M","E","R","M","T","M","M","E","R","M","R","BOSS"],"items_purchased_type":["Card"],"build_version":"2020-12-22","purchased_purges":0,"victory":false,"max_hp_per_floor":[75,75,75,75,75,75,75,75,75,75,75,75,75,75,75,75,75],"card_choices":[{"not_picked":["OldLady","BlackSwan"],"picked":"DespairKnight","floor":1},{"not_picked":["theSenshi:SchoolBag","theSenshi:TuxedoSmokingBomber"],"picked":"theSenshi:MoonTiaraMagic","floor":1},{"not_picked":["OSAHOGD","Mercenary"],"picked":"Scorched","floor":4},{"not_picked":["theSenshi:SailorMercuryAssists","theSenshi:MoonsReflection"],"picked":"theSenshi:YouCanTalk","floor":4},{"not_picked":["theSenshi:SailorUranusAssists","theSenshi:TuxedoMaskAssists"],"picked":"theSenshi:CrisisMakeUp","floor":5},{"not_picked":["theSenshi:PlutosSolemnity","theSenshi:MoonCosmicPowerMakeUp"],"picked":"theSenshi:MoonPrincessHalation","floor":6},{"not_picked":["theSenshi:SailorMarsAssists","theSenshi:NeptunesGrace"],"picked":"theSenshi:LunasBite","floor":8},{"not_picked":["theSenshi:HesSoDreamy","theSenshi:SupersonicWaves","theSenshi:SchoolBag"],"picked":"SKIP","floor":10},{"not_picked":["DreamingCurrent","LaLuna"],"picked":"GreedKing","floor":11},{"not_picked":["theSenshi:MoonTiaraMagic","theSenshi:SchoolBag"],"picked":"theSenshi:MoonPrincessHalation","floor":11},{"not_picked":["theSenshi:SailorMercuryAssists","theSenshi:MoonPower"],"picked":"theSenshi:MoonsReflection","floor":12},{"not_picked":["SpiderBud","UniverseFragment"],"picked":"Wellcheers","floor":14},{"not_picked":["theSenshi:SchoolBag","theSenshi:SailorStarHealerAssists","theSenshi:TallSilhouette"],"picked":"SKIP","floor":14}],"player_experience":301663,"relics_obtained":[{"floor":1,"key":"Baka"},{"floor":1,"key":"LetterFromLob"},{"floor":6,"key":"Happy Flower"},{"floor":9,"key":"Meat on the Bone"},{"floor":12,"key":"Bag of Preparation"}],"event_choices":[{"damage_healed":0,"gold_gain":0,"player_choice":"Paid Gold","damage_taken":0,"relics_obtained":["Pondfish Scales"],"max_hp_gain":0,"max_hp_loss":0,"event_name":"WeMeetAgain","floor":3,"gold_loss":52}],"is_beta":false,"boss_relics":[],"items_purged_floors":[],"is_endless":false,"potions_floor_spawned":[5,8,10,14],"killed_by":"Fading Forest","ascension_level":1}}