{"host":"at8674jmuidj9jgx","time":1610990149,"event":{"mods":["AchievementEnabler","BaseMod","Colored Map","Colored Powertips","Minty Spire (QoL Compilation)","SuperFastMode"],"gold_per_floor":[113,113,132,80,99,125,125,158,158,191,191,214,231,37,37,140,140,140,160,160,100,36,67,80,80,80],"floor_reached":25,"language":"ENG","playtime":1501,"items_purged":["Seeing Red"],"score":275,"play_id":"a27b5329-ec27-4412-8c80-f39712130639","local_time":"20210118201549","is_ascension_mode":true,"campfire_choices":[{"floor":7,"key":"REST"},{"floor":11,"key":"REST"},{"floor":15,"key":"REST"}],"circlet_count":0,"master_deck":["Strike_R","Strike_R","Strike_R","Strike_R","Strike_R","Defend_R","Defend_R","Defend_R","Defend_R","Bash+1","Anger","Pommel Strike","Armaments","Bloodletting","Rage","Rupture","Flex","Shrug It Off","Berserk","Perfected Strike+1","Perfected Strike+1","Carnage","Ghostly Armor+1"],"relics":["Fusion Hammer","Regal Pillow","The Courier","Mummified Hand","Question Card","Odd Mushroom","Ornamental Fan","Snecko Eye","Omamori"],"acts_visited":["Exordium","TheCity"],"potions_floor_usage":[6,12,13,18,23],"damage_taken":[{"damage":2,"enemies":"Jaw Worm","floor":1,"turns":3},{"damage":1,"enemies":"Cultist","floor":3,"turns":3},{"damage":0,"enemies":"2 Louse","floor":5,"turns":2},{"damage":36,"enemies":"3 Sentries","floor":6,"turns":7},{"damage":18,"enemies":"Lagavulin","floor":8,"turns":5},{"damage":30,"enemies":"Gremlin Nob","floor":10,"turns":4},{"damage":19,"enemies":"The Mushroom Lair","floor":12,"turns":4},{"damage":19,"enemies":"Exordium Thugs","floor":13,"turns":4},{"damage":54,"enemies":"Hexaghost","floor":16,"turns":10},{"damage":5,"enemies":"3 Byrds","floor":18,"turns":4},{"damage":17,"enemies":"Chosen","floor":19,"turns":5},{"damage":34,"enemies":"Slavers","floor":23,"turns":5},{"damage":0,"enemies":"Snecko","floor":24,"turns":2},{"damage":28,"enemies":"Gremlin Leader","floor":25,"turns":2}],"seed_played":"-4043692797788392007","potions_obtained":[{"floor":3,"key":"SmokeBomb"},{"floor":5,"key":"ColorlessPotion"},{"floor":8,"key":"Strength Potion"},{"floor":10,"key":"Fire Potion"},{"floor":19,"key":"DistilledChaos"}],"is_trial":false,"path_per_floor":["M","?","M","$","M","E","R","E","T","E","R","?","M","$","R","B",null,"M","M","?","$","$","E","M","E"],"character_chosen":"IRONCLAD","items_purchased":["Armaments","Ornamental Fan","Carnage"],"campfire_rested":3,"item_purchase_floors":[4,14,22],"current_hp_per_floor":[78,78,77,77,77,41,80,62,62,32,71,52,33,33,72,18,80,75,58,58,58,58,24,24,0,0],"gold":80,"neow_bonus":"BOSS_RELIC","is_daily":false,"chose_seed":false,"campfire_upgraded":0,"win_rate":0.0,"timestamp":1610990149,"path_taken":["M","?","M","?","M","E","R","E","T","E","R","?","M","$","R","BOSS","M","M","?","?","$","E","M","E"],"items_purchased_type":["Card","Relic","Card"],"build_version":"2020-12-22","purchased_purges":1,"victory":false,"max_hp_per_floor":[80,80,80,80,80,80,80,80,80,80,80,80,80,80,80,80,80,80,80,80,80,80,80,80,80,80],"card_choices":[{"not_picked":["Cleave","Havoc"],"picked":"Anger","floor":1},{"not_picked":["Iron Wave","Clothesline"],"picked":"Pommel Strike","floor":3},{"not_picked":["Intimidate","Shockwave"],"picked":"Bloodletting","floor":5},{"not_picked":["Twin Strike","Thunderclap"],"picked":"Seeing Red","floor":6},{"not_picked":["Evolve","Thunderclap"],"picked":"Rage","floor":8},{"not_picked":["Intimidate","Reaper"],"picked":"Rupture","floor":10},{"not_picked":["Clothesline","Twin Strike","Metallicize"],"picked":"Flex","floor":12},{"not_picked":["Wild Strike","Limit Break","Entrench"],"picked":"Shrug It Off","floor":13},{"not_picked":["Bludgeon","Juggernaut","Double Tap"],"picked":"Berserk","floor":16},{"not_picked":["Anger","Warcry","Feel No Pain"],"picked":"Perfected Strike+1","floor":19},{"not_picked":["Pummel","Power Through","Searing Blow"],"picked":"Ghostly Armor+1","floor":23},{"not_picked":["Entrench","Dark Embrace","Iron Wave+1","Body Slam"],"picked":"SKIP","floor":24}],"player_experience":107635,"relics_obtained":[{"floor":6,"key":"Regal Pillow"},{"floor":8,"key":"The Courier"},{"floor":9,"key":"Mummified Hand"},{"floor":10,"key":"Question Card"},{"floor":12,"key":"Odd Mushroom"},{"floor":23,"key":"Omamori"}],"event_choices":[{"damage_healed":0,"gold_gain":0,"player_choice":"Upgraded","damage_taken":0,"max_hp_gain":0,"max_hp_loss":0,"event_name":"Upgrade Shrine","floor":2,"gold_loss":0,"cards_upgraded":["Bash"]},{"damage_healed":0,"gold_gain":0,"player_choice":"Fought Mushrooms","damage_taken":0,"max_hp_gain":0,"max_hp_loss":0,"event_name":"Mushrooms","floor":12,"gold_loss":0},{"damage_healed":0,"gold_gain":0,"player_choice":"Copied","damage_taken":0,"max_hp_gain":0,"max_hp_loss":0,"event_name":"Duplicator","floor":20,"gold_loss":0,"cards_obtained":["Perfected Strike"]}],"is_beta":false,"boss_relics":[{"not_picked":["SacredBark","Empty Cage"],"picked":"Snecko Eye"}],"items_purged_floors":[21],"is_endless":false,"potions_floor_spawned":[3,5,8,10,18,19],"killed_by":"Gremlin Leader","ascension_level":3}}