{"host":"1a3cjta80tad0aqj","time":1610992971,"event":{"mods":["2.2 Compatiblity","AchievementEnabler","BaseMod","Colored Map","DeckTracker","KOR Keyword Fix","Keyboard Shortcuts","Minty Spire (QoL Compilation)","Permanent Neow","Quick Restart","Random Character Button","StSLib","SuperFastMode","everything is the same but u backflip on backflip"],"gold_per_floor":[112,125,142,158,83,83,98,98,124,152,164,176,188,212,224,312,324,354,366,378,400,423,435,447,389,426,454,466,498,529,551,563,646,658,690,602,602,617,617,617,637,637,690,690,710,82,97,109,109,109],"floor_reached":51,"language":"KOR","playtime":2524,"items_purged":["Defend_P","ConjureBlade"],"score":1280,"play_id":"2b518857-7abb-4d6c-b432-2a6fdda3e703","local_time":"20210119030251","is_ascension_mode":true,"campfire_choices":[{"data":"Eruption","floor":6.0,"key":"SMITH"},{"data":"Adaptation","floor":8.0,"key":"SMITH"},{"data":"Adaptation","floor":11.0,"key":"SMITH"},{"data":"Ragnarok","floor":15.0,"key":"SMITH"},{"floor":23,"key":"REST"},{"data":"Vault","floor":28,"key":"SMITH"},{"floor":32,"key":"REST"},{"data":"Scrawl","floor":40,"key":"SMITH"},{"data":"ClearTheMind","floor":42,"key":"SMITH"},{"floor":44,"key":"REST"},{"floor":49,"key":"REST"}],"circlet_count":0,"master_deck":["AscendersBane","Eruption+1","Vigilance","FlurryOfBlows","Adaptation+1","ClearTheMind+1","Halt","Ragnarok+1","Collect","Vault+1","EmptyMind","FollowUp","CutThroughFate","Tantrum","Scrawl+1","Blasphemy"],"relics":["PureWater","PreservedInsect","MawBank","Pandora\u0027s Box","Lantern","Toy Ornithopter","Runic Pyramid","Happy Flower","Eternal Feather","TeardropLocket"],"acts_visited":["Exordium","TheCity","TheBeyond"],"potions_floor_usage":[50],"damage_taken":[{"damage":0.0,"enemies":"Cultist","floor":1.0,"turns":4.0},{"damage":0.0,"enemies":"Small Slimes","floor":2.0,"turns":3.0},{"damage":2.0,"enemies":"Jaw Worm","floor":3.0,"turns":6.0},{"damage":10.0,"enemies":"Looter","floor":4.0,"turns":5.0},{"damage":5.0,"enemies":"Exordium Wildlife","floor":7.0,"turns":3.0},{"damage":0.0,"enemies":"Gremlin Nob","floor":10.0,"turns":2.0},{"damage":6.0,"enemies":"2 Fungi Beasts","floor":14.0,"turns":4.0},{"damage":23.0,"enemies":"The Guardian","floor":16.0,"turns":6.0},{"damage":0.0,"enemies":"Chosen","floor":18.0,"turns":4.0},{"damage":0,"enemies":"Shell Parasite","floor":21,"turns":1},{"damage":0,"enemies":"Centurion and Healer","floor":22,"turns":4},{"damage":10,"enemies":"Snecko","floor":27,"turns":4},{"damage":0,"enemies":"Cultist and Chosen","floor":29,"turns":4},{"damage":9,"enemies":"Centurion and Healer","floor":30,"turns":4},{"damage":0,"enemies":"3 Cultists","floor":31,"turns":4},{"damage":27,"enemies":"Collector","floor":33,"turns":6},{"damage":0,"enemies":"3 Darklings","floor":35,"turns":3},{"damage":1,"enemies":"3 Shapes","floor":38,"turns":5},{"damage":21,"enemies":"3 Darklings","floor":41,"turns":2},{"damage":0,"enemies":"Spire Growth","floor":45,"turns":2},{"damage":0,"enemies":"Writhing Mass","floor":47,"turns":2},{"damage":2,"enemies":"Transient","floor":48,"turns":5},{"damage":34,"enemies":"Donu and Deca","floor":50,"turns":5}],"seed_played":"2730877692074135801","potions_obtained":[{"floor":7.0,"key":"Swift Potion"},{"floor":10.0,"key":"Ancient Potion"},{"floor":14.0,"key":"Ambrosia"},{"floor":16.0,"key":"Swift Potion"}],"is_trial":false,"path_per_floor":["M","M","M","M","$","R","M","R","T","E","R","$","?","M","R","B",null,"M","?","?","M","M","R","$","?","T","M","R","M","M","M","R","B",null,"M","$","?","M","?","R","M","R","T","R","M","$","M","M","R","B",null],"character_chosen":"WATCHER","items_purchased":["Eternal Feather","TeardropLocket","Energy Potion"],"campfire_rested":4,"item_purchase_floors":[46,46,46],"current_hp_per_floor":[61,61,59,49,49,49,44,44,44,44,44,44,44,38,38,15,50,50,50,33,33,33,53,53,53,53,43,43,43,34,34,54,27,57,57,57,57,56,56,56,35,35,35,55,55,55,55,53,67,38],"gold":109,"neow_bonus":"REMOVE_TWO","is_daily":false,"chose_seed":false,"campfire_upgraded":7,"win_rate":0.0,"timestamp":1610992971,"path_taken":["M","M","?","M","$","R","M","R","T","E","R","$","?","M","R","BOSS","M","?","?","M","M","R","?","?","T","?","R","M","M","M","R","BOSS","M","$","?","?","?","R","M","R","T","R","M","$","M","M","R","BOSS"],"items_purchased_type":["Relic","Relic","Potion"],"build_version":"2020-12-22","purchased_purges":2,"victory":true,"max_hp_per_floor":[62,62,62,62,62,62,62,62,62,62,62,62,62,62,62,62,62,62,62,67,67,67,67,67,67,67,67,67,67,67,67,67,67,67,67,67,67,67,67,67,67,67,67,67,67,67,67,67,67,67],"card_choices":[{"not_picked":["Consecrate","FlyingSleeves"],"picked":"FlurryOfBlows","floor":1.0},{"not_picked":["BowlingBash","CutThroughFate"],"picked":"Adaptation","floor":2.0},{"not_picked":["Wireheading","Evaluate"],"picked":"Adaptation","floor":3.0},{"not_picked":["Study","EmptyBody","Indignation"],"picked":"SKIP","floor":4.0},{"not_picked":["SashWhip","Vengeance"],"picked":"ClearTheMind","floor":7.0},{"not_picked":["FollowUp","FlyingSleeves"],"picked":"Halt","floor":10.0},{"not_picked":["WheelKick","Evaluate"],"picked":"Ragnarok","floor":14.0},{"not_picked":["DeceiveReality","WaveOfTheHand"],"picked":"CutThroughFate","floor":18.0},{"not_picked":["Weave","Sanctity","FlurryOfBlows"],"picked":"SKIP","floor":21},{"not_picked":["Prostrate","Protect","CutThroughFate"],"picked":"SKIP","floor":22},{"not_picked":["CutThroughFate","WreathOfFlame"],"picked":"Scrawl","floor":27},{"not_picked":["ClearTheMind","CrushJoints+1","LikeWater"],"picked":"SKIP","floor":29},{"not_picked":["CrushJoints","FollowUp","ReachHeaven+1"],"picked":"SKIP","floor":30},{"not_picked":["Study","EmptyMind","Brilliance"],"picked":"SKIP","floor":31},{"not_picked":["Devotion","LessonLearned"],"picked":"Blasphemy","floor":33},{"not_picked":["CrushJoints","FollowUp","EmptyFist+1"],"picked":"SKIP","floor":35},{"not_picked":["WaveOfTheHand","FollowUp+1","WindmillStrike"],"picked":"SKIP","floor":38},{"not_picked":["PathToVictory","EmptyBody+1","EmptyFist"],"picked":"SKIP","floor":41},{"not_picked":["Protect","Pray","ClearTheMind"],"picked":"SKIP","floor":45},{"not_picked":["Sanctity","ForeignInfluence","Fasting2"],"picked":"SKIP","floor":47},{"not_picked":["EmptyBody","Protect+1","Crescendo"],"picked":"SKIP","floor":48}],"player_experience":746587,"relics_obtained":[{"floor":9.0,"key":"PreservedInsect"},{"floor":10.0,"key":"MawBank"},{"floor":26,"key":"Toy Ornithopter"},{"floor":43,"key":"Happy Flower"}],"event_choices":[{"damage_healed":0.0,"max_hp_gain":0.0,"max_hp_loss":0.0,"gold_gain":0.0,"event_name":"Liars Game","player_choice":"Ignored","floor":13.0,"gold_loss":0.0,"damage_taken":0.0},{"damage_healed":0.0,"max_hp_gain":0.0,"max_hp_loss":0.0,"gold_gain":0.0,"event_name":"The Library","player_choice":"Read","floor":19.0,"gold_loss":0.0,"damage_taken":0.0,"cards_obtained":["Tantrum"]},{"damage_healed":0.0,"max_hp_gain":5.0,"max_hp_loss":0.0,"gold_gain":0.0,"event_name":"Forgotten Altar","player_choice":"Shed Blood","floor":20.0,"gold_loss":0.0,"damage_taken":22.0},{"damage_healed":0,"gold_gain":0,"player_choice":"Paid Gold","damage_taken":0,"relics_obtained":["Lantern"],"max_hp_gain":0,"max_hp_loss":0,"event_name":"WeMeetAgain","floor":25,"gold_loss":70},{"damage_healed":0,"gold_gain":0,"player_choice":"Got Potions","damage_taken":0,"max_hp_gain":0,"max_hp_loss":0,"event_name":"Lab","floor":37,"gold_loss":0},{"cards_removed":["Adaptation"],"damage_healed":0,"gold_gain":0,"player_choice":"Removed Power","damage_taken":0,"max_hp_gain":0,"max_hp_loss":0,"event_name":"Falling","floor":39,"gold_loss":0}],"is_beta":false,"boss_relics":[{"not_picked":["Velvet Choker","Coffee Dripper"],"picked":"Pandora\u0027s Box"},{"not_picked":["Runic Dome","HolyWater"],"picked":"Runic Pyramid"}],"items_purged_floors":[5,36],"is_endless":false,"potions_floor_spawned":[7,10,14,16,22,29,33,41,48],"ascension_level":16}}