{"host":"1a3cjta80tad0aqj","time":1610949819,"event":{"mods":["2.2 Compatiblity","AchievementEnabler","BaseMod","Colored Map","DeckTracker","KOR Keyword Fix","Keyboard Shortcuts","Minty Spire (QoL Compilation)","Permanent Neow","Quick Restart","Random Character Button","StSLib","SuperFastMode","everything is the same but u backflip on backflip"],"gold_per_floor":[111,129,62,74,94,94,126,144,193,173,187,187,207,225,225,225,225],"floor_reached":16,"language":"KOR","playtime":735,"items_purged":[],"score":186,"play_id":"e843d005-37de-4e54-ab76-b294321339df","local_time":"20210118150339","is_ascension_mode":true,"campfire_choices":[{"data":"Eruption","floor":6.0,"key":"SMITH"},{"data":"Blasphemy","floor":12.0,"key":"SMITH"},{"floor":15.0,"key":"REST"}],"circlet_count":0,"master_deck":["AscendersBane","Strike_P","Strike_P","Strike_P","Strike_P","Defend_P","Defend_P","Defend_P","Defend_P","Eruption+1","Vigilance","ClearTheMind","Conclude","Halt","TalkToTheHand","BowlingBash","CrushJoints","CutThroughFate","Blasphemy+1","EmptyBody","EmptyFist"],"relics":["PureWater","PreservedInsect","Orichalcum"],"acts_visited":["Exordium"],"potions_floor_usage":[16],"damage_taken":[{"damage":4.0,"enemies":"Jaw Worm","floor":1.0,"turns":3.0},{"damage":0.0,"enemies":"Cultist","floor":2.0,"turns":3.0},{"damage":0.0,"enemies":"2 Louse","floor":4.0,"turns":3.0},{"damage":0.0,"enemies":"Large Slime","floor":5.0,"turns":4.0},{"damage":16.0,"enemies":"3 Sentries","floor":7.0,"turns":10.0},{"damage":4.0,"enemies":"Looter","floor":8.0,"turns":4.0},{"damage":0.0,"enemies":"Exordium Thugs","floor":11.0,"turns":3.0},{"damage":3.0,"enemies":"Large Slime","floor":13.0,"turns":3.0},{"damage":4.0,"enemies":"Exordium Wildlife","floor":14.0,"turns":3.0},{"damage":100024,"enemies":"The Guardian","floor":16,"turns":11}],"seed_played":"6211330369727893766","potions_obtained":[{"floor":2.0,"key":"Strength Potion"},{"floor":4.0,"key":"StancePotion"},{"floor":10.0,"key":"EssenceOfSteel"}],"is_trial":false,"path_per_floor":["M","M","$","M","M","R","E","M","T","?","M","R","M","M","R","B"],"character_chosen":"WATCHER","items_purchased":["TalkToTheHand"],"campfire_rested":1,"item_purchase_floors":[3],"current_hp_per_floor":[57,57,57,57,57,57,41,37,37,37,37,37,34,30,50,0,0],"gold":225,"neow_bonus":"THREE_CARDS","is_daily":false,"chose_seed":false,"campfire_upgraded":2,"win_rate":0.0,"timestamp":1610949819,"path_taken":["M","M","$","M","M","R","E","M","T","?","M","R","M","?","R","BOSS"],"items_purchased_type":["Card"],"build_version":"2020-12-22","purchased_purges":0,"victory":false,"max_hp_per_floor":[68,68,68,68,68,68,68,68,68,68,68,68,68,68,68,68,68],"card_choices":[{"not_picked":["BowlingBash","Worship"],"picked":"ClearTheMind","floor":0.0},{"not_picked":["Protect","Worship"],"picked":"Conclude","floor":1.0},{"not_picked":["EmptyBody","InnerPeace"],"picked":"Halt","floor":2.0},{"not_picked":["Pray","ClearTheMind","Prostrate"],"picked":"SKIP","floor":4.0},{"not_picked":["Halt","SashWhip"],"picked":"BowlingBash","floor":5.0},{"not_picked":["BowlingBash","Alpha"],"picked":"CrushJoints","floor":7.0},{"not_picked":["Evaluate","FlyingSleeves"],"picked":"CutThroughFate","floor":8.0},{"not_picked":["FlurryOfBlows","Meditate"],"picked":"Blasphemy","floor":11.0},{"not_picked":["EmptyFist","Halt"],"picked":"EmptyBody","floor":13.0},{"not_picked":["EmptyBody","ThirdEye"],"picked":"EmptyFist","floor":14.0}],"player_experience":733341,"relics_obtained":[{"floor":7.0,"key":"PreservedInsect"},{"floor":9.0,"key":"Orichalcum"}],"event_choices":[{"damage_healed":0.0,"max_hp_gain":0.0,"max_hp_loss":0.0,"gold_gain":0.0,"event_name":"The Woman in Blue","player_choice":"Bought 1 Potion","floor":10.0,"gold_loss":0.0,"damage_taken":0.0}],"is_beta":false,"boss_relics":[],"items_purged_floors":[],"is_endless":false,"potions_floor_spawned":[2,4,11,13],"killed_by":"The Guardian","ascension_level":15}}