{"host":"kg61lsvem4dxoat8","time":1610947040,"event":{"mods":["BaseMod","Colored Powertips","Minty Spire (QoL Compilation)","Quick Restart","Rare Cards Sparkle","Relic Stats","slay the spire mod where everything is the same but ironclad has a cowboy hat"],"gold_per_floor":[115,115,40,60,73,73,107,123,177,11,11,0,28,44,44,120,120,136,148,148,159,177,177,177],"floor_reached":23,"language":"ENG","playtime":749,"items_purged":[],"score":365,"play_id":"48716108-6123-438a-9e7b-92831432104c","local_time":"20210118131720","is_ascension_mode":true,"campfire_choices":[{"data":"Blade Dance","floor":6,"key":"SMITH"},{"data":"Footwork","floor":11,"key":"SMITH"},{"floor":15,"key":"REST"}],"circlet_count":0,"master_deck":["AscendersBane","Strike_G","Strike_G","Defend_G","Defend_G","Defend_G","Defend_G","Defend_G","Survivor","Neutralize","Blade Dance","Blade Dance+1","Blade Dance","Footwork+1","Finisher","Bullet Time","Underhanded Strike"],"relics":["Ring of the Snake","White Beast Statue","Orichalcum","Oddly Smooth Stone","Busted Crown"],"acts_visited":["Exordium","TheCity"],"potions_floor_usage":[7,7,7,7,13,16,16,19,21,21,23,23],"damage_taken":[{"damage":8,"enemies":"Jaw Worm","floor":1,"turns":4},{"damage":4,"enemies":"Small Slimes","floor":4,"turns":4},{"damage":0,"enemies":"Cultist","floor":5,"turns":5},{"damage":9,"enemies":"Lagavulin","floor":7,"turns":5},{"damage":2,"enemies":"2 Fungi Beasts","floor":8,"turns":3},{"damage":11,"enemies":"3 Sentries","floor":13,"turns":9},{"damage":10,"enemies":"3 Louse","floor":14,"turns":3},{"damage":24,"enemies":"Hexaghost","floor":16,"turns":11},{"damage":7,"enemies":"2 Thieves","floor":18,"turns":5},{"damage":9,"enemies":"Shell Parasite","floor":19,"turns":4},{"damage":18,"enemies":"Cultist and Chosen","floor":21,"turns":7},{"damage":8,"enemies":"Centurion and Healer","floor":22,"turns":6},{"damage":13,"enemies":"Book of Stabbing","floor":23,"turns":4}],"seed_played":"-5554818486607074431","potions_obtained":[{"floor":0,"key":"EntropicBrew"},{"floor":0,"key":"Block Potion"},{"floor":4,"key":"PowerPotion"},{"floor":8,"key":"Dexterity Potion"},{"floor":13,"key":"SkillPotion"},{"floor":14,"key":"FearPotion"},{"floor":16,"key":"BlessingOfTheForge"},{"floor":18,"key":"Fire Potion"},{"floor":19,"key":"Strength Potion"},{"floor":21,"key":"Dexterity Potion"},{"floor":22,"key":"LiquidBronze"}],"is_trial":false,"path_per_floor":["M","?","?","M","M","R","E","M","T","$","R","?","E","M","R","B",null,"M","M","?","M","M","E"],"character_chosen":"THE_SILENT","items_purchased":["Footwork","Finisher"],"campfire_rested":1,"item_purchase_floors":[10,10],"current_hp_per_floor":[51,44,44,40,40,40,31,29,29,29,29,29,18,8,27,3,50,43,34,34,16,8,0,0],"gold":177,"neow_bonus":"THREE_SMALL_POTIONS","is_daily":false,"chose_seed":false,"campfire_upgraded":2,"win_rate":0.0,"timestamp":1610947040,"path_taken":["M","?","?","M","M","R","E","M","T","$","R","?","E","?","R","BOSS","M","M","?","?","M","E"],"items_purchased_type":["Card","Card"],"build_version":"2020-12-22","purchased_purges":0,"victory":false,"max_hp_per_floor":[66,66,66,66,66,66,66,66,66,66,66,66,66,66,66,66,66,66,66,66,66,66,66,66],"relic_stats":{"Busted Crown":8,"counters":[13,70],"Orichalcum":[66],"obtain_stats":[{"Busted Crown":17,"Oddly Smooth Stone":13,"Orichalcum":9,"White Beast Statue":7,"Ring of the Snake":0},{"Busted Crown":8,"Oddly Smooth Stone":6,"Orichalcum":5,"White Beast Statue":4,"Ring of the Snake":0},{"Busted Crown":44,"Oddly Smooth Stone":30,"Orichalcum":21,"White Beast Statue":18,"Ring of the Snake":0}],"Ring of the Snake":[26]},"card_choices":[{"not_picked":["Caltrops","PiercingWail"],"picked":"Blade Dance","floor":1},{"not_picked":["Acrobatics","Riddle With Holes","Catalyst"],"picked":"SKIP","floor":4},{"not_picked":["Concentrate","Caltrops"],"picked":"Blade Dance","floor":5},{"not_picked":["Burst","Outmaneuver","Sucker Punch"],"picked":"SKIP","floor":7},{"not_picked":["Sucker Punch","Skewer"],"picked":"Blade Dance","floor":8},{"not_picked":["Predator","Backstab","PiercingWail"],"picked":"SKIP","floor":13},{"not_picked":["Prepared","Terror","Dodge and Roll"],"picked":"SKIP","floor":14},{"not_picked":["Night Terror","Doppelganger"],"picked":"Bullet Time","floor":16},{"not_picked":["Deflect"],"picked":"SKIP","floor":18},{"not_picked":["Flying Knee"],"picked":"SKIP","floor":19},{"not_picked":["Endless Agony"],"picked":"SKIP","floor":21},{"not_picked":["Deflect"],"picked":"SKIP","floor":22}],"player_experience":1383873,"relics_obtained":[{"floor":7,"key":"White Beast Statue"},{"floor":9,"key":"Orichalcum"},{"floor":13,"key":"Oddly Smooth Stone"}],"event_choices":[{"cards_removed":["Strike_G"],"damage_healed":0,"gold_gain":0,"player_choice":"Card Removal","damage_taken":7,"max_hp_gain":0,"max_hp_loss":0,"event_name":"Golden Wing","floor":2,"gold_loss":0},{"cards_removed":["Strike_G"],"damage_healed":0,"gold_gain":0,"player_choice":"Card Removal","damage_taken":0,"max_hp_gain":0,"max_hp_loss":0,"event_name":"The Cleric","floor":3,"gold_loss":75},{"damage_healed":0,"gold_gain":0,"player_choice":"Left Gold","damage_taken":0,"max_hp_gain":0,"max_hp_loss":0,"event_name":"World of Goop","floor":12,"gold_loss":11},{"damage_healed":0,"gold_gain":0,"cards_transformed":["Strike_G"],"player_choice":"Transformed","damage_taken":0,"max_hp_gain":0,"max_hp_loss":0,"event_name":"Transmorgrifier","floor":20,"gold_loss":0,"cards_obtained":["Underhanded Strike"]}],"is_beta":false,"boss_relics":[{"not_picked":["Velvet Choker","Sozu"],"picked":"Busted Crown"}],"items_purged_floors":[],"is_endless":false,"potions_floor_spawned":[1,4,8,13,14,16,18,19,21,22],"killed_by":"Book of Stabbing","ascension_level":16}}