{"host":"11728qvdvolffudn","time":1610989378,"event":{"mods":["BaseMod","Block Reminder","Colored Powertips","Curses Come First","Custom Start","Displayed Cursed Tome","Highlight Path","Minty Spire (QoL Compilation)","Permanent Neow","Quick Restart","Rare Cards Sparkle","Relic Stats","StSLib"],"gold_per_floor":[113,113,124,141,66,66,98,98,124,124,135,169,183,183,183,278,328,339,387,400,193,108,108,142,156,156,167,15,27,27,27,27,130,130,143,154,169,186,28,41,91,91,118,118,118,118],"floor_reached":45,"language":"ENG","playtime":3451,"items_purged":["Strike_R","Strike_R"],"score":495,"play_id":"a9a36a4a-1d17-49cd-a154-d1c766e77a71","local_time":"20210118170258","is_ascension_mode":false,"campfire_choices":[{"data":"Infernal Blade","floor":6,"key":"SMITH"},{"data":"Whirlwind","floor":8,"key":"SMITH"},{"data":"Spot Weakness","floor":10,"key":"SMITH"},{"data":"Strike_R","floor":15,"key":"PURGE"},{"data":"Demon Form","floor":23,"key":"SMITH"},{"floor":30,"key":"REST"},{"data":"Limit Break","floor":32,"key":"SMITH"},{"data":"Limit Break","floor":42,"key":"SMITH"},{"data":"Defend_R","floor":44,"key":"SMITH"}],"circlet_count":0,"master_deck":["Strike_R+1","Strike_R+1","Defend_R","Defend_R+1","Defend_R+1","Defend_R+1","Bash","Spot Weakness+1","Infernal Blade+1","Whirlwind+1","Ghostly Armor+1","Demon Form+1","Pummel","Shrug It Off","Limit Break+1","Writhe","Limit Break+1","Shrug It Off+1","Flex","Headbutt","Impervious"],"relics":["Black Blood","Blood Vial","PreservedInsect","Whetstone","Peace Pipe","CultistMask","Tiny House","Regal Pillow","Membership Card","Bag of Marbles","Bottled Tornado","Red Skull","War Paint","Anchor","Paper Frog","Champion Belt","Centennial Puzzle"],"acts_visited":["Exordium","TheCity","TheBeyond"],"potions_floor_usage":[7,16,16,20,27,33,40,45],"damage_taken":[{"damage":5,"enemies":"Small Slimes","floor":1,"turns":4},{"damage":6,"enemies":"Cultist","floor":3,"turns":3},{"damage":8,"enemies":"Jaw Worm","floor":4,"turns":4},{"damage":36,"enemies":"Lagavulin","floor":7,"turns":4},{"damage":3,"enemies":"Red Slaver","floor":11,"turns":2},{"damage":29,"enemies":"Gremlin Nob","floor":12,"turns":5},{"damage":0,"enemies":"Gremlin Gang","floor":13,"turns":1},{"damage":40,"enemies":"The Guardian","floor":16,"turns":13},{"damage":37,"enemies":"Spheric Guardian","floor":18,"turns":5},{"damage":10,"enemies":"Chosen","floor":20,"turns":4},{"damage":0,"enemies":"Gremlin Leader","floor":24,"turns":3},{"damage":18,"enemies":"Snecko","floor":25,"turns":5},{"damage":19,"enemies":"Snake Plant","floor":27,"turns":4},{"damage":20,"enemies":"Cultist and Chosen","floor":29,"turns":4},{"damage":1,"enemies":"Automaton","floor":33,"turns":6},{"damage":25,"enemies":"3 Shapes","floor":35,"turns":4},{"damage":30,"enemies":"3 Darklings","floor":36,"turns":7},{"damage":33,"enemies":"Jaw Worm Horde","floor":37,"turns":4},{"damage":2,"enemies":"Sphere and 2 Shapes","floor":38,"turns":3},{"damage":15,"enemies":"Transient","floor":40,"turns":5},{"damage":8,"enemies":"Mind Bloom Boss Battle","floor":41,"turns":5},{"damage":61,"enemies":"Reptomancer","floor":45,"turns":2}],"seed_played":"-1826415517983577668","potions_obtained":[{"floor":1,"key":"BlessingOfTheForge"},{"floor":4,"key":"SneckoOil"},{"floor":11,"key":"Weak Potion"},{"floor":13,"key":"BloodPotion"},{"floor":17,"key":"EssenceOfSteel"},{"floor":18,"key":"ColorlessPotion"},{"floor":24,"key":"SteroidPotion"},{"floor":27,"key":"BlessingOfTheForge"},{"floor":38,"key":"HeartOfIron"},{"floor":40,"key":"CultistPotion"}],"is_trial":false,"path_per_floor":["M","?","M","M","$","R","E","R","T","R","M","E","M","?","R","B",null,"M","T","M","$","?","R","E","M","T","M","$","M","R","?","R","B",null,"M","M","M","M","$","M","?","R","T","R","E"],"character_chosen":"IRONCLAD","items_purchased":["Membership Card","Limit Break","War Paint","Headbutt","Paper Frog"],"campfire_rested":1,"item_purchase_floors":[21,28,28,39,39],"current_hp_per_floor":[80,80,80,78,78,78,50,50,50,50,55,34,42,42,42,10,85,54,54,52,52,52,52,60,50,50,39,39,27,67,67,67,74,85,72,56,37,49,49,48,54,54,54,54,0,0],"gold":118,"neow_bonus":"RANDOM_COMMON_RELIC","is_daily":false,"chose_seed":true,"campfire_upgraded":7,"win_rate":0.0,"timestamp":1610989378,"path_taken":["M","?","M","?","$","R","E","R","T","R","M","E","M","?","R","BOSS","M","?","?","$","?","R","E","M","T","M","$","M","R","?","R","BOSS","M","M","M","M","$","M","?","R","T","R","E"],"items_purchased_type":["Relic","Card","Relic","Card","Relic"],"build_version":"2020-12-22","purchased_purges":2,"victory":false,"max_hp_per_floor":[80,80,80,80,80,80,80,80,80,80,80,80,80,80,80,80,85,85,85,85,85,85,85,85,85,85,85,85,85,85,85,85,85,85,85,85,85,85,85,85,85,85,85,85,85,85],"relic_stats":{"Blood Vial":34,"Peace Pipe":1,"Regal Pillow":15,"Centennial Puzzle":[3],"counters":[22,97],"Black Blood":161,"PreservedInsect":131,"Whetstone":["Strike_R","Strike_R"],"Champion Belt":[3],"War Paint":["Ghostly Armor","Defend_R"],"obtain_stats":[{"Regal Pillow":19,"Tiny House":17,"Black Blood":34,"PreservedInsect":7,"Whetstone":9,"Bottled Tornado":24,"War Paint":28,"Burning Blood":0,"Blood Vial":0,"Peace Pipe":12,"Anchor":31,"Centennial Puzzle":43,"CultistMask":14,"Bag of Marbles":22,"Membership Card":21,"Champion Belt":41,"Red Skull":26,"Paper Frog":39},{"Regal Pillow":9,"Tiny House":8,"Black Blood":15,"PreservedInsect":4,"Whetstone":4,"Bottled Tornado":11,"War Paint":13,"Burning Blood":0,"Blood Vial":0,"Peace Pipe":6,"Anchor":14,"Centennial Puzzle":21,"CultistMask":7,"Bag of Marbles":10,"Membership Card":10,"Champion Belt":21,"Red Skull":12,"Paper Frog":19},{"Regal Pillow":41,"Tiny House":36,"Black Blood":67,"PreservedInsect":15,"Whetstone":15,"Bottled Tornado":48,"War Paint":57,"Burning Blood":0,"Blood Vial":0,"Peace Pipe":22,"Anchor":61,"Centennial Puzzle":95,"CultistMask":23,"Bag of Marbles":45,"Membership Card":45,"Champion Belt":95,"Red Skull":53,"Paper Frog":85}]},"card_choices":[{"not_picked":["Feel No Pain","Fire Breathing"],"picked":"Spot Weakness","floor":1},{"not_picked":["Anger","Uppercut","Second Wind"],"picked":"SKIP","floor":3},{"not_picked":["Shrug It Off","Heavy Blade"],"picked":"Infernal Blade","floor":4},{"not_picked":["Power Through","Fire Breathing"],"picked":"Whirlwind","floor":7},{"not_picked":["Perfected Strike","Second Wind"],"picked":"Ghostly Armor","floor":11},{"not_picked":["True Grit","Intimidate","Second Wind"],"picked":"SKIP","floor":12},{"not_picked":["Body Slam","Anger","Metallicize"],"picked":"SKIP","floor":13},{"not_picked":["Corruption","Reaper"],"picked":"Demon Form","floor":16},{"not_picked":["Rage","Cleave"],"picked":"Pummel","floor":17},{"not_picked":["Thunderclap+1","Pommel Strike","Combust"],"picked":"SKIP","floor":18},{"not_picked":["Inflame","Clothesline","Body Slam"],"picked":"SKIP","floor":20},{"not_picked":["Demon Form","Thunderclap+1"],"picked":"Shrug It Off","floor":24},{"not_picked":["Warcry+1","Anger+1","Blood for Blood"],"picked":"SKIP","floor":25},{"not_picked":["Disarm","Perfected Strike","Clothesline"],"picked":"SKIP","floor":27},{"not_picked":["Rage","Warcry","Armaments"],"picked":"SKIP","floor":29},{"not_picked":["Offering","Demon Form"],"picked":"Limit Break","floor":33},{"not_picked":["Seeing Red","Blood for Blood"],"picked":"Shrug It Off+1","floor":35},{"not_picked":["Perfected Strike+1","Wild Strike","Armaments"],"picked":"SKIP","floor":36},{"not_picked":["True Grit","Body Slam+1","Sever Soul+1"],"picked":"SKIP","floor":37},{"not_picked":["Shockwave","Body Slam"],"picked":"Flex","floor":38},{"not_picked":["Sword Boomerang","Wild Strike+1","Heavy Blade+1"],"picked":"SKIP","floor":40},{"not_picked":["Dual Wield+1","Perfected Strike+1"],"picked":"Impervious","floor":41}],"player_experience":141980,"relics_obtained":[{"floor":7,"key":"PreservedInsect"},{"floor":9,"key":"Whetstone"},{"floor":12,"key":"Peace Pipe"},{"floor":19,"key":"Regal Pillow"},{"floor":24,"key":"Bottled Tornado"},{"floor":26,"key":"Red Skull"},{"floor":41,"key":"Champion Belt"},{"floor":43,"key":"Centennial Puzzle"}],"event_choices":[{"cards_removed":["Strike_R"],"damage_healed":0,"gold_gain":0,"player_choice":"Took Card","damage_taken":0,"max_hp_gain":0,"max_hp_loss":0,"event_name":"NoteForYourself","floor":2,"gold_loss":0,"cards_obtained":["Strike_R"]},{"damage_healed":0,"gold_gain":0,"player_choice":"Trade","damage_taken":0,"relics_obtained":["CultistMask"],"max_hp_gain":0,"max_hp_loss":0,"event_name":"FaceTrader","floor":14,"gold_loss":0},{"damage_healed":0,"gold_gain":0,"player_choice":"Obtained Relic","damage_taken":0,"relics_obtained":["Bag of Marbles"],"max_hp_gain":0,"max_hp_loss":0,"event_name":"Addict","floor":22,"gold_loss":85},{"damage_healed":0,"gold_gain":0,"player_choice":"Opened","damage_taken":0,"relics_obtained":["Anchor"],"max_hp_gain":0,"max_hp_loss":0,"event_name":"The Mausoleum","floor":31,"gold_loss":0,"cards_obtained":["Writhe"]},{"damage_healed":0,"gold_gain":0,"player_choice":"Fight","damage_taken":0,"max_hp_gain":0,"max_hp_loss":0,"event_name":"MindBloom","floor":41,"gold_loss":0}],"is_beta":false,"boss_relics":[{"not_picked":["Coffee Dripper","Ectoplasm"],"picked":"Tiny House"},{"not_picked":["Black Star","Runic Dome"],"picked":"Black Blood"}],"items_purged_floors":[5,21],"is_endless":false,"potions_floor_spawned":[1,4,11,13,18,24,27,29,38,40],"killed_by":"Reptomancer","ascension_level":0}}