{"host":"hxqmxu97ax4h93y4","time":1610988160,"event":{"mods":["BaseMod","Downfall","Hermit","Marisa????????","Minty Spire (QoL Compilation)","Random Character Button","StSLib","The Cursed","The Necromancer","The Runesmith"],"gold_per_floor":[109,123,123,136,153,153,153,153,228,248,258,258,270,281,281,281,281],"floor_reached":16,"language":"ENG","playtime":1112,"items_purged":[],"score":96,"play_id":"9ff074f4-038f-4a2b-92c4-aad1b0d02fa8","local_time":"20210118084240","is_ascension_mode":false,"campfire_choices":[{"data":"Metallicize","floor":6,"key":"SMITH"},{"data":"Corruption","floor":8,"key":"SMITH"},{"data":"Bash","floor":12,"key":"SMITH"},{"data":"Shrug It Off","floor":15,"key":"SMITH"}],"circlet_count":0,"master_deck":["Strike_R","Strike_R","Defend_R","Defend_R","Defend_R","Defend_R","Bash+1","Brutality","Corruption+1","Headbutt","Seeing Red","Bloodletting","Metallicize+1","Entrench","Infernal Blade","Shrug It Off+1","Battle Trance","Carnage"],"relics":["Burning Blood","Shuriken"],"acts_visited":["Exordium"],"potions_floor_usage":[11,16],"damage_taken":[{"damage":13,"enemies":"2 Louse","floor":1,"turns":4},{"damage":17,"enemies":"Small Slimes","floor":2,"turns":5},{"damage":10,"enemies":"Jaw Worm","floor":4,"turns":3},{"damage":5,"enemies":"2 Fungi Beasts","floor":5,"turns":3},{"damage":14,"enemies":"Lots of Slimes","floor":10,"turns":6},{"damage":19,"enemies":"Exordium Thugs","floor":11,"turns":5},{"damage":1,"enemies":"Looter","floor":13,"turns":3},{"damage":10,"enemies":"Lots of Slimes","floor":14,"turns":5},{"damage":58,"enemies":"The Guardian","floor":16,"turns":8}],"seed_played":"2351731798621001689","potions_obtained":[{"floor":1,"key":"Regen Potion"},{"floor":2,"key":"BloodPotion"}],"is_trial":false,"path_per_floor":["M","M","?","M","M","R","?","R","T","M","M","R","M","M","R","B"],"character_chosen":"IRONCLAD","items_purchased":[],"campfire_rested":0,"item_purchase_floors":[],"current_hp_per_floor":[73,62,62,58,59,59,52,52,52,44,45,45,50,46,46,4,4],"gold":281,"neow_bonus":"TRANSFORM_TWO_CARDS","is_daily":false,"chose_seed":false,"campfire_upgraded":4,"win_rate":0.0,"timestamp":1610988160,"path_taken":["M","M","?","M","M","R","?","R","T","M","M","R","M","M","R","BOSS"],"items_purchased_type":[],"build_version":"2020-12-22","purchased_purges":0,"victory":false,"max_hp_per_floor":[80,80,80,80,80,80,80,80,80,80,80,80,80,80,80,80,80],"card_choices":[{"not_picked":["Body Slam","Intimidate"],"picked":"Headbutt","floor":1},{"not_picked":["Feel No Pain","Clothesline"],"picked":"Seeing Red","floor":2},{"not_picked":["Headbutt","Heavy Blade"],"picked":"Metallicize","floor":4},{"not_picked":["Body Slam","Sever Soul"],"picked":"Entrench","floor":5},{"not_picked":["Fiend Fire","Clash"],"picked":"Infernal Blade","floor":10},{"not_picked":["True Grit","Disarm"],"picked":"Shrug It Off","floor":11},{"not_picked":["Combust","Searing Blow"],"picked":"Battle Trance","floor":13},{"not_picked":["Heavy Blade","Bloodletting"],"picked":"Carnage","floor":14}],"player_experience":60443,"relics_obtained":[{"floor":9,"key":"Shuriken"}],"event_choices":[{"damage_healed":0,"gold_gain":0,"cards_transformed":["Strike_R"],"player_choice":"Change","damage_taken":0,"max_hp_gain":0,"max_hp_loss":0,"event_name":"Living Wall","floor":3,"gold_loss":0,"cards_obtained":["Bloodletting"]},{"cards_removed":["downfall:Bewildered"],"damage_healed":0,"gold_gain":0,"player_choice":"Card Removal","damage_taken":7,"max_hp_gain":0,"max_hp_loss":0,"event_name":"Golden Wing","floor":7,"gold_loss":0}],"is_beta":false,"boss_relics":[],"items_purged_floors":[],"is_endless":false,"potions_floor_spawned":[1,2],"killed_by":"The Guardian","ascension_level":0}}