{"host":"x7xd4wkamhrqrrvw","time":1610931466,"event":{"mods":["BaseMod","Minty Spire (QoL Compilation)","StSLib"],"gold_per_floor":[118,137,157,107,123,123,140,175,175,175,175,175,175],"floor_reached":12,"language":"ENG","playtime":521,"items_purged":[],"score":116,"play_id":"0c908e80-cfd5-4c1f-8ca6-961266689976","local_time":"20210117225746","is_ascension_mode":true,"campfire_choices":[{"data":"Feed","floor":6,"key":"SMITH"},{"data":"True Grit","floor":10,"key":"SMITH"}],"circlet_count":0,"master_deck":["Strike_R","Strike_R","Strike_R","Strike_R","Defend_R","Defend_R","Defend_R","Defend_R","Bash","Feed+1","Dark Embrace","Havoc","True Grit+1","Disarm","Wild Strike","Exhume"],"relics":["Burning Blood","Pen Nib","Shuriken"],"acts_visited":["Exordium"],"potions_floor_usage":[8,8,12],"damage_taken":[{"damage":1,"enemies":"Small Slimes","floor":1,"turns":4},{"damage":6,"enemies":"2 Louse","floor":2,"turns":4},{"damage":30,"enemies":"Cultist","floor":3,"turns":7},{"damage":23,"enemies":"Red Slaver","floor":5,"turns":9},{"damage":8,"enemies":"Looter","floor":7,"turns":4},{"damage":40,"enemies":"Gremlin Nob","floor":8,"turns":6},{"damage":20,"enemies":"3 Sentries","floor":12,"turns":4}],"seed_played":"-8571400154221404878","potions_obtained":[{"floor":1,"key":"Weak Potion"},{"floor":5,"key":"Fire Potion"},{"floor":8,"key":"Block Potion"}],"is_trial":false,"path_per_floor":["M","M","M","?","M","R","M","E","T","R","?","E"],"character_chosen":"IRONCLAD","items_purchased":[],"campfire_rested":0,"item_purchase_floors":[],"current_hp_per_floor":[75,78,57,57,43,43,45,11,11,11,11,0,0],"gold":175,"neow_bonus":"THREE_RARE_CARDS","is_daily":false,"chose_seed":false,"campfire_upgraded":2,"win_rate":0.0,"timestamp":1610931466,"path_taken":["M","M","M","?","M","R","M","E","T","R","?","E"],"items_purchased_type":[],"build_version":"2020-12-22","purchased_purges":0,"victory":false,"max_hp_per_floor":[75,78,81,81,84,84,88,88,88,88,88,88,88],"card_choices":[{"not_picked":["Impervious","Bludgeon"],"picked":"Feed","floor":0},{"not_picked":["Thunderclap","Havoc"],"picked":"Dark Embrace","floor":1},{"not_picked":["Rupture","Body Slam"],"picked":"Havoc","floor":2},{"not_picked":["Warcry","Flex"],"picked":"True Grit","floor":3},{"not_picked":["Clothesline","Anger"],"picked":"Disarm","floor":5},{"not_picked":["Sword Boomerang","Disarm"],"picked":"Wild Strike","floor":7},{"not_picked":["Shrug It Off","Sever Soul"],"picked":"Exhume","floor":8}],"player_experience":323106,"relics_obtained":[{"floor":8,"key":"Pen Nib"},{"floor":9,"key":"Shuriken"}],"event_choices":[{"cards_removed":["Strike_R"],"damage_healed":0,"gold_gain":0,"player_choice":"Card Removal","damage_taken":0,"max_hp_gain":0,"max_hp_loss":0,"event_name":"The Cleric","floor":4,"gold_loss":50},{"damage_healed":0,"gold_gain":0,"player_choice":"Ignored","damage_taken":0,"max_hp_gain":0,"max_hp_loss":0,"event_name":"Shining Light","floor":11,"gold_loss":0}],"is_beta":false,"boss_relics":[],"items_purged_floors":[],"is_endless":false,"potions_floor_spawned":[1,5,8],"killed_by":"3 Sentries","ascension_level":9}}