{"host":"szp1d6dso4pv7ddl","time":1610941249,"event":{"mods":["AchievementEnabler","Alarm Clock","BaseMod","Bestiary","Block Reminder","Colored Map","Colored Powertips","Curses Come First","Dark Map","Displayed Cursed Tome","Highlight Path","Minty Spire (QoL Compilation)","Permanent Neow","Quick Restart","Relic Sorter","Relic Stats","StSLib","Synergy Search"],"gold_per_floor":[112,131,142,41,41,74,74,88,88,88,99,112,123,73,73,73,73],"floor_reached":16,"language":"ENG","playtime":1334,"items_purged":["Strike_R","Strike_R"],"score":177,"play_id":"4a45939b-9592-489d-9ab5-2c25401ac4be","local_time":"20210117194049","is_ascension_mode":true,"campfire_choices":[{"floor":7,"key":"REST"},{"data":"Berserk","floor":15,"key":"SMITH"}],"circlet_count":0,"master_deck":["AscendersBane","Strike_R","Strike_R","Strike_R","Defend_R","Defend_R","Defend_R","Defend_R","Bash","Berserk+1","Disarm","Entrench","Metallicize","Shrug It Off","Armaments","Clothesline","Feel No Pain"],"relics":["Burning Blood","FaceOfCleric","Smiling Mask","Akabeko"],"acts_visited":["Exordium"],"potions_floor_usage":[2,11,16],"damage_taken":[{"damage":5,"enemies":"Cultist","floor":1,"turns":5},{"damage":5,"enemies":"Small Slimes","floor":2,"turns":4},{"damage":9,"enemies":"2 Louse","floor":3,"turns":5},{"damage":49,"enemies":"Lagavulin","floor":6,"turns":10},{"damage":39,"enemies":"Exordium Thugs","floor":8,"turns":8},{"damage":0,"enemies":"2 Fungi Beasts","floor":11,"turns":6},{"damage":5,"enemies":"Looter","floor":12,"turns":4},{"damage":11,"enemies":"Red Slaver","floor":13,"turns":6},{"damage":41,"enemies":"The Guardian","floor":16,"turns":10}],"seed_played":"7463121650213960606","potions_obtained":[{"floor":1,"key":"AttackPotion"},{"floor":6,"key":"SneckoOil"},{"floor":8,"key":"BloodPotion"}],"is_trial":false,"path_per_floor":["M","M","M","$","?","E","R","M","T","?","M","M","M","$","R","B"],"character_chosen":"IRONCLAD","items_purchased":["Shrug It Off"],"campfire_rested":1,"item_purchase_floors":[4],"current_hp_per_floor":[69,70,67,67,67,25,47,15,15,20,43,45,41,41,41,0,0],"gold":73,"neow_bonus":"ONE_RANDOM_RARE_CARD","is_daily":false,"chose_seed":false,"campfire_upgraded":1,"win_rate":0.0,"timestamp":1610941249,"path_taken":["M","M","?","$","?","E","R","?","T","?","M","M","M","$","R","BOSS"],"items_purchased_type":["Card"],"build_version":"2020-12-22","purchased_purges":2,"victory":false,"max_hp_per_floor":[75,75,75,75,75,76,76,77,77,82,83,84,85,85,85,85,85],"relic_stats":{"FaceOfCleric":5,"counters":[9,58],"Smiling Mask":50,"obtain_stats":[{"FaceOfCleric":5,"Smiling Mask":6,"Burning Blood":0,"Akabeko":9},{"FaceOfCleric":3,"Smiling Mask":4,"Burning Blood":0,"Akabeko":5},{"FaceOfCleric":14,"Smiling Mask":24,"Burning Blood":0,"Akabeko":32}],"Burning Blood":48},"card_choices":[{"not_picked":["Pommel Strike","Headbutt"],"picked":"Disarm","floor":1},{"not_picked":["Combust","Sword Boomerang"],"picked":"Entrench","floor":2},{"not_picked":["Sever Soul","Perfected Strike"],"picked":"Metallicize","floor":3},{"not_picked":["Shockwave","Sever Soul","Entrench"],"picked":"SKIP","floor":6},{"not_picked":["Twin Strike","Fire Breathing"],"picked":"Armaments","floor":8},{"not_picked":["Spot Weakness","Perfected Strike"],"picked":"Clothesline","floor":11},{"not_picked":["Flex","Corruption"],"picked":"Feel No Pain","floor":12},{"not_picked":["Rampage","Thunderclap","Reckless Charge"],"picked":"SKIP","floor":13}],"player_experience":1210314,"relics_obtained":[{"floor":6,"key":"Smiling Mask"},{"floor":9,"key":"Akabeko"}],"event_choices":[{"damage_healed":0,"gold_gain":0,"player_choice":"Trade","damage_taken":0,"relics_obtained":["FaceOfCleric"],"max_hp_gain":0,"max_hp_loss":0,"event_name":"FaceTrader","floor":5,"gold_loss":0},{"damage_healed":0,"gold_gain":0,"player_choice":"Donut","damage_taken":0,"max_hp_gain":5,"max_hp_loss":0,"event_name":"Big Fish","floor":10,"gold_loss":0}],"is_beta":false,"boss_relics":[],"items_purged_floors":[4,14],"is_endless":false,"potions_floor_spawned":[1,6,8],"killed_by":"The Guardian","ascension_level":14}}