{"host":"91blwi3hgehj6ch9","time":1610963986,"event":{"mods":["2.2 Compatiblity","AchievementEnabler","BaseMod","Colored Map","DeckTracker","Keyboard Shortcuts","Marisa£¨Ùöéë¡¡Øª×âÞÞ£©","Minty Spire (QoL Compilation)","Permanent Neow","Quick Restart","StSLib","SuperFastMode","everything is the same but u backflip on backflip"],"gold_per_floor":[119,145,70,80,80,105,123,123,147,147,186,186,186,205,205,298,298,317,317,317,317,317,317,355,368,391,411,411,444,444,487,487,586,586,601,601,47,71,125,125,156,489,489,489,504,504,553,553,553,553],"floor_reached":51,"language":"KOR","playtime":1476,"items_purged":["Defend_G","Strike_G"],"score":1324,"play_id":"268c9e00-5c43-448c-93ac-fd22db01feed","local_time":"20210118185946","is_ascension_mode":true,"campfire_choices":[{"data":"Blade Dance","floor":10.0,"key":"SMITH"},{"data":"Dash","floor":12.0,"key":"SMITH"},{"floor":15.0,"key":"REST"},{"data":"Blade Dance","floor":23.0,"key":"SMITH"},{"floor":28.0,"key":"REST"},{"floor":32.0,"key":"REST"},{"floor":40.0,"key":"REST"},{"data":"Accuracy","floor":44,"key":"SMITH"},{"data":"Terror","floor":46,"key":"SMITH"},{"data":"Leg Sweep","floor":49,"key":"SMITH"}],"circlet_count":0,"master_deck":["AscendersBane","Strike_G","Strike_G","Defend_G","Defend_G","Defend_G","Survivor+1","Neutralize","After Image","PiercingWail+1","Dash+1","Blade Dance+1","Backflip","After Image","Venomology","Leg Sweep+1","Blade Dance+1","Accuracy+1","Blade Dance","After Image","After Image","Glass Knife","Accuracy+1","Phantasmal Killer+1","Terror+1"],"relics":["Ring of the Snake","Pen Nib","Eternal Feather","Nunchaku","Blood Vial","WristBlade","Oddly Smooth Stone","Vajra","Ancient Tea Set","Letter Opener","Black Star","Molten Egg 2","Gambling Chip","War Paint","Bag of Preparation","Omamori","The Courier","HornCleat","Lizard Tail"],"acts_visited":["Exordium","TheCity","TheBeyond"],"potions_floor_usage":[50],"damage_taken":[{"damage":1.0,"enemies":"Cultist","floor":1.0,"turns":5.0},{"damage":0.0,"enemies":"2 Louse","floor":4.0,"turns":3.0},{"damage":31.0,"enemies":"Lagavulin","floor":6.0,"turns":9.0},{"damage":2.0,"enemies":"Small Slimes","floor":7.0,"turns":4.0},{"damage":25.0,"enemies":"Gremlin Nob","floor":11.0,"turns":5.0},{"damage":4.0,"enemies":"Looter","floor":14.0,"turns":3.0},{"damage":19.0,"enemies":"Slime Boss","floor":16.0,"turns":15.0},{"damage":2.0,"enemies":"Shell Parasite","floor":18.0,"turns":5.0},{"damage":26.0,"enemies":"Slavers","floor":24.0,"turns":8.0},{"damage":2.0,"enemies":"Spheric Guardian","floor":25.0,"turns":3.0},{"damage":16.0,"enemies":"Snake Plant","floor":27.0,"turns":5.0},{"damage":5.0,"enemies":"Book of Stabbing","floor":29.0,"turns":4.0},{"damage":40.0,"enemies":"Slavers","floor":31.0,"turns":6.0},{"damage":5.0,"enemies":"Champ","floor":33.0,"turns":9.0},{"damage":3.0,"enemies":"3 Shapes","floor":35.0,"turns":6.0},{"damage":34.0,"enemies":"3 Darklings","floor":38.0,"turns":5.0},{"damage":34,"enemies":"Reptomancer","floor":41,"turns":6},{"damage":11,"enemies":"Maw","floor":45,"turns":5},{"damage":3,"enemies":"2 Orb Walkers","floor":47,"turns":2},{"damage":19,"enemies":"Awakened One","floor":50,"turns":8}],"seed_played":"-2503114998588453144","potions_obtained":[{"floor":1.0,"key":"FearPotion"},{"floor":7.0,"key":"Poison Potion"},{"floor":16.0,"key":"Swift Potion"},{"floor":31.0,"key":"AttackPotion"},{"floor":38.0,"key":"SteroidPotion"}],"is_trial":false,"path_per_floor":["M","T","$","M","?","E","M","?","T","R","E","R","?","M","R","B",null,"M","?","?","?","?","R","E","M","T","M","R","E","?","E","R","B",null,"M","?","$","M","T","R","E","?","T","R","M","R","?","?","R","B",null],"character_chosen":"THE_SILENT","items_purchased":["Gambling Chip","War Paint"],"campfire_rested":4,"item_purchase_floors":[37,37],"current_hp_per_floor":[58,58,58,58,58,27,25,25,25,34,9,18,18,16,41,24,47,47,47,47,47,47,54,28,28,28,14,42,39,39,1,32,29,48,47,47,47,15,15,43,11,11,11,23,14,29,28,28,43,26],"gold":553,"neow_bonus":"THREE_RARE_CARDS","is_daily":false,"chose_seed":false,"campfire_upgraded":6,"win_rate":0.0,"timestamp":1610963986,"path_taken":["M","?","$","M","?","E","M","?","T","R","E","R","?","?","R","BOSS","M","?","?","?","?","R","E","M","T","?","R","E","?","E","R","BOSS","M","?","$","?","?","R","E","?","T","R","M","R","?","?","R","BOSS"],"items_purchased_type":["Relic","Relic"],"build_version":"2020-12-22","purchased_purges":2,"victory":true,"max_hp_per_floor":[60,60,60,60,60,60,60,54,54,54,54,54,54,54,54,54,54,54,54,54,54,54,54,54,54,54,54,54,54,54,54,54,54,54,54,54,54,54,54,54,54,54,54,54,54,54,54,54,54,54],"card_choices":[{"not_picked":["Night Terror","Tools of the Trade"],"picked":"After Image","floor":0.0},{"not_picked":["Heel Hook","Calculated Gamble"],"picked":"PiercingWail","floor":1.0},{"not_picked":["Backstab","Accuracy"],"picked":"Dagger Spray","floor":4.0},{"not_picked":["Blur","PiercingWail"],"picked":"Dash","floor":6.0},{"not_picked":["Cloak And Dagger","Poisoned Stab"],"picked":"Blade Dance","floor":7.0},{"not_picked":["Deflect","Distraction"],"picked":"Backflip","floor":11.0},{"not_picked":["Cloak And Dagger","Poisoned Stab"],"picked":"After Image","floor":14.0},{"not_picked":["Doppelganger","Tools of the Trade"],"picked":"Venomology","floor":16.0},{"not_picked":["Deflect","Prepared"],"picked":"Leg Sweep","floor":18.0},{"not_picked":["Acrobatics","Outmaneuver"],"picked":"Accuracy","floor":24.0},{"not_picked":["Deflect","Dagger Throw","Riddle With Holes"],"picked":"SKIP","floor":25.0},{"not_picked":["Concentrate","Backstab"],"picked":"Blade Dance","floor":27.0},{"not_picked":["Acrobatics","Dagger Spray+1"],"picked":"After Image","floor":29.0},{"not_picked":["Dagger Spray","Slice"],"picked":"Accuracy","floor":31.0},{"not_picked":["Grand Finale","Die Die Die"],"picked":"Phantasmal Killer","floor":33.0},{"not_picked":["Skewer+1","Quick Slash","Cloak And Dagger"],"picked":"SKIP","floor":35.0},{"not_picked":["Quick Slash+1","Acrobatics+1","Sucker Punch+1"],"picked":"SKIP","floor":38.0},{"not_picked":["Outmaneuver+1","Dagger Spray+1","Grand Finale+1"],"picked":"SKIP","floor":41},{"not_picked":["Deadly Poison","Leg Sweep"],"picked":"Terror","floor":45}],"player_experience":185650,"relics_obtained":[{"floor":2.0,"key":"Pen Nib"},{"floor":6.0,"key":"Eternal Feather"},{"floor":9.0,"key":"Nunchaku"},{"floor":11.0,"key":"Blood Vial"},{"floor":24.0,"key":"Oddly Smooth Stone"},{"floor":26.0,"key":"Vajra"},{"floor":29.0,"key":"Ancient Tea Set"},{"floor":31.0,"key":"Letter Opener"},{"floor":39.0,"key":"Bag of Preparation"},{"floor":41,"key":"Omamori"},{"floor":41,"key":"The Courier"},{"floor":43,"key":"HornCleat"},{"floor":47,"key":"Lizard Tail"}],"event_choices":[{"cards_removed":["Defend_G"],"damage_healed":0.0,"max_hp_gain":0.0,"max_hp_loss":0.0,"gold_gain":0.0,"event_name":"Living Wall","player_choice":"Forget","floor":5.0,"gold_loss":0.0,"damage_taken":0.0},{"damage_healed":0.0,"max_hp_gain":0.0,"max_hp_loss":6.0,"gold_gain":0.0,"event_name":"Golden Idol","player_choice":"Lose Max HP","floor":8.0,"gold_loss":0.0,"damage_taken":0.0,"relics_obtained":["Golden Idol"]},{"damage_healed":0.0,"max_hp_gain":0.0,"max_hp_loss":0.0,"gold_gain":0.0,"event_name":"Upgrade Shrine","player_choice":"Upgraded","floor":13.0,"gold_loss":0.0,"damage_taken":0.0,"cards_upgraded":["PiercingWail"]},{"damage_healed":0.0,"max_hp_gain":0.0,"max_hp_loss":0.0,"gold_gain":0.0,"event_name":"Ghosts","player_choice":"Ignored","floor":19.0,"gold_loss":0.0,"damage_taken":0.0},{"damage_healed":0.0,"max_hp_gain":0.0,"max_hp_loss":0.0,"gold_gain":0.0,"event_name":"The Mausoleum","player_choice":"Ignored","floor":20.0,"gold_loss":0.0,"damage_taken":0.0},{"damage_healed":0.0,"max_hp_gain":0.0,"max_hp_loss":0.0,"gold_gain":0.0,"event_name":"Cursed Tome","player_choice":"Ignored","floor":21.0,"gold_loss":0.0,"damage_taken":0.0},{"damage_healed":0.0,"max_hp_gain":0.0,"max_hp_loss":0.0,"gold_gain":0.0,"event_name":"The Library","player_choice":"Read","floor":22.0,"gold_loss":0.0,"damage_taken":0.0,"cards_obtained":["Blade Dance"]},{"damage_healed":0.0,"max_hp_gain":0.0,"max_hp_loss":0.0,"gold_gain":0.0,"cards_transformed":["Strike_G","Strike_G"],"event_name":"Drug Dealer","player_choice":"Became Test Subject","floor":30.0,"gold_loss":0.0,"damage_taken":0.0,"cards_obtained":["After Image","Glass Knife"]},{"cards_removed":["Dagger Spray"],"damage_healed":0.0,"max_hp_gain":0.0,"max_hp_loss":0.0,"gold_gain":0.0,"event_name":"WeMeetAgain","player_choice":"Gave Card","floor":36.0,"gold_loss":0.0,"damage_taken":0.0,"relics_obtained":["Molten Egg 2"]},{"damage_healed":0,"gold_gain":333,"player_choice":"Gave Idol","damage_taken":0,"max_hp_gain":0,"max_hp_loss":0,"event_name":"The Moai Head","floor":42,"relics_lost":["Golden Idol"],"gold_loss":0},{"damage_healed":0,"gold_gain":0,"player_choice":"Fight","damage_taken":0,"max_hp_gain":0,"max_hp_loss":0,"event_name":"Mysterious Sphere","floor":47,"gold_loss":0},{"damage_healed":0,"gold_gain":0,"player_choice":"Upgraded","damage_taken":0,"max_hp_gain":0,"max_hp_loss":0,"event_name":"Upgrade Shrine","floor":48,"gold_loss":0,"cards_upgraded":["Accuracy"]}],"is_beta":false,"boss_relics":[{"not_picked":["HoveringKite","Runic Pyramid"],"picked":"WristBlade"},{"not_picked":["Velvet Choker","Sozu"],"picked":"Black Star"}],"items_purged_floors":[3,37],"is_endless":false,"potions_floor_spawned":[1,7,16,24,27,31,35,38],"ascension_level":15}}