{"host":"egwexuw5uvnxf11j","time":1610933485,"event":{"mods":["2.2 Compatiblity","Aspiration","BaseMod","Better Altar","Better Note","Better Sensory Stone","Better Third Choice","Displayed Cursed Tome","Downfall","Hermit","Key Reminder","Koishi","Marisa????????","Minty Spire (QoL Compilation)","Quick Restart","Shade Mod","Spicy Shops","StSLib","The Construct","The Cursed","The Hierophant","The Runesmith","The Senshi","The Servant 0.9.4","Transform Curses"],"gold_per_floor":[117,292,292,312,312,312,342,353,434,469,483,132,148,160,160,260,260,277,277,288,288,308,308,30,41,41,66,76,76,4,36,36,36,36],"floor_reached":33,"language":"ENG","playtime":1147,"items_purged":[],"score":409,"play_id":"03082dee-35e0-4543-95e5-97393e6be9a5","local_time":"20210117203125","is_ascension_mode":true,"campfire_choices":[{"floor":6,"key":"REST"},{"floor":15,"key":"REST"},{"floor":23,"key":"REST"},{"floor":29,"key":"REST"},{"floor":32,"key":"REST"}],"circlet_count":0,"master_deck":["Strike_G","Strike_G","Strike_G","Strike_G","Defend_G","Defend_G","Defend_G","Defend_G+1","Survivor","Neutralize","Dagger Spray","Demon Form+1","Infinite Blades","Eviscerate","Dagger Throw","Underhanded Strike","Predator","Terror","Dodge and Roll+1","Bullet Time","CurseOfTheBell","Infinite Blades","Cloak And Dagger","Backstab","Die Die Die","Quick Slash+1","Accuracy","Dagger Spray","Cloak And Dagger","Infinite Blades+1","Night Terror","Escape Plan","Concentrate"],"relics":["Ring of the Snake","NeowsBlessing","Bronze Scales","keyreminder:keyreminder","StrikeDummy","PreservedInsect","Regal Pillow","ClockworkSouvenir","Calling Bell","Ancient Tea Set","Sundial","Shovel","aspiration:Lifesprig","Bottled Lightning","War Paint","Girya"],"acts_visited":["Exordium","TheCity"],"potions_floor_usage":[16,22,22,27,31,33],"damage_taken":[{"damage":0,"enemies":"Jaw Worm","floor":1,"turns":1},{"damage":0,"enemies":"Small Slimes","floor":4,"turns":1},{"damage":0,"enemies":"3 Sentries","floor":7,"turns":1},{"damage":0,"enemies":"Cultist","floor":8,"turns":4},{"damage":10,"enemies":"Lagavulin","floor":10,"turns":5},{"damage":13,"enemies":"3 Louse","floor":11,"turns":2},{"damage":8,"enemies":"Blue Slaver","floor":13,"turns":2},{"damage":7,"enemies":"2 Fungi Beasts","floor":14,"turns":3},{"damage":0,"enemies":"Slime Boss","floor":16,"turns":5},{"damage":8,"enemies":"3 Byrds","floor":18,"turns":3},{"damage":27,"enemies":"2 Thieves","floor":20,"turns":3},{"damage":28,"enemies":"3 Cultists","floor":22,"turns":5},{"damage":12,"enemies":"Cultist and Chosen","floor":25,"turns":3},{"damage":16,"enemies":"Book of Stabbing","floor":27,"turns":3},{"damage":3,"enemies":"Centurion and Healer","floor":28,"turns":3},{"damage":44,"enemies":"Slavers","floor":31,"turns":3},{"damage":54,"enemies":"Automaton","floor":33,"turns":6}],"seed_played":"-3680341854111189194","potions_obtained":[{"floor":7,"key":"DuplicationPotion"},{"floor":8,"key":"PowerPotion"},{"floor":13,"key":"CultistPotion"},{"floor":18,"key":"DuplicationPotion"},{"floor":22,"key":"Strength Potion"},{"floor":25,"key":"Poison Potion"}],"is_trial":false,"path_per_floor":["M","?","?","M","?","R","E","M","T","E","M","$","M","M","R","B",null,"M","?","M","?","M","R","$","M","T","E","M","R","$","E","R","B"],"character_chosen":"THE_SILENT","items_purchased":["Regal Pillow","ClockworkSouvenir","Terror","Accuracy","aspiration:Lifesprig","Dagger Spray","Escape Plan"],"campfire_rested":5,"item_purchase_floors":[12,12,12,24,24,24,30],"current_hp_per_floor":[70,70,61,61,54,70,70,70,70,60,47,47,39,32,68,68,70,62,62,35,35,7,43,43,31,31,15,12,48,48,4,40,0,0],"gold":36,"neow_bonus":"THREE_ENEMY_KILL","is_daily":false,"chose_seed":false,"campfire_upgraded":0,"win_rate":0.0,"timestamp":1610933485,"path_taken":["M","?","?","M","?","R","E","M","T","E","M","$","M","M","R","BOSS","M","?","M","?","M","R","$","M","T","E","M","R","?","E","R","BOSS"],"items_purchased_type":["Relic","Relic","Card","Card","Relic","Card","Card"],"build_version":"2020-12-22","purchased_purges":0,"victory":false,"max_hp_per_floor":[70,70,70,70,70,70,70,70,70,70,70,70,70,70,70,70,70,70,70,70,70,70,70,70,70,70,70,70,70,70,70,70,70,70],"card_choices":[{"not_picked":["Deflect","Dodge and Roll"],"picked":"Dagger Spray","floor":1},{"not_picked":["Prepared","Heel Hook"],"picked":"Infinite Blades","floor":4},{"not_picked":["Poisoned Stab","Grand Finale"],"picked":"Eviscerate","floor":7},{"not_picked":["Sucker Punch","Acrobatics"],"picked":"Dagger Throw","floor":8},{"not_picked":["Deadly Poison","Quick Slash"],"picked":"Underhanded Strike","floor":10},{"not_picked":["Outmaneuver","PiercingWail"],"picked":"Predator","floor":11},{"not_picked":["Outmaneuver","Predator"],"picked":"Dodge and Roll","floor":13},{"not_picked":["Grand Finale","Bane","Choke"],"picked":"SKIP","floor":14},{"not_picked":["Grand Finale","Malaise"],"picked":"Bullet Time","floor":16},{"not_picked":["Quick Slash","Endless Agony+1"],"picked":"Infinite Blades","floor":18},{"not_picked":["Sucker Punch","Heel Hook"],"picked":"Cloak And Dagger","floor":20},{"not_picked":["Eviscerate","Deadly Poison+1"],"picked":"Quick Slash+1","floor":22},{"not_picked":["Underhanded Strike+1","Dagger Throw"],"picked":"Cloak And Dagger","floor":25},{"not_picked":["Quick Slash","Dagger Spray"],"picked":"Infinite Blades+1","floor":27},{"not_picked":["Flechettes","Sucker Punch+1"],"picked":"Night Terror","floor":28},{"not_picked":["PiercingWail+1","Acrobatics+1"],"picked":"Concentrate","floor":31}],"player_experience":2245777,"relics_obtained":[{"floor":7,"key":"Bronze Scales"},{"floor":9,"key":"StrikeDummy"},{"floor":10,"key":"PreservedInsect"},{"floor":17,"key":"Ancient Tea Set"},{"floor":17,"key":"Sundial"},{"floor":17,"key":"Shovel"},{"floor":26,"key":"Bottled Lightning"},{"floor":27,"key":"War Paint"},{"floor":31,"key":"Girya"}],"event_choices":[{"damage_healed":0,"gold_gain":175,"player_choice":"AGREE","damage_taken":117,"max_hp_gain":0,"max_hp_loss":0,"event_name":"betterThird:BetterSerpent","floor":2,"gold_loss":0},{"damage_healed":0,"gold_gain":0,"player_choice":"Card ","damage_taken":9,"max_hp_gain":0,"max_hp_loss":0,"event_name":"betterThird:BetterScrap","floor":3,"gold_loss":0,"cards_obtained":["Demon Form"]},{"cards_removed":["Doubt"],"damage_healed":0,"gold_gain":0,"player_choice":"Card Removal","damage_taken":7,"max_hp_gain":0,"max_hp_loss":0,"event_name":"Golden Wing","floor":5,"gold_loss":0},{"damage_healed":0,"gold_gain":0,"cards_transformed":["Defend_G","Strike_G"],"player_choice":"Became Test Subject","damage_taken":0,"max_hp_gain":0,"max_hp_loss":0,"event_name":"Drug Dealer","floor":21,"gold_loss":0,"cards_obtained":["Backstab","Die Die Die"]}],"is_beta":false,"boss_relics":[{"not_picked":["Pandora\u0027s Box","Runic Dome"],"picked":"Calling Bell"}],"items_purged_floors":[],"is_endless":false,"potions_floor_spawned":[4,7,8,13,18,22,25],"killed_by":"Automaton","ascension_level":2}}