{"host":"a1u4jo6xlg3w0wsm","time":1610966326,"event":{"mods":["BaseMod","Better Third Choice","DeckTracker","Downfall","Hermit","Hubris","Minty Spire (QoL Compilation)","Rare Cards Sparkle","Replay The Spire","StSLib","The Cursed"],"gold_per_floor":[119,119,129,148,41,41,73,73,73,23,23,23,23,36,36,68,68,68,68],"floor_reached":18,"playtime":734,"items_purged":[],"score":142,"play_id":"edcffdb0-2458-4b7a-9d31-00a1c1f78523","local_time":"20210118233846","is_ascension_mode":true,"campfire_choices":[{"data":"hermit:GhostlyPresence","floor":6,"key":"SMITH"},{"data":"hermit:BlackWind","floor":8,"key":"SMITH"},{"floor":17,"key":"REST"}],"circlet_count":0,"master_deck":["hermit:Strike_Hermit","hermit:Strike_Hermit","hermit:Strike_Hermit","hermit:Strike_Hermit","hermit:Defend_Hermit","hermit:Defend_Hermit","hermit:Defend_Hermit","hermit:Snapshot","hermit:Covet","hermit:Dive","hermit:Quickdraw","hermit:GhostlyPresence+1","Bandage Up","hermit:Feint","hermit:BlackWind+1","hermit:GhostlyPresence"],"relics":["hermit:Momento","NeowsBlessing","hubris:DisguiseKit","hubris:OldNail","hubris:BottledRain"],"acts_visited":["Exordium"],"potions_floor_usage":[1,16],"damage_taken":[{"damage":0,"enemies":"Jaw Worm","floor":1,"turns":1},{"damage":0,"enemies":"Small Slimes","floor":3,"turns":2},{"damage":0,"enemies":"2 Louse","floor":4,"turns":1},{"damage":28,"enemies":"Replay:BlueRogue","floor":7,"turns":10},{"damage":9,"enemies":"2 Fungi Beasts","floor":14,"turns":4},{"damage":14,"enemies":"Lagavulin","floor":16,"turns":11},{"damage":0,"enemies":"The Guardian","floor":18,"turns":1}],"seed_played":"-6581255302306107273","potions_obtained":[{"floor":1,"key":"EntropicBrew"},{"floor":7,"key":"hermit:Tonic"},{"floor":16,"key":"SpeedPotion"}],"is_trial":false,"path_per_floor":["M","?","M","M","$","R","E","R","T","?","$","PTL","PTL","M","$","E","R","B"],"character_chosen":"HERMIT","items_purchased":["Bandage Up","hermit:Feint"],"campfire_rested":1,"item_purchase_floors":[5,5],"current_hp_per_floor":[75,75,75,75,75,75,51,51,51,51,51,51,51,46,46,36,58,58,58],"gold":68,"neow_bonus":"THREE_ENEMY_KILL","is_daily":false,"chose_seed":false,"campfire_upgraded":2,"win_rate":0.0,"timestamp":1610966326,"path_taken":["M","?","M","M","$","R","E","R","T","?","?","PTL","PTL","M","$","E","R","BOSS"],"items_purchased_type":["Card","Card"],"build_version":"2020-12-13","purchased_purges":0,"victory":false,"max_hp_per_floor":[75,75,75,75,75,75,75,75,75,75,75,75,75,75,75,75,75,75,75],"card_choices":[{"not_picked":["hermit:GoldenBullet","hermit:Feint"],"picked":"hermit:Dive","floor":1},{"not_picked":["hermit:Snipe","hermit:PistolWhip","Dagger Spray"],"picked":"hermit:Quickdraw","floor":3},{"not_picked":["hermit:SprayPray","hermit:Feint","Dash"],"picked":"hermit:GhostlyPresence","floor":4},{"not_picked":["hermit:Quickdraw","hermit:ItchyTrigger","Deflect"],"picked":"hermit:BlackWind","floor":7},{"not_picked":["hermit:Desperado","hermit:ItchyTrigger","Deadly Poison"],"picked":"hermit:GhostlyPresence","floor":14},{"not_picked":["hermit:Midnight","hermit:BigShot","hermit:TrackingShot","Dagger Spray"],"picked":"SKIP","floor":16}],"player_experience":359509,"relics_obtained":[{"floor":7,"key":"hubris:OldNail"},{"floor":16,"key":"hubris:BottledRain"}],"event_choices":[{"cards_removed":["hermit:Defend_Hermit"],"damage_healed":0,"gold_gain":0,"player_choice":"Card Removal","damage_taken":0,"max_hp_gain":0,"max_hp_loss":0,"event_name":"The Cleric","floor":10,"gold_loss":50}],"is_beta":false,"boss_relics":[],"items_purged_floors":[],"is_endless":false,"potions_floor_spawned":[1,7,16],"killed_by":"The Guardian","ascension_level":4}}