{"host":"xt797mi8yhee06c1","time":1610938217,"event":{"mods":["100% Spire Juice","BaseMod","Bestiary","Koishi","Marisa£¨Ùöéë¡¡Øª×âÞÞ£©","Minty Spire (QoL Compilation)","Poor People Problems","Prisma Mod","Relic Filter","Shop Mod","Spicy Shops","StSLib","The Marked","The Servant 0.9.4","WarShipGirlsR/??á´Ò³R mod"],"gold_per_floor":[109,119,119,134,144,173,193,211,211,211,230,230,247,277,277,277,277],"floor_reached":16,"language":"KOR","playtime":796,"items_purged":[],"score":166,"play_id":"68059320-ff6b-48b7-8a5e-16df4af13afd","local_time":"20210118115017","is_ascension_mode":false,"campfire_choices":[{"floor":12.0,"key":"REST"},{"floor":15,"key":"REST"}],"circlet_count":0,"master_deck":["rmod:strick","rmod:strick","rmod:strick","rmod:strick","rmod:defend","rmod:defend","rmod:defend","rmod:defend","rmod:basicallowance","rmod:maingunfire","rmod:aviationdawn","rmod:expedition","rmod:luckystar","rmod:timeschanged","rmod:stealaluminum","rmod:salvage","rmod:firesupport","rmod:aviationdawn","rmod:mineteam","rmod:fletcherpendant","rmod:windflower"],"relics":["rmod:firstchargereward","Blood Vial","The Courier","Blue Candle","Meat on the Bone"],"acts_visited":["Exordium"],"potions_floor_usage":[14],"damage_taken":[{"damage":4.0,"enemies":"Jaw Worm","floor":1.0,"turns":4.0},{"damage":0.0,"enemies":"Cultist","floor":2.0,"turns":3.0},{"damage":2.0,"enemies":"Small Slimes","floor":4.0,"turns":4.0},{"damage":8.0,"enemies":"Blue Slaver","floor":5.0,"turns":4.0},{"damage":41.0,"enemies":"Lagavulin","floor":6.0,"turns":7.0},{"damage":17.0,"enemies":"3 Louse","floor":7.0,"turns":4.0},{"damage":0.0,"enemies":"Large Slime","floor":8.0,"turns":1.0},{"damage":7.0,"enemies":"Red Slaver","floor":11.0,"turns":2.0},{"damage":0.0,"enemies":"Lots of Slimes","floor":13.0,"turns":1.0},{"damage":27,"enemies":"3 Sentries","floor":14,"turns":7},{"damage":31,"enemies":"Slime Boss","floor":16,"turns":6}],"seed_played":"-4906411313004104365","potions_obtained":[{"floor":6.0,"key":"Strength Potion"},{"floor":7.0,"key":"Explosive Potion"},{"floor":8.0,"key":"Explosive Potion"},{"floor":14,"key":"EssenceOfSteel"}],"is_trial":false,"path_per_floor":["M","M","?","M","M","E","M","M","T","?","M","R","M","E","R","B"],"character_chosen":"PRAEFECT","items_purchased":[],"campfire_rested":2,"item_purchase_floors":[],"current_hp_per_floor":[71,73,73,73,67,28,13,15,15,8,3,25,27,2,24,0,0],"gold":277,"neow_bonus":"RANDOM_COMMON_RELIC","is_daily":false,"chose_seed":false,"campfire_upgraded":0,"win_rate":0.0,"timestamp":1610938217,"path_taken":["M","M","?","?","?","E","M","M","T","?","M","R","M","E","R","BOSS"],"items_purchased_type":[],"build_version":"2020-12-22","purchased_purges":0,"victory":false,"max_hp_per_floor":[75,75,75,75,75,75,75,75,75,75,75,75,75,75,75,75,75],"card_choices":[{"not_picked":["rmod:combined","rmod:supportescort"],"picked":"rmod:aviationdawn","floor":1.0},{"not_picked":["rmod:fletcherpendant","rmod:capitalist"],"picked":"rmod:expedition","floor":2.0},{"not_picked":["rmod:unsinkable","rmod:tearstotiara"],"picked":"rmod:luckystar","floor":4.0},{"not_picked":["rmod:capitalist","rmod:circuitoustactics"],"picked":"rmod:timeschanged","floor":5.0},{"not_picked":["rmod:aluminumsupply","rmod:tearstotiara"],"picked":"rmod:stealaluminum","floor":6.0},{"not_picked":["rmod:victimresponsibility","rmod:selfconfidence"],"picked":"rmod:salvage","floor":7.0},{"not_picked":["rmod:punchline","rmod:luckystar"],"picked":"rmod:firesupport","floor":8.0},{"not_picked":["rmod:ammunitionsupply","rmod:diamondstrike"],"picked":"rmod:aviationdawn","floor":11.0},{"not_picked":["rmod:steelsupply","rmod:unsinkable"],"picked":"rmod:mineteam","floor":13.0},{"not_picked":["rmod:unsinkable","rmod:openingtorpedo"],"picked":"rmod:windflower","floor":14}],"player_experience":383334,"relics_obtained":[{"floor":6.0,"key":"The Courier"},{"floor":9.0,"key":"Blue Candle"},{"floor":14,"key":"Meat on the Bone"}],"event_choices":[{"damage_healed":0.0,"max_hp_gain":0.0,"max_hp_loss":0.0,"gold_gain":0.0,"event_name":"Wheel of Change","player_choice":"Cursed","floor":3.0,"gold_loss":0.0,"damage_taken":0.0,"cards_obtained":["Decay"]},{"cards_removed":["Decay"],"damage_healed":0.0,"max_hp_gain":0.0,"max_hp_loss":0.0,"gold_gain":0.0,"event_name":"Golden Wing","player_choice":"Card Removal","floor":10.0,"gold_loss":0.0,"damage_taken":7.0}],"is_beta":false,"boss_relics":[],"items_purged_floors":[],"is_endless":false,"potions_floor_spawned":[6,7,8,14],"killed_by":"Slime Boss","ascension_level":0}}