{"host":"ojme7g6xlqwffsso","time":1610948132,"event":{"mods":["BaseMod","Downfall","Lobotomy","Minty Spire (QoL Compilation)","StSLib"],"gold_per_floor":[113,127,137,152,103,130,145,220,291,291,67,67,92,92,92,92,92],"floor_reached":16,"language":"ENG","playtime":562,"items_purged":[],"score":165,"play_id":"98d0e852-49cd-4355-a08e-7fe7139c8fda","local_time":"20210118143532","is_ascension_mode":true,"campfire_choices":[{"floor":12,"key":"REST"},{"data":"Armaments","floor":15,"key":"SMITH"}],"circlet_count":0,"master_deck":["Strike_R","Strike_R","Strike_R","Defend_R","Defend_R","Defend_R","Defend_R","Bash","Dropkick","Mercenary","Cleave","VoidDream","Twin Strike","OldLady","Clothesline","Armaments+1","Infernal Blade","LittlePrince","Porccubus","Feel No Pain","Havoc","Scarecrow"],"relics":["Burning Blood","CogitoBucket","Anchor","SkinProphecy","Sundial","Blood Vial","Ice Cream","Golden Idol"],"acts_visited":["Exordium"],"potions_floor_usage":[4],"damage_taken":[{"damage":15,"enemies":"Cultist","floor":1,"turns":5},{"damage":7,"enemies":"Jaw Worm","floor":2,"turns":3},{"damage":5,"enemies":"2 Louse","floor":3,"turns":3},{"damage":8,"enemies":"Blue Slaver","floor":4,"turns":5},{"damage":36,"enemies":"3 Sentries","floor":6,"turns":7},{"damage":18,"enemies":"Large Slime","floor":7,"turns":5},{"damage":1,"enemies":"Gremlin Nob","floor":13,"turns":3},{"damage":54,"enemies":"Slime Boss","floor":16,"turns":5}],"seed_played":"-1567155012589505954","potions_obtained":[{"floor":3,"key":"sneckomod:MuddlingPotion"},{"floor":4,"key":"Fruit Juice"},{"floor":13,"key":"LiquidMemories"}],"is_trial":false,"path_per_floor":["M","M","M","M","$","E","M","?","T","?","$","R","E","?","R","B"],"character_chosen":"IRONCLAD","items_purchased":["Armaments","Blood Vial","Infernal Blade"],"campfire_rested":1,"item_purchase_floors":[5,11,11],"current_hp_per_floor":[63,62,63,66,66,38,28,17,17,17,17,42,46,46,46,0,0],"gold":92,"neow_bonus":"","is_daily":false,"chose_seed":false,"campfire_upgraded":1,"win_rate":0.0,"timestamp":1610948132,"path_taken":["M","?","M","M","?","E","M","?","T","?","?","R","E","?","R","BOSS"],"items_purchased_type":["Card","Relic","Card"],"build_version":"2020-12-22","purchased_purges":0,"victory":false,"max_hp_per_floor":[80,80,80,85,85,85,85,85,85,85,85,85,87,81,81,83,83],"card_choices":[{"not_picked":["Rupture","Intimidate"],"picked":"Dropkick","floor":1},{"not_picked":["NakedNest","PunishingBird"],"picked":"Mercenary","floor":1},{"not_picked":["Wild Strike","Warcry"],"picked":"Cleave","floor":2},{"not_picked":["WhitesApple","LongBird"],"picked":"VoidDream","floor":2},{"not_picked":["True Grit","Sword Boomerang"],"picked":"Twin Strike","floor":3},{"not_picked":["Murderer","MeatLantern"],"picked":"OldLady","floor":3},{"not_picked":["Pummel","Feel No Pain"],"picked":"Clothesline","floor":4},{"not_picked":["Rudolta","MeatLantern"],"picked":"Funeral","floor":4},{"not_picked":["Cleave","Wild Strike"],"picked":"Infernal Blade","floor":6},{"not_picked":["MHz","Rudolta"],"picked":"LittlePrince","floor":6},{"not_picked":["NakedNest","UniverseFragment"],"picked":"Porccubus","floor":7},{"not_picked":["Anger","Bloodletting","Barricade"],"picked":"SKIP","floor":7},{"not_picked":["Anger","Bloodletting","Barricade"],"picked":"SKIP","floor":7},{"not_picked":["Clash","Anger"],"picked":"Havoc","floor":13},{"not_picked":["SilentOrchestra","HeroicMonk"],"picked":"Scarecrow","floor":13}],"player_experience":881376,"relics_obtained":[{"floor":6,"key":"Anchor"},{"floor":9,"key":"Sundial"},{"floor":13,"key":"Ice Cream"}],"event_choices":[{"damage_healed":0,"gold_gain":75,"player_choice":"Gather Gold","damage_taken":11,"max_hp_gain":0,"max_hp_loss":0,"event_name":"World of Goop","floor":8,"gold_loss":0},{"damage_healed":0,"gold_gain":0,"cards_transformed":["Strike_R"],"player_choice":"Change","damage_taken":0,"max_hp_gain":0,"max_hp_loss":0,"event_name":"Living Wall","floor":10,"gold_loss":0,"cards_obtained":["Feel No Pain"]},{"damage_healed":0,"gold_gain":0,"player_choice":"Lose Max HP","damage_taken":0,"relics_obtained":["Golden Idol"],"max_hp_gain":0,"max_hp_loss":6,"event_name":"Golden Idol","floor":14,"gold_loss":0}],"is_beta":false,"boss_relics":[],"items_purged_floors":[],"is_endless":false,"potions_floor_spawned":[3,4,13],"killed_by":"Slime Boss","ascension_level":10}}