{"host":"2js2pxuugveqjuf7","time":1610942720,"event":{"mods":["BaseMod","Minty Spire (QoL Compilation)","Relic Stats","StSLib"],"gold_per_floor":[16,16,37,57,57,57,90,109,158,158,333,364,377,397,397,521,584,597,696,10,33,52,52,91,114,137,162,195,195,195,195],"floor_reached":30,"language":"ENG","playtime":2291,"items_purged":["Doubt"],"score":338,"play_id":"15b460d2-66b1-426a-b36f-32b85a0e65b8","local_time":"20210117220520","is_ascension_mode":true,"campfire_choices":[{"data":"Beam Cell","floor":6,"key":"SMITH"},{"data":"Machine Learning","floor":10,"key":"SMITH"},{"floor":15,"key":"REST"},{"data":"Doom and Gloom","floor":23,"key":"SMITH"}],"circlet_count":0,"master_deck":["Strike_B","Strike_B","Strike_B","Strike_B+1","Defend_B","Defend_B+1","Defend_B","Defend_B","Zap+1","Dualcast","Beam Cell+1","Sweeping Beam","Tempest","Machine Learning+1","Doom and Gloom+1","Conserve Battery","Cold Snap","Turbo","Core Surge","Glacier","Double Energy+1","Ball Lightning","Static Discharge+1","Conserve Battery","Consume","Storm+1","Reinforced Body+1","Aggregate+1"],"relics":["Cracked Core","Golden Idol","The Courier","Lantern","PreservedInsect","Tiny House","Bottled Flame","Frozen Egg 2","HornCleat","Bronze Scales","Nunchaku","StrikeDummy"],"acts_visited":["Exordium","TheCity"],"potions_floor_usage":[13,24,28,28,29],"damage_taken":[{"damage":16,"enemies":"Jaw Worm","floor":1,"turns":4},{"damage":0,"enemies":"2 Louse","floor":3,"turns":2},{"damage":0,"enemies":"Small Slimes","floor":4,"turns":3},{"damage":29,"enemies":"3 Sentries","floor":7,"turns":9},{"damage":0,"enemies":"2 Fungi Beasts","floor":8,"turns":3},{"damage":16,"enemies":"Gremlin Nob","floor":12,"turns":3},{"damage":0,"enemies":"Large Slime","floor":13,"turns":3},{"damage":2,"enemies":"Exordium Wildlife","floor":14,"turns":4},{"damage":21,"enemies":"Slime Boss","floor":16,"turns":7},{"damage":15,"enemies":"Spheric Guardian","floor":18,"turns":4},{"damage":9,"enemies":"2 Thieves","floor":21,"turns":4},{"damage":10,"enemies":"Sentry and Sphere","floor":22,"turns":5},{"damage":20,"enemies":"Slavers","floor":24,"turns":4},{"damage":37,"enemies":"Centurion and Healer","floor":25,"turns":6},{"damage":1,"enemies":"Snake Plant","floor":27,"turns":4},{"damage":7,"enemies":"Gremlin Leader","floor":28,"turns":5},{"damage":14,"enemies":"Colosseum Slavers","floor":29,"turns":2},{"damage":8,"enemies":"Slavers","floor":30,"turns":3}],"seed_played":"-71513858116260513","potions_obtained":[{"floor":4,"key":"Energy Potion"},{"floor":8,"key":"FearPotion"},{"floor":13,"key":"Strength Potion"},{"floor":16,"key":"SteroidPotion"},{"floor":17,"key":"DuplicationPotion"},{"floor":22,"key":"FairyPotion"},{"floor":25,"key":"SkillPotion"},{"floor":28,"key":"Fire Potion"}],"is_trial":false,"path_per_floor":["M","?","M","M","?","R","E","M","T","R","?","E","M","M","R","B",null,"M","?","$","M","M","R","E","M","T","M","E","?","E"],"character_chosen":"DEFECT","items_purchased":["Bottled Flame","Frozen Egg 2","HornCleat","Ball Lightning"],"campfire_rested":1,"item_purchase_floors":[20,20,20,20],"current_hp_per_floor":[73,73,73,73,57,57,28,28,28,28,28,12,12,10,34,13,87,72,72,72,63,53,53,33,26,26,25,18,4,0,0],"gold":195,"neow_bonus":"TWENTY_PERCENT_HP_BONUS","is_daily":false,"chose_seed":false,"campfire_upgraded":3,"win_rate":0.0,"timestamp":1610942720,"path_taken":["M","?","M","M","?","R","E","M","T","R","?","E","M","M","R","BOSS","M","?","$","M","M","R","E","M","T","M","E","?","E"],"items_purchased_type":["Relic","Relic","Relic","Card"],"build_version":"2020-12-22","purchased_purges":1,"victory":false,"max_hp_per_floor":[89,82,82,82,82,82,82,82,82,82,82,82,82,82,82,82,87,87,87,87,87,87,87,87,87,87,87,87,87,87,87],"relic_stats":{"Nunchaku":[2],"counters":[18,75],"Golden Idol":107,"Bronze Scales":[60],"PreservedInsect":121,"obtain_stats":[{"Lantern":9,"Bottled Flame":20,"Nunchaku":26,"Tiny House":17,"HornCleat":20,"Golden Idol":2,"Bronze Scales":24,"The Courier":7,"PreservedInsect":12,"Frozen Egg 2":20,"Cracked Core":0,"StrikeDummy":28},{"Lantern":5,"Bottled Flame":10,"Nunchaku":14,"Tiny House":9,"HornCleat":10,"Golden Idol":1,"Bronze Scales":13,"The Courier":4,"PreservedInsect":6,"Frozen Egg 2":10,"Cracked Core":0,"StrikeDummy":16},{"Lantern":21,"Bottled Flame":42,"Nunchaku":61,"Tiny House":38,"HornCleat":42,"Golden Idol":4,"Bronze Scales":55,"The Courier":18,"PreservedInsect":24,"Frozen Egg 2":42,"Cracked Core":0,"StrikeDummy":70}]},"card_choices":[{"not_picked":["Barrage","Streamline"],"picked":"Beam Cell","floor":1},{"not_picked":["Darkness","Conserve Battery"],"picked":"Sweeping Beam","floor":3},{"not_picked":["Beam Cell","Conserve Battery"],"picked":"Tempest","floor":4},{"not_picked":["Sweeping Beam","White Noise"],"picked":"Machine Learning","floor":7},{"not_picked":["Glacier","Auto Shields"],"picked":"Doom and Gloom","floor":8},{"not_picked":["Steam Power","Redo"],"picked":"Conserve Battery","floor":12},{"not_picked":["Barrage","Beam Cell"],"picked":"Cold Snap","floor":13},{"not_picked":["Hello World","Gash"],"picked":"Turbo","floor":14},{"not_picked":["Rainbow","Hyperbeam"],"picked":"Core Surge","floor":16},{"not_picked":["Stack","Fusion"],"picked":"Glacier","floor":17},{"not_picked":["Steam","Coolheaded"],"picked":"Double Energy+1","floor":18},{"not_picked":["Sweeping Beam","Rebound"],"picked":"Static Discharge+1","floor":21},{"not_picked":["Turbo","Go for the Eyes"],"picked":"Conserve Battery","floor":22},{"not_picked":["Fusion","Hello World+1"],"picked":"Consume","floor":24},{"not_picked":["Redo","Beam Cell"],"picked":"Storm+1","floor":25},{"not_picked":["Beam Cell","Loop+1"],"picked":"Reinforced Body+1","floor":27},{"not_picked":["Reboot","Go for the Eyes"],"picked":"Aggregate+1","floor":28}],"player_experience":277591,"relics_obtained":[{"floor":7,"key":"The Courier"},{"floor":9,"key":"Lantern"},{"floor":12,"key":"PreservedInsect"},{"floor":24,"key":"Bronze Scales"},{"floor":26,"key":"Nunchaku"},{"floor":28,"key":"StrikeDummy"}],"event_choices":[{"damage_healed":0,"gold_gain":0,"player_choice":"Lose Max HP","damage_taken":0,"relics_obtained":["Golden Idol"],"max_hp_gain":0,"max_hp_loss":7,"event_name":"Golden Idol","floor":2,"gold_loss":0},{"damage_healed":0,"gold_gain":0,"player_choice":"Entered Light","damage_taken":16,"max_hp_gain":0,"max_hp_loss":0,"event_name":"Shining Light","floor":5,"gold_loss":0,"cards_upgraded":["Zap","Defend_B"]},{"damage_healed":0,"gold_gain":175,"player_choice":"AGREE","damage_taken":0,"max_hp_gain":0,"max_hp_loss":0,"event_name":"Liars Game","floor":11,"gold_loss":0,"cards_obtained":["Doubt"]},{"damage_healed":0,"gold_gain":99,"player_choice":"Stole From Cult","damage_taken":0,"max_hp_gain":0,"max_hp_loss":0,"event_name":"Nest","floor":19,"gold_loss":0},{"damage_healed":0,"gold_gain":0,"player_choice":"Fight","damage_taken":0,"max_hp_gain":0,"max_hp_loss":0,"event_name":"Colosseum","floor":29,"gold_loss":0},{"damage_healed":0,"gold_gain":0,"player_choice":"Fled From Nobs","damage_taken":0,"max_hp_gain":0,"max_hp_loss":0,"event_name":"Colosseum","floor":29,"gold_loss":0}],"is_beta":false,"boss_relics":[{"not_picked":["Sozu","Snecko Eye"],"picked":"Tiny House"}],"items_purged_floors":[20],"is_endless":false,"potions_floor_spawned":[4,8,13,16,21,22,25,28],"killed_by":"Slavers","ascension_level":4}}