{"host":"yfrzjlps46tkbs82","time":1610971249,"event":{"mods":["Act Like it!","Aspiration","BaseMod","BetterRewards","Dota2Spire","Gensokyo","Hubris","Lobotomy","Marisa£®ÏF”Í°°ƒß¿Ì…≥£©","Minty Spire (QoL Compilation)","MostiFishMod","Replay The Spire","StSLib","SuperFastMode","TestMod","The Alterego","[IsaacMod]“‘»ˆº‚À˛"],"gold_per_floor":[111,121,121,134,154,154,154,154,154,154,21,55,55,55,55,159,159,177,0,10,20,20,20,46,8,33,46,77,77,27,46,46,151,-1249,-1239,-1239,-1239,-1229,-1229,-1200,-1200,-1200,-1174,-1174,-1163,-1163,-1163,-1145,-1145,-1145],"floor_reached":51,"language":"ZHS","playtime":3392,"items_purged":["Injury","alterego_mod:Defend"],"score":1005,"play_id":"b2ab64b8-5166-4d1d-a5be-757caa14069d","local_time":"20210118200049","is_ascension_mode":true,"campfire_choices":[{"data":"alterego_mod:BigMeatyClaws","floor":6,"key":"SMITH"},{"data":"alterego_mod:Mirror","floor":10,"key":"SMITH"},{"data":"alterego_mod:Pet","floor":13,"key":"SMITH"},{"data":"alterego_mod:BrynhildrsRune","floor":15,"key":"SMITH"},{"data":"alterego_mod:Impale","floor":23,"key":"SMITH"},{"data":"alterego_mod:Strike","floor":29,"key":"SMITH"},{"data":"alterego_mod:Strike","floor":32,"key":"SMITH"},{"data":"alterego_mod:Vow","floor":41,"key":"SMITH"},{"data":"Gensokyo:PrivateSquare","floor":47,"key":"SMITH"},{"data":"alterego_mod:Strike","floor":49,"key":"SMITH"}],"circlet_count":0,"master_deck":["alterego_mod:Strike","alterego_mod:Strike","alterego_mod:Strike+2","alterego_mod:Strike","alterego_mod:Defend","alterego_mod:Defend","alterego_mod:Defend","alterego_mod:Impale+1","alterego_mod:BigMeatyClaws+1","alterego_mod:BrynhildrsRune+1","alterego_mod:Mirror+1","Calculated Gamble+1","alterego_mod:Pet+1","Burst+1","alterego_mod:Birthday+1","alterego_mod:Nekomimi+1","alterego_mod:Vow+1","alterego_mod:TrashNCrash+1","Gensokyo:PrivateSquare+1","Pride","alterego_mod:Support+1"],"relics":["alterego_mod:MasochisticConstitution","DaveBox","testmod-TestBox","HushsDoor","BFFS","testmod-TimeTraveler","Membership Card","aspiration:Nostalgia","m_TsuchinokoRing","SynthV:TestCard","Simple Rune","HornCleat","Snack Pack","DeadEye","ReplayFunnel","SlaversCollar","Dota2Spire:ShivaGuard","MealTicket","Lantern","aspiration:HiddenCompartment","Ancient Tea Set","SynthV:MejaisSoulstealer","Calipers","Darkstone Periapt","Nunchaku","MaYiHuaBei"],"acts_visited":["Gensokyo:Gensokyo","Gensokyo:Gensokyoer","Gensokyo:Gensokyoest"],"potions_floor_usage":[7,16],"damage_taken":[{"damage":6,"enemies":"Gensokyo:2_Kodama","floor":1,"turns":3},{"damage":0,"enemies":"Gensokyo:Gryphon","floor":2,"turns":4},{"damage":4,"enemies":"Gensokyo:3_Fairies","floor":4,"turns":5},{"damage":0,"enemies":"Gensokyo:LivingMonolith","floor":5,"turns":2},{"damage":16,"enemies":"Gensokyo:Cirno","floor":7,"turns":5},{"damage":18,"enemies":"Gensokyo:Aya","floor":12,"turns":6},{"damage":6,"enemies":"Gensokyo:Reimu","floor":16,"turns":5},{"damage":6,"enemies":"Gensokyo:2_Gloops","floor":18,"turns":4},{"damage":0,"enemies":"Gensokyo:Chomper","floor":20,"turns":3},{"damage":6,"enemies":"Gensokyo:Monolith_and_Dog","floor":21,"turns":5},{"damage":7,"enemies":"Gensokyo:Koishi","floor":24,"turns":4},{"damage":0,"enemies":"Gensokyo:3_Gloops","floor":27,"turns":3},{"damage":0,"enemies":"Gensokyo:Tenshi","floor":28,"turns":3},{"damage":0,"enemies":"Gensokyo:Slime_Group","floor":31,"turns":3},{"damage":42,"enemies":"Gensokyo:Eternal_Rivals","floor":33,"turns":10},{"damage":0,"enemies":"Gensokyo:AncientGuardian","floor":35,"turns":3},{"damage":0,"enemies":"Gensokyo:3_Bats","floor":38,"turns":2},{"damage":30,"enemies":"Gensokyo:Marisa","floor":40,"turns":6},{"damage":0,"enemies":"Gensokyo:3_Boulders","floor":45,"turns":3},{"damage":0,"enemies":"Gensokyo:4_Bats","floor":48,"turns":6},{"damage":0,"enemies":"Gensokyo:Yuyuko","floor":50,"turns":4}],"seed_played":"5987054095362395881","potions_obtained":[{"floor":5,"key":"Explosive Potion"},{"floor":12,"key":"SteroidPotion"},{"floor":16,"key":"AttackPotion"},{"floor":18,"key":"FearPotion"},{"floor":21,"key":"SkillPotion"}],"is_trial":false,"path_per_floor":["M","M","?","M","M","R","E","?","T","R","COS","E","R","T","R","B",null,"M","?","M","M","?","R","E","$","T","M","E","R","$","M","R","B",null,"M","?","T","M","?","E","R","$","T","$","M","COS","R","M","R","B",null],"character_chosen":"The_Alterego","items_purchased":[],"campfire_rested":0,"item_purchase_floors":[],"current_hp_per_floor":[65,65,50,47,47,47,32,32,32,32,32,25,25,25,25,40,75,72,72,76,71,71,71,71,78,78,78,78,78,78,78,78,51,79,79,48,48,62,68,52,52,67,67,82,86,86,86,86,86,86],"gold":-1145,"neow_bonus":"NOSTALGIA","is_daily":false,"chose_seed":false,"campfire_upgraded":10,"win_rate":0.0,"timestamp":1610971249,"path_taken":["M","M","?","M","?","R","E","?","T","R","COS","E","R","?","R","BOSS","M","?","?","M","?","R","E","?","T","M","E","R","$","M","R","BOSS","M","?","?","?","?","E","R","?","T","?","M","COS","R","M","R","BOSS"],"items_purchased_type":[],"build_version":"2020-12-22","purchased_purges":2,"victory":true,"max_hp_per_floor":[71,71,71,72,72,72,73,73,73,73,73,74,74,74,74,75,75,76,76,76,77,77,77,78,78,78,78,78,78,78,78,78,79,79,79,79,79,79,85,86,86,86,86,86,86,86,86,86,86,86],"card_choices":[{"not_picked":["Backstab","Deflect","alterego_mod:DeftHands"],"picked":"SKIP","floor":1},{"not_picked":["alterego_mod:RocketPunch","alterego_mod:Clap","Outmaneuver","alterego_mod:SuperDuperMasochism"],"picked":"alterego_mod:Mirror","floor":2},{"not_picked":["alterego_mod:Belle","alterego_mod:Skirt","alterego_mod:DeftHands","alterego_mod:Undulate"],"picked":"Calculated Gamble","floor":4},{"not_picked":["alterego_mod:Clap","alterego_mod:PresenceConcealment","alterego_mod:MagicResistance","alterego_mod:BreastValley","Slice"],"picked":"SKIP","floor":5},{"not_picked":["alterego_mod:Skirt","alterego_mod:Weigh","alterego_mod:DiscoLights","alterego_mod:PresenceConcealment"],"picked":"alterego_mod:Pet","floor":12},{"not_picked":["alterego_mod:IdEs","alterego_mod:Lift","alterego_mod:VirginLaserPalladion","alterego_mod:RingBreak"],"picked":"Burst","floor":16},{"not_picked":["alterego_mod:SakuraFive","alterego_mod:Mirror+1","alterego_mod:Cushion","alterego_mod:BiFurious"],"picked":"alterego_mod:Birthday+1","floor":18},{"not_picked":["alterego_mod:Rip","alterego_mod:BoobPocket","alterego_mod:TrashNCrash","alterego_mod:MagicResistance","alterego_mod:GoddessCore"],"picked":"SKIP","floor":20},{"not_picked":["alterego_mod:SakuraLabyrinth+1","alterego_mod:Pet","alterego_mod:Cooking+1","alterego_mod:HighServant+1","alterego_mod:Bounce"],"picked":"SKIP","floor":21},{"not_picked":["alterego_mod:Lingerie","alterego_mod:BusterCard","alterego_mod:Punishment","alterego_mod:Bounce","alterego_mod:Antipathy"],"picked":"SKIP","floor":24},{"not_picked":["alterego_mod:Swimsuit","alterego_mod:Mirror","alterego_mod:1TonWallop","alterego_mod:Maid+1","alterego_mod:Skirt"],"picked":"SKIP","floor":27},{"not_picked":["alterego_mod:Cooking","alterego_mod:MaintainEyeContact+1","alterego_mod:DeftHands","alterego_mod:Mirror","alterego_mod:Rip"],"picked":"SKIP","floor":28},{"not_picked":["alterego_mod:GachaTicket","alterego_mod:Lift","alterego_mod:1TonWallop","alterego_mod:Maid"],"picked":"alterego_mod:Nekomimi+1","floor":31},{"not_picked":["alterego_mod:Lift","alterego_mod:Antipathy","alterego_mod:Alter","alterego_mod:InsideBaseball"],"picked":"alterego_mod:Vow","floor":33},{"not_picked":["alterego_mod:Birthday+1","alterego_mod:Maid","alterego_mod:Bounce","alterego_mod:Complex"],"picked":"alterego_mod:TrashNCrash+1","floor":35},{"not_picked":["alterego_mod:BiFurious","alterego_mod:Bounce+1","alterego_mod:Vow","alterego_mod:PerceptionDisorder+1","alterego_mod:Valentines+1"],"picked":"SKIP","floor":38},{"not_picked":["alterego_mod:Cycle","alterego_mod:Belts","alterego_mod:Maid","alterego_mod:Mirror","alterego_mod:PurpleHair"],"picked":"SKIP","floor":40},{"not_picked":["alterego_mod:Punishment+1","alterego_mod:PerceptionDisorder","alterego_mod:Lingerie","alterego_mod:RocketPunch"],"picked":"alterego_mod:Support+1","floor":45},{"not_picked":["alterego_mod:Undulate","alterego_mod:Rip","alterego_mod:TrashNCrash+1","alterego_mod:DestructionOfProperty+1","alterego_mod:SakuraLabyrinth+1"],"picked":"SKIP","floor":48}],"player_experience":247392,"relics_obtained":[{"floor":1,"key":"SynthV:TestCard"},{"floor":9,"key":"Snack Pack"},{"floor":12,"key":"DeadEye"},{"floor":14,"key":"ReplayFunnel"},{"floor":24,"key":"Lantern"},{"floor":26,"key":"aspiration:HiddenCompartment"},{"floor":28,"key":"Ancient Tea Set"},{"floor":37,"key":"Darkstone Periapt"},{"floor":40,"key":"Nunchaku"},{"floor":43,"key":"MaYiHuaBei"}],"event_choices":[],"is_beta":false,"boss_relics":[{"not_picked":["testmod-Nine","ChampionBelt"],"picked":"SlaversCollar"},{"not_picked":[]},{"not_picked":["GreenFoldingFan","GuanYuAspect"],"picked":"SynthV:MejaisSoulstealer"},{"not_picked":[]}],"items_purged_floors":[25,30],"is_endless":false,"potions_floor_spawned":[5,12,16,18,21,28,31,38,45],"ascension_level":1}}