{"host":"nb3r5a3er9rrnn3n","time":1610945853,"event":{"mods":["BaseMod","Colored Map","Downfall","Minty Spire (QoL Compilation)","StSLib"],"gold_per_floor":[99,113,113,125,125,142,142,177,177,177,204,220,247,60,72,170,170,70,55,55,66,66,66,66,100,112,129,29,47,47,73,87,182,182,182,200,455,475,489,504,504,531,545,445,495,524,524,534,559,559,559,587,121,130,130,130,130],"floor_reached":56,"language":"ENG","playtime":6529,"items_purged":["Shame","bronze:DelayedSlice"],"score":869,"play_id":"b4729769-bb3c-4b06-bb7e-4d1d1816c414","local_time":"20210118155733","is_ascension_mode":false,"campfire_choices":[{"data":"bronze:Replicate","floor":1,"key":"SMITH"},{"floor":18,"key":"RECALL"},{"data":"Apotheosis","floor":28,"key":"SMITH"},{"data":"bronze:Fortify","floor":30,"key":"SMITH"},{"data":"bronze:RecursiveStrike","floor":35,"key":"SMITH"},{"data":"bronze:Boost","floor":44,"key":"SMITH"},{"data":"bronze:Fortify","floor":47,"key":"SMITH"},{"floor":54,"key":"REST"}],"circlet_count":0,"master_deck":["bronze:Defend","bronze:Defend","bronze:Defend","bronze:Defend","bronze:Replicate+1","bronze:Goto","bronze:Repair","bronze:Flail","bronze:Fortify+1","bronze:CutThrough","bronze:FollowUp","bronze:Boost+1","Apotheosis+1","bronze:SpaghettiCode","bronze:FineTuning","RitualDagger+1","Slimebound:Tackle+1","Slimebound:Tackle+1","Slimebound:Tackle+1","bronze:Return","bronze:RecursiveStrike+1","bronze:Fortify+1","bronze:Iterate+1","bronze:ClassDefault+1","bronze:Repulsor","bronze:FollowUp+1"],"relics":["bronze:BronzeCore","Pantograph","Letter Opener","Dream Catcher","bronze:BottledCode","PreservedInsect","Vajra","Cursed Key","downfall:HeartBlessingGreen","Blue Candle","Omamori","downfall:HeartBlessingRed","Anchor","Calling Bell","Centennial Puzzle","InkBottle","StoneCalendar","StrikeDummy","downfall:HeartBlessingBlue","TungstenRod","CeramicFish","Bag of Marbles","Mango"],"acts_visited":["Exordium","TheCity","TheBeyond","TheEnding"],"potions_floor_usage":[13,25,27,55,55,55],"damage_taken":[{"damage":5,"enemies":"Small Slimes","floor":2,"turns":3},{"damage":1,"enemies":"2 Louse","floor":4,"turns":3},{"damage":0,"enemies":"Jaw Worm","floor":6,"turns":3},{"damage":27,"enemies":"Lagavulin","floor":8,"turns":10},{"damage":0,"enemies":"3 Sentries","floor":11,"turns":3},{"damage":4,"enemies":"Blue Slaver","floor":12,"turns":4},{"damage":2,"enemies":"Gremlin Nob","floor":13,"turns":3},{"damage":0,"enemies":"downfall:FleeingMerchant","floor":14,"turns":4},{"damage":10,"enemies":"Exordium Wildlife","floor":15,"turns":2},{"damage":13,"enemies":"DF_ARCHETYPE_STREAMLINE","floor":16,"turns":10},{"damage":0,"enemies":"downfall:FleeingMerchant","floor":19,"turns":4},{"damage":5,"enemies":"3 Byrds","floor":21,"turns":3},{"damage":0,"enemies":"Book of Stabbing","floor":25,"turns":3},{"damage":0,"enemies":"Snecko","floor":26,"turns":3},{"damage":10,"enemies":"Cultist and Chosen","floor":27,"turns":3},{"damage":23,"enemies":"Centurion and Healer","floor":29,"turns":6},{"damage":22,"enemies":"Gremlin Leader","floor":31,"turns":5},{"damage":0,"enemies":"Snake Plant","floor":32,"turns":2},{"damage":2,"enemies":"IC_MUSHROOM_ARCHETYPE","floor":33,"turns":7},{"damage":0,"enemies":"Orb Walker","floor":36,"turns":2},{"damage":0,"enemies":"downfall:FleeingMerchant","floor":37,"turns":4},{"damage":0,"enemies":"3 Darklings","floor":38,"turns":3},{"damage":5,"enemies":"Sphere and 2 Shapes","floor":39,"turns":2},{"damage":8,"enemies":"4 Shapes","floor":40,"turns":1},{"damage":0,"enemies":"Giant Head","floor":42,"turns":7},{"damage":0,"enemies":"Transient","floor":43,"turns":5},{"damage":14,"enemies":"Transient","floor":45,"turns":3},{"damage":7,"enemies":"Reptomancer","floor":46,"turns":2},{"damage":0,"enemies":"Sphere and 2 Shapes","floor":48,"turns":3},{"damage":11,"enemies":"Writhing Mass","floor":49,"turns":5},{"damage":24,"enemies":"WA_ARCHETYPE_DIVINITY","floor":50,"turns":10},{"damage":60,"enemies":"downfall:CharBossMerchant","floor":52,"turns":8},{"damage":70,"enemies":"downfall:NeowBoss","floor":55,"turns":13},{"damage":49,"enemies":"downfall:NeowBossFinal","floor":56,"turns":5}],"seed_played":"-4745590585688932521","potions_obtained":[{"floor":6,"key":"SkillPotion"},{"floor":8,"key":"FearPotion"},{"floor":12,"key":"bronze:FreeFunctionsPotion"},{"floor":16,"key":"bronze:FreeFunctionsPotion"},{"floor":20,"key":"CultistPotion"},{"floor":25,"key":"SteroidPotion"},{"floor":27,"key":"BlessingOfTheForge"},{"floor":31,"key":"bronze:FreeFunctionsPotion"}],"is_trial":false,"path_per_floor":["R","M","?","M","?","M","T","E","?","?","E","M","E","$","M","B",null,"R","$","?","M","?","?","T","E","M","M","R","M","R","E","M","B",null,"R","M","$","M","M","M","T","E","M","R","?","E","R","M","M","B",null,"E","$","R","B","B"],"character_chosen":"THE_AUTOMATON","items_purchased":["Apotheosis","bronze:Repulsor","Mango"],"campfire_rested":1,"item_purchase_floors":[14,53,53],"current_hp_per_floor":[77,72,65,71,71,77,77,50,50,50,57,60,65,67,57,59,67,67,67,67,67,67,67,67,67,67,64,64,51,51,39,39,66,67,67,67,67,67,62,54,54,61,67,77,73,66,66,76,66,53,77,27,41,68,21,0,0],"gold":130,"neow_bonus":"TEN_PERCENT_HP_BONUS","is_daily":false,"chose_seed":false,"campfire_upgraded":6,"win_rate":0.0,"timestamp":1610945853,"path_taken":["R","M","?","M","?","M","T","E","?","?","E","?","E","$","M","BOSS","R","$","?","M","?","?","T","E","M","?","R","M","R","E","M","BOSS","R","M","$","M","M","M","T","E","M","R","?","E","R","M","M","BOSS","E","$","R","BOSS","BOSS"],"items_purchased_type":["Card","Card","Relic"],"build_version":"2020-12-22","purchased_purges":2,"victory":false,"max_hp_per_floor":[77,77,77,77,77,77,77,77,77,67,67,67,67,67,67,67,67,67,67,67,67,67,67,67,67,67,67,67,67,67,67,67,67,67,67,67,67,67,67,67,67,67,67,77,77,77,77,77,77,77,77,77,91,91,91,91,91],"card_choices":[{"not_picked":["bronze:BuggyMess","bronze:Frontload"],"picked":"bronze:Repair","floor":2},{"not_picked":["bronze:Deprecate","bronze:BugBarrage"],"picked":"bronze:Flail","floor":4},{"not_picked":["bronze:Shield","bronze:Flail"],"picked":"bronze:Fortify","floor":6},{"not_picked":["bronze:WildBeam","bronze:BugBarrage"],"picked":"bronze:DelayedSlice","floor":8},{"not_picked":["bronze:OilSpill","bronze:BuggyMess","bronze:WildBeam"],"picked":"SKIP","floor":11},{"not_picked":["bronze:BitShift","bronze:Shield"],"picked":"bronze:CutThrough","floor":12},{"not_picked":["bronze:Overheat","bronze:GetLatest"],"picked":"bronze:FollowUp","floor":13},{"not_picked":["bronze:DigitalCarnage","bronze:DelayedGuard"],"picked":"bronze:Boost","floor":14},{"not_picked":["bronze:OilSpill","bronze:Break","bronze:WildBeam"],"picked":"SKIP","floor":15},{"not_picked":["bronze:Verify","bronze:FindAndReplace"],"picked":"bronze:SpaghettiCode","floor":16},{"not_picked":["bronze:BugBarrage","bronze:DelayedGuard"],"picked":"bronze:FineTuning","floor":19},{"not_picked":["bronze:Deprecate","bronze:ForLoop","bronze:ChosenStrike"],"picked":"SKIP","floor":21},{"not_picked":["bronze:Fortify+1","bronze:BronzeArmor"],"picked":"bronze:Return","floor":25},{"not_picked":["bronze:MaxOutput","bronze:Branch+1","bronze:FineTuning"],"picked":"SKIP","floor":26},{"not_picked":["bronze:Deprecate","bronze:ForceShield","bronze:OilSpill"],"picked":"SKIP","floor":27},{"not_picked":["bronze:FineTuning","bronze:BuggyMess+1","bronze:DelayedSlice"],"picked":"SKIP","floor":29},{"not_picked":["bronze:Optimize","bronze:ForLoop","bronze:FineTuning+1"],"picked":"SKIP","floor":31},{"not_picked":["bronze:ForceShield","bronze:CutThrough+1","bronze:BuggyMess"],"picked":"SKIP","floor":32},{"not_picked":["bronze:HardenedForm","bronze:HyperBeam"],"picked":"bronze:RecursiveStrike","floor":33},{"not_picked":["bronze:Turbo+1","bronze:BitShift+1","bronze:WhirlingStrike"],"picked":"SKIP","floor":36},{"not_picked":["bronze:Invalidate","bronze:ChildClass+1"],"picked":"bronze:Fortify","floor":37},{"not_picked":["bronze:Safeguard","bronze:WildBeam"],"picked":"bronze:Iterate+1","floor":38},{"not_picked":["bronze:Branch+1","bronze:WildBeam","bronze:ItsAFeature"],"picked":"SKIP","floor":39},{"not_picked":["bronze:CutThrough+1","bronze:Invalidate","bronze:Turbo+1"],"picked":"SKIP","floor":40},{"not_picked":["bronze:CutThrough","bronze:HyperBeam","bronze:OilSpill"],"picked":"SKIP","floor":42},{"not_picked":["bronze:Iterate","bronze:WildBeam+1","bronze:Optimize+1"],"picked":"SKIP","floor":43},{"not_picked":["bronze:CutThrough","bronze:Shield","bronze:BuggyMess"],"picked":"SKIP","floor":46},{"not_picked":["bronze:Branch+1","bronze:Turbo+1","bronze:Deprecate+1"],"picked":"SKIP","floor":48},{"not_picked":["bronze:OilSpill+1","bronze:Optimize"],"picked":"bronze:ClassDefault+1","floor":49},{"not_picked":["bronze:FineTuning","bronze:Virus","bronze:DarkDash"],"picked":"SKIP","floor":52},{"not_picked":["bronze:OilSpill","bronze:Turbo"],"picked":"bronze:FollowUp+1","floor":54}],"player_experience":1900213,"relics_obtained":[{"floor":7,"key":"Letter Opener"},{"floor":8,"key":"Dream Catcher"},{"floor":11,"key":"PreservedInsect"},{"floor":13,"key":"Vajra"},{"floor":24,"key":"Blue Candle"},{"floor":25,"key":"Omamori"},{"floor":31,"key":"Anchor"},{"floor":34,"key":"Centennial Puzzle"},{"floor":34,"key":"InkBottle"},{"floor":34,"key":"StoneCalendar"},{"floor":42,"key":"StrikeDummy"},{"floor":45,"key":"TungstenRod"},{"floor":46,"key":"CeramicFish"},{"floor":52,"key":"Bag of Marbles"}],"event_choices":[{"damage_healed":0,"gold_gain":0,"player_choice":"Success","damage_taken":7,"relics_obtained":["Pantograph"],"max_hp_gain":0,"max_hp_loss":0,"event_name":"Scrap Ooze","floor":3,"gold_loss":0},{"cards_removed":["bronze:Strike"],"damage_healed":0,"gold_gain":0,"player_choice":"Card Removal","damage_taken":0,"max_hp_gain":0,"max_hp_loss":0,"event_name":"The Cleric","floor":5,"gold_loss":0}],"is_beta":false,"boss_relics":[{"not_picked":["expansioncontent:StudyCardRelic","Tiny House"],"picked":"Cursed Key"},{"not_picked":["Coffee Dripper","Astrolabe"],"picked":"Calling Bell"}],"items_purged_floors":[37,53],"is_endless":false,"potions_floor_spawned":[6,8,12,16,25,26,27,31,32,33,40,42,43,46,48,49],"killed_by":"downfall:NeowBossFinal","ascension_level":0}}