{"host":"35imbhfqm50fkok9","time":1610979208,"event":{"mods":["BaseMod","Downfall","Marisa£®ÏF”Í°°ƒß¿Ì…≥£©","Minty Spire (QoL Compilation)","StSLib","The Cursed","The Servant 0.9.4"],"gold_per_floor":[117,141,161,161,176,201,217,248,248,258,258,278,310,320,320,417,417,435,360,360,44,44,69,81,108,108,108,128,128,128,147,147,245,245,255,0,17,36,47,80,90,105,105,124,157,167,195,205,205,205],"floor_reached":51,"language":"ZHS","playtime":8340,"items_purged":["Defend_P"],"score":930,"play_id":"c913f091-8bc1-4378-8419-323264dada18","local_time":"20210118221328","is_ascension_mode":false,"campfire_choices":[{"floor":11.0,"key":"REST"},{"floor":15.0,"key":"REST"},{"data":"Collect","floor":27.0,"key":"SMITH"},{"floor":30.0,"key":"REST"},{"floor":32.0,"key":"REST"},{"floor":49.0,"key":"REST"}],"circlet_count":0,"master_deck":["Strike_P+1","Strike_P+1","Strike_P+1","Defend_P+1","Defend_P+1","Defend_P+1","Eruption","Vigilance","ClearTheMind","SashWhip","ThirdEye","CutThroughFate","LikeWater","BattleHymn","Collect+1","Evaluate","Ragnarok","Halt","Establishment","Halt","Secret Technique","DevaForm","Indignation","Protect+1","Perseverance+1","SignatureMove+1","FlyingSleeves+1","Crescendo","Judgement","Wallop","Sanctity","Parasite","Halt+1","Conclude+1","Collect","WindmillStrike+1","CarveReality+1","Worship+1","Adaptation+1","Crescendo","CrushJoints+1"],"relics":["PureWater","Centennial Puzzle","Incense Burner","Nunchaku","Vajra","Calipers","HornCleat","Empty Cage","PreservedInsect","Mummified Hand","Prayer Wheel","StoneCalendar","Singing Bowl","SlaversCollar","Red Mask","Sundial","Shuriken","Strawberry","Omamori"],"acts_visited":["Exordium","TheCity","TheBeyond"],"potions_floor_usage":[50,50,50],"damage_taken":[{"damage":0.0,"enemies":"Cultist","floor":1.0,"turns":2.0},{"damage":0.0,"enemies":"Small Slimes","floor":3.0,"turns":2.0},{"damage":3.0,"enemies":"Jaw Worm","floor":5.0,"turns":2.0},{"damage":46.0,"enemies":"3 Sentries","floor":6.0,"turns":14.0},{"damage":2.0,"enemies":"Exordium Wildlife","floor":7.0,"turns":6.0},{"damage":13.0,"enemies":"Lagavulin","floor":8.0,"turns":8.0},{"damage":8.0,"enemies":"Exordium Thugs","floor":10.0,"turns":2.0},{"damage":1.0,"enemies":"3 Louse","floor":12.0,"turns":2.0},{"damage":12.0,"enemies":"Gremlin Nob","floor":13.0,"turns":5.0},{"damage":1.0,"enemies":"Looter","floor":14.0,"turns":3.0},{"damage":0.0,"enemies":"Hexaghost","floor":16.0,"turns":6.0},{"damage":9.0,"enemies":"2 Thieves","floor":18.0,"turns":2.0},{"damage":13.0,"enemies":"Slavers","floor":23.0,"turns":6.0},{"damage":8.0,"enemies":"Chosen","floor":24.0,"turns":6.0},{"damage":17.0,"enemies":"Gremlin Leader","floor":25.0,"turns":5.0},{"damage":22.0,"enemies":"3 Cultists","floor":28.0,"turns":6.0},{"damage":2.0,"enemies":"Shelled Parasite and Fungi","floor":31.0,"turns":4.0},{"damage":12.0,"enemies":"Collector","floor":33.0,"turns":7.0},{"damage":0.0,"enemies":"3 Shapes","floor":35.0,"turns":4.0},{"damage":0.0,"enemies":"3 Darklings","floor":37.0,"turns":3.0},{"damage":9.0,"enemies":"Writhing Mass","floor":38.0,"turns":5.0},{"damage":13.0,"enemies":"Jaw Worm Horde","floor":39.0,"turns":3.0},{"damage":5.0,"enemies":"Reptomancer","floor":40.0,"turns":6.0},{"damage":0.0,"enemies":"Transient","floor":41.0,"turns":5.0},{"damage":1.0,"enemies":"4 Shapes","floor":42.0,"turns":5.0},{"damage":0.0,"enemies":"Sphere and 2 Shapes","floor":44.0,"turns":2.0},{"damage":0.0,"enemies":"Giant Head","floor":45.0,"turns":5.0},{"damage":16.0,"enemies":"Spire Growth","floor":46.0,"turns":4.0},{"damage":5.0,"enemies":"Reptomancer","floor":47.0,"turns":4.0},{"damage":7.0,"enemies":"Writhing Mass","floor":48.0,"turns":4.0},{"damage":25,"enemies":"Donu and Deca","floor":50,"turns":5}],"seed_played":"823429906600422544","potions_obtained":[{"floor":3.0,"key":"Energy Potion"},{"floor":6.0,"key":"BottledMiracle"},{"floor":12.0,"key":"Explosive Potion"},{"floor":14.0,"key":"FearPotion"},{"floor":16.0,"key":"Guardian:BlockOnCardUsePotion"},{"floor":25.0,"key":"LiquidBronze"},{"floor":28.0,"key":"EssenceOfSteel"},{"floor":31.0,"key":"Dexterity Potion"},{"floor":35.0,"key":"Dexterity Potion"},{"floor":40.0,"key":"DistilledChaos"},{"floor":41.0,"key":"FearPotion"},{"floor":42.0,"key":"Fire Potion"},{"floor":44.0,"key":"SpeedPotion"},{"floor":46.0,"key":"BlessingOfTheForge"}],"is_trial":false,"path_per_floor":["M","T","M","?","M","E","M","E","T","M","R","M","E","M","R","B",null,"M","$","?","$","T","E","M","E","T","R","M","?","R","M","R","B",null,"M","?","M","M","M","E","M","M","T","M","E","M","E","M","R","B",null],"character_chosen":"WATCHER","items_purchased":["PreservedInsect","Secret Technique"],"campfire_rested":5,"item_purchase_floors":[21,21],"current_hp_per_floor":[79,79,79,79,76,30,28,15,15,7,30,29,17,16,39,39,79,70,70,70,70,70,57,49,32,32,32,10,10,33,31,54,42,79,81,81,83,78,67,62,64,65,65,67,74,60,55,50,81,56],"gold":205,"neow_bonus":"TEN_PERCENT_HP_BONUS","is_daily":false,"chose_seed":false,"campfire_upgraded":1,"win_rate":0.0,"timestamp":1610979208,"path_taken":["M","?","M","?","M","E","M","E","T","M","R","M","E","M","R","BOSS","M","$","?","?","?","E","?","E","T","R","M","?","R","M","R","BOSS","M","?","M","M","M","E","M","M","T","M","E","M","E","M","R","BOSS"],"items_purchased_type":["Relic","Card"],"build_version":"2020-12-22","purchased_purges":1,"victory":true,"max_hp_per_floor":[79,79,79,79,79,79,79,79,79,79,79,79,79,79,79,79,79,79,79,79,79,79,79,79,79,79,79,79,79,79,79,79,79,79,81,81,83,87,89,89,91,93,93,95,102,104,104,106,106,106],"card_choices":[{"not_picked":["WaveOfTheHand","SashWhip"],"picked":"ClearTheMind","floor":1.0},{"not_picked":["FlurryOfBlows","CarveReality"],"picked":"SashWhip","floor":3.0},{"not_picked":["Swivel","FlyingSleeves"],"picked":"ThirdEye","floor":5.0},{"not_picked":["Meditate","Vengeance"],"picked":"CutThroughFate","floor":6.0},{"not_picked":["SashWhip","JustLucky"],"picked":"LikeWater","floor":7.0},{"not_picked":["FollowUp","Adaptation"],"picked":"BattleHymn","floor":8.0},{"not_picked":["BattleHymn","CrushJoints"],"picked":"Collect","floor":10.0},{"not_picked":["Crescendo","FollowUp"],"picked":"Evaluate","floor":12.0},{"not_picked":["Conclude","WheelKick"],"picked":"Ragnarok","floor":13.0},{"not_picked":["SashWhip","CutThroughFate"],"picked":"Halt","floor":14.0},{"not_picked":["DevaForm","MasterReality"],"picked":"Establishment","floor":16.0},{"not_picked":["EmptyFist","SashWhip"],"picked":"Halt","floor":18.0},{"not_picked":["Swivel","WheelKick"],"picked":"DevaForm","floor":23.0},{"not_picked":["BowlingBash","CarveReality"],"picked":"Indignation","floor":24.0},{"not_picked":["CutThroughFate","EmptyBody"],"picked":"Protect+1","floor":24.0},{"not_picked":["SashWhip+1","DevaForm","Evaluate"],"picked":"SKIP","floor":25.0},{"not_picked":["Wallop","Swivel"],"picked":"Perseverance+1","floor":28.0},{"not_picked":["ThirdEye","Worship"],"picked":"SignatureMove+1","floor":28.0},{"not_picked":["Conclude","Collect"],"picked":"FlyingSleeves+1","floor":31.0},{"not_picked":["ThirdEye+1","SashWhip+1"],"picked":"Crescendo","floor":31.0},{"not_picked":["Establishment","Ragnarok"],"picked":"Judgement","floor":33.0},{"not_picked":["Weave","EmptyFist+1","PathToVictory+1"],"picked":"Singing Bowl","floor":35.0},{"not_picked":["Tantrum+1","Evaluate"],"picked":"Wallop","floor":35.0},{"not_picked":["PathToVictory+1","Consecrate","Perseverance"],"picked":"Singing Bowl","floor":37.0},{"not_picked":["BattleHymn","FlyingSleeves"],"picked":"Sanctity","floor":37.0},{"not_picked":["PathToVictory","Protect+1","Worship+1"],"picked":"Singing Bowl","floor":38.0},{"not_picked":["Evaluate","Protect","Crescendo"],"picked":"Singing Bowl","floor":38.0},{"not_picked":["BowlingBash+1","Tantrum"],"picked":"Halt+1","floor":39.0},{"not_picked":["BowlingBash","Meditate","Ragnarok"],"picked":"Singing Bowl","floor":39.0},{"not_picked":["Sanctity","TalkToTheHand"],"picked":"Conclude+1","floor":40.0},{"not_picked":["PathToVictory","SandsOfTime","EmptyBody+1"],"picked":"Singing Bowl","floor":41.0},{"not_picked":["FlurryOfBlows","SignatureMove"],"picked":"Collect","floor":41.0},{"not_picked":["Collect","ClearTheMind+1","EmptyBody"],"picked":"Singing Bowl","floor":42.0},{"not_picked":["EmptyBody+1","PathToVictory"],"picked":"WindmillStrike+1","floor":42.0},{"not_picked":["Halt","ThirdEye+1","Consecrate+1"],"picked":"Singing Bowl","floor":44.0},{"not_picked":["CrushJoints","WreathOfFlame+1"],"picked":"CarveReality+1","floor":44.0},{"not_picked":["Ragnarok","Consecrate"],"picked":"Worship+1","floor":45.0},{"not_picked":["EmptyFist","CutThroughFate"],"picked":"Adaptation+1","floor":46.0},{"not_picked":["JustLucky","FlyingSleeves+1","ConjureBlade"],"picked":"Singing Bowl","floor":46.0},{"not_picked":["SashWhip","FlurryOfBlows+1"],"picked":"Crescendo","floor":47.0},{"not_picked":["FollowUp","TalkToTheHand+1"],"picked":"CrushJoints+1","floor":48.0},{"not_picked":["EmptyFist+1","Pray","FollowUp+1"],"picked":"Singing Bowl","floor":48.0}],"player_experience":46887,"relics_obtained":[{"floor":2.0,"key":"Centennial Puzzle"},{"floor":6.0,"key":"Nunchaku"},{"floor":8.0,"key":"Vajra"},{"floor":9.0,"key":"Calipers"},{"floor":13.0,"key":"HornCleat"},{"floor":22.0,"key":"Mummified Hand"},{"floor":23.0,"key":"Prayer Wheel"},{"floor":25.0,"key":"StoneCalendar"},{"floor":26.0,"key":"Singing Bowl"},{"floor":40.0,"key":"Sundial"},{"floor":43.0,"key":"Shuriken"},{"floor":45.0,"key":"Strawberry"},{"floor":47.0,"key":"Omamori"}],"event_choices":[{"damage_healed":0.0,"max_hp_gain":0.0,"max_hp_loss":0.0,"gold_gain":0.0,"event_name":"Big Fish","player_choice":"Box","floor":4.0,"gold_loss":0.0,"damage_taken":0.0,"relics_obtained":["Incense Burner"],"cards_obtained":["Regret"]},{"damage_healed":0.0,"max_hp_gain":0.0,"max_hp_loss":0.0,"gold_gain":0.0,"event_name":"NoteForYourself","player_choice":"Ignored","floor":20.0,"gold_loss":0.0,"damage_taken":0.0},{"damage_healed":0.0,"max_hp_gain":0.0,"max_hp_loss":0.0,"gold_gain":0.0,"event_name":"Back to Basics","player_choice":"Simplicity","floor":29.0,"gold_loss":0.0,"damage_taken":0.0,"cards_upgraded":["Strike_P","Strike_P","Strike_P","Defend_P","Defend_P","Defend_P"]},{"damage_healed":0.0,"max_hp_gain":0.0,"max_hp_loss":0.0,"gold_gain":0.0,"event_name":"Tomb of Lord Red Mask","player_choice":"Paid","floor":36.0,"gold_loss":255.0,"damage_taken":0.0,"relics_obtained":["Red Mask"]}],"is_beta":false,"boss_relics":[{"not_picked":["SacredBark","Snecko Eye"],"picked":"Empty Cage"},{"not_picked":["Astrolabe","Philosopher\u0027s Stone"],"picked":"SlaversCollar"}],"items_purged_floors":[19],"is_endless":false,"potions_floor_spawned":[3,6,12,14,16,25,28,31,35,40,41,42,44,46],"ascension_level":0}}