{"host":"clgpak7dimivr1r3","time":1610998478,"event":{"mods":["BaseMod","Curses Come First","Minty Spire (QoL Compilation)","Say the Spire","StSLib"],"gold_per_floor":[112,130,197,197,216,216,247,247,274,287,319,330,364,376,376,472,472,489,504,520,520,531,531,531,531],"floor_reached":24,"language":"ENG","playtime":1029,"items_purged":[],"score":319,"play_id":"bb51d67d-832f-4d93-b83b-79a390b8456f","local_time":"20210118223438","is_ascension_mode":true,"campfire_choices":[{"data":"Immolate","floor":6,"key":"SMITH"},{"data":"Spot Weakness","floor":8,"key":"SMITH"},{"data":"Whirlwind","floor":15,"key":"SMITH"},{"data":"Feed","floor":23,"key":"SMITH"}],"circlet_count":0,"master_deck":["Strike_R","Strike_R","Strike_R","Strike_R","Defend_R","Defend_R","Defend_R","Defend_R","Bash","Cleave","Immolate+1","Spot Weakness+1","Power Through","Shrug It Off","Headbutt","Whirlwind+1","Shrug It Off","Sword Boomerang","Berserk","Heavy Blade","True Grit+1","Infernal Blade","Feed+1"],"relics":["Burning Blood","NeowsBlessing","Ancient Tea Set","Meat on the Bone","Nunchaku","Red Skull","Centennial Puzzle","Mark of Pain"],"acts_visited":["Exordium","TheCity"],"potions_floor_usage":[13,22,24,24],"damage_taken":[{"damage":0,"enemies":"Small Slimes","floor":1,"turns":1},{"damage":0,"enemies":"Cultist","floor":2,"turns":1},{"damage":0,"enemies":"2 Louse","floor":5,"turns":1},{"damage":5,"enemies":"3 Sentries","floor":7,"turns":2},{"damage":0,"enemies":"2 Fungi Beasts","floor":10,"turns":1},{"damage":34,"enemies":"Lagavulin","floor":11,"turns":7},{"damage":3,"enemies":"Blue Slaver","floor":12,"turns":4},{"damage":5,"enemies":"3 Sentries","floor":13,"turns":3},{"damage":0,"enemies":"Lots of Slimes","floor":14,"turns":1},{"damage":17,"enemies":"Slime Boss","floor":16,"turns":9},{"damage":4,"enemies":"2 Thieves","floor":18,"turns":3},{"damage":0,"enemies":"3 Byrds","floor":19,"turns":3},{"damage":0,"enemies":"Centurion and Healer","floor":20,"turns":4},{"damage":50,"enemies":"Snake Plant","floor":22,"turns":7},{"damage":64,"enemies":"Book of Stabbing","floor":24,"turns":5}],"seed_played":"-1120865393718992793","potions_obtained":[{"floor":2,"key":"GamblersBrew"},{"floor":5,"key":"Energy Potion"},{"floor":11,"key":"SneckoOil"},{"floor":13,"key":"LiquidBronze"},{"floor":14,"key":"EssenceOfSteel"},{"floor":20,"key":"Regen Potion"}],"is_trial":false,"path_per_floor":["M","M","?","?","M","R","E","R","T","M","E","M","E","M","R","B",null,"M","M","M","?","M","R","E"],"character_chosen":"IRONCLAD","items_purchased":[],"campfire_rested":0,"item_purchase_floors":[],"current_hp_per_floor":[78,80,80,80,80,80,80,80,80,80,52,55,56,62,62,51,73,75,80,80,80,48,48,0,0],"gold":531,"neow_bonus":"THREE_ENEMY_KILL","is_daily":false,"chose_seed":false,"campfire_upgraded":4,"win_rate":0.0,"timestamp":1610998478,"path_taken":["M","M","?","?","?","R","E","R","T","M","E","M","E","M","R","BOSS","M","M","M","?","M","R","E"],"items_purchased_type":[],"build_version":"2020-12-22","purchased_purges":0,"victory":false,"max_hp_per_floor":[80,80,80,80,80,80,80,80,80,80,80,80,80,80,80,80,80,80,80,80,80,80,80,80,80],"card_choices":[{"not_picked":["True Grit","Rampage"],"picked":"Cleave","floor":1},{"not_picked":["Clothesline","Heavy Blade"],"picked":"Immolate","floor":2},{"not_picked":["Second Wind","Cleave"],"picked":"Spot Weakness","floor":5},{"not_picked":["True Grit","Entrench"],"picked":"Power Through","floor":7},{"not_picked":["Searing Blow","Feel No Pain"],"picked":"Shrug It Off","floor":10},{"not_picked":["Second Wind","Evolve"],"picked":"Headbutt","floor":11},{"not_picked":["Body Slam","Disarm"],"picked":"Whirlwind","floor":12},{"not_picked":["Clothesline","Dropkick"],"picked":"Shrug It Off","floor":13},{"not_picked":["Body Slam","Clash"],"picked":"Sword Boomerang","floor":14},{"not_picked":["Barricade","Offering"],"picked":"Berserk","floor":16},{"not_picked":["Pommel Strike","Thunderclap"],"picked":"Heavy Blade","floor":18},{"not_picked":["Body Slam","Clothesline+1"],"picked":"True Grit+1","floor":19},{"not_picked":["Body Slam","Twin Strike"],"picked":"Infernal Blade","floor":20},{"not_picked":["Twin Strike","Dropkick"],"picked":"Feed","floor":22}],"player_experience":105028,"relics_obtained":[{"floor":4,"key":"Ancient Tea Set"},{"floor":7,"key":"Meat on the Bone"},{"floor":9,"key":"Nunchaku"},{"floor":11,"key":"Red Skull"},{"floor":13,"key":"Centennial Puzzle"}],"event_choices":[{"damage_healed":0,"gold_gain":67,"player_choice":"Gained Gold","damage_taken":0,"max_hp_gain":0,"max_hp_loss":0,"event_name":"Golden Wing","floor":3,"gold_loss":0},{"damage_healed":0,"gold_gain":0,"player_choice":"Relic","damage_taken":0,"max_hp_gain":0,"max_hp_loss":0,"event_name":"Wheel of Change","floor":4,"gold_loss":0},{"cards_removed":["Strike_R"],"damage_healed":0,"gold_gain":0,"player_choice":"Offered Basic","damage_taken":0,"max_hp_gain":0,"max_hp_loss":0,"event_name":"Bonfire Elementals","floor":21,"gold_loss":0}],"is_beta":false,"boss_relics":[{"not_picked":["Runic Pyramid","Black Star"],"picked":"Mark of Pain"}],"items_purged_floors":[],"is_endless":false,"potions_floor_spawned":[2,5,11,13,14,16,18,20],"killed_by":"Book of Stabbing","ascension_level":9}}