{"host":"q2w38dhfq52ibupz","time":1610933971,"event":{"mods":["AchievementEnabler","BaseMod","Curses Come First","Dark Map","Defuse TimeMaze Blight","Minty Spire (QoL Compilation)","Rare Cards Sparkle","StSLib"],"gold_per_floor":[119,37,37,112,136,136,159,159,159,184,184,184,225,241,241,367,367,390,390,489,512,512,525,546,567,567,186,101,101,119,144,144,275,275,298,298,631,273,273,273,287,287,313,90,110,141,141,152,152,247,247,261,261,111,126,137,169,169,244,244,244,194,19,33,33,33,134,134,150,150,161,161,171,171,171,171,201,201,214,14,29,43,43,43,43],"floor_reached":84,"language":"ENG","playtime":6255,"items_purged":["Bouncing Flask","After Image","Venomology+1","Envenom","Slice","Poisoned Stab"],"score":1140,"play_id":"2f6d2a41-7192-475c-ae18-06ddeb27ed51","local_time":"20210118013931","daily_mods":["SealedDeck","Heirloom"],"is_ascension_mode":false,"campfire_choices":[{"data":"Blade Dance","floor":6,"key":"SMITH"},{"floor":8,"key":"REST"},{"data":"Cloak And Dagger","floor":11,"key":"SMITH"},{"floor":15,"key":"REST"},{"floor":29,"key":"REST"},{"floor":32,"key":"REST"},{"floor":40,"key":"REST"},{"floor":49,"key":"REST"},{"floor":58,"key":"REST"},{"data":"Blade Dance","floor":61,"key":"SMITH"},{"data":"Deadly Poison","floor":66,"key":"SMITH"},{"floor":74,"key":"REST"},{"data":"Backflip","floor":76,"key":"SMITH"},{"data":"Corpse Explosion","floor":78,"key":"SMITH"},{"floor":83,"key":"REST"}],"circlet_count":0,"master_deck":["Deadly Poison+1","Deadly Poison+1","Blade Dance+1","Accuracy","Accuracy","PiercingWail","Cloak And Dagger+1","Blade Dance+1","Corpse Explosion+1","PiercingWail","Blur","Blur","Cloak And Dagger","Poisoned Stab+1","PiercingWail","Backflip+1","Storm of Steel","Expertise+1","Cloak And Dagger+1","Master of Strategy+1","Flash of Steel","Concentrate+1","Burst+1","Distraction+1","Catalyst+1","Backflip+1","Tactician+1","Deadly Poison+1"],"relics":["Ring of the Snake","Bird Faced Urn","Ancient Tea Set","MealTicket","Vajra","SlaversCollar","Meat on the Bone","Sundial","Bag of Marbles","Astrolabe","Toxic Egg 2","Centennial Puzzle","Lizard Tail","Sozu","CultistMask","Pantograph","Cursed Key"],"acts_visited":["Exordium","TheCity","TheBeyond","Exordium","TheCity"],"potions_floor_usage":[14,31,33,33,33,45,48,50,57],"damage_taken":[{"damage":0,"enemies":"Small Slimes","floor":1,"turns":1},{"damage":0,"enemies":"2 Louse","floor":5,"turns":1},{"damage":11,"enemies":"Jaw Worm","floor":7,"turns":2},{"damage":30,"enemies":"Lagavulin","floor":13,"turns":4},{"damage":4,"enemies":"Exordium Thugs","floor":14,"turns":2},{"damage":43,"enemies":"The Guardian","floor":16,"turns":5},{"damage":28,"enemies":"2 Thieves","floor":18,"turns":3},{"damage":0,"enemies":"Shell Parasite","floor":21,"turns":3},{"damage":17,"enemies":"3 Cultists","floor":23,"turns":5},{"damage":12,"enemies":"Snake Plant","floor":24,"turns":4},{"damage":20,"enemies":"Centurion and Healer","floor":25,"turns":5},{"damage":0,"enemies":"Snecko","floor":30,"turns":3},{"damage":11,"enemies":"Snake Plant","floor":31,"turns":3},{"damage":7,"enemies":"Collector","floor":33,"turns":5},{"damage":33,"enemies":"3 Shapes","floor":35,"turns":3},{"damage":0,"enemies":"Orb Walker","floor":41,"turns":1},{"damage":32,"enemies":"Transient","floor":45,"turns":5},{"damage":37,"enemies":"Giant Head","floor":46,"turns":6},{"damage":18,"enemies":"Jaw Worm Horde","floor":48,"turns":5},{"damage":76,"enemies":"Donu and Deca","floor":50,"turns":6},{"damage":12,"enemies":"2 Louse","floor":52,"turns":2},{"damage":0,"enemies":"Cultist","floor":55,"turns":1},{"damage":5,"enemies":"Jaw Worm","floor":56,"turns":2},{"damage":5,"enemies":"Gremlin Nob","floor":57,"turns":3},{"damage":0,"enemies":"Exordium Thugs","floor":64,"turns":2},{"damage":6,"enemies":"Slime Boss","floor":67,"turns":5},{"damage":20,"enemies":"Shell Parasite","floor":69,"turns":2},{"damage":0,"enemies":"Spheric Guardian","floor":71,"turns":2},{"damage":19,"enemies":"Snake Plant","floor":73,"turns":3},{"damage":24,"enemies":"Book of Stabbing","floor":77,"turns":3},{"damage":0,"enemies":"Snecko","floor":79,"turns":1},{"damage":0,"enemies":"Centurion and Healer","floor":81,"turns":2},{"damage":22,"enemies":"Chosen and Byrds","floor":82,"turns":2},{"damage":77,"enemies":"Champ","floor":84,"turns":4}],"seed_played":"-5102953334613381179","potions_obtained":[{"floor":7,"key":"ColorlessPotion"},{"floor":16,"key":"Swift Potion"},{"floor":23,"key":"SteroidPotion"},{"floor":25,"key":"SkillPotion"},{"floor":31,"key":"Dexterity Potion"},{"floor":35,"key":"Swift Potion"},{"floor":46,"key":"LiquidBronze"},{"floor":48,"key":"DuplicationPotion"},{"floor":50,"key":"EssenceOfSteel"}],"is_trial":true,"path_per_floor":["M","$","?","?","M","R","M","R","T","T","R","?","E","M","R","B",null,"M","?","?","M","?","M","M","M","T","$","?","R","M","M","R","B",null,"M","?","?","$","?","R","M","?","T","$","M","E","?","M","R","B",null,"M","?","$","M","M","E","R","?","T","R","?","$","M","?","R","B",null,"M","?","M","$","M","R","?","R","E","R","M","$","M","M","R","B"],"character_chosen":"THE_SILENT","items_purchased":["Accuracy","Backflip","Sundial","Toxic Egg 2","Flash of Steel"],"campfire_rested":9,"item_purchase_floors":[2,27,27,38,44],"current_hp_per_floor":[70,70,53,42,42,42,33,54,54,54,54,54,28,28,49,10,70,42,42,42,46,46,35,27,11,11,26,26,47,49,44,65,63,70,39,39,39,54,54,70,70,70,70,70,40,21,21,19,40,22,70,58,58,70,70,65,62,70,59,59,59,59,70,70,70,70,66,70,52,52,54,69,50,70,70,70,46,46,48,63,67,47,68,0,0],"gold":43,"neow_bonus":"","is_daily":false,"chose_seed":false,"campfire_upgraded":6,"win_rate":0.0,"timestamp":1610933971,"path_taken":["M","$","?","?","?","R","M","R","T","?","R","?","E","M","R","BOSS","M","?","?","M","?","?","M","M","T","?","?","R","?","M","R","BOSS","M","?","?","$","?","R","?","?","T","?","M","E","?","M","R","BOSS","M","?","?","M","M","E","R","?","T","R","?","$","M","?","R","BOSS","M","?","M","$","M","R","?","R","E","R","?","?","M","M","R","BOSS"],"items_purchased_type":["Card","Card","Relic","Relic","Card"],"build_version":"2020-12-22","purchased_purges":6,"victory":false,"max_hp_per_floor":[70,70,70,70,70,70,70,70,70,70,70,70,70,70,70,70,70,70,70,70,70,70,70,70,70,70,70,70,70,70,70,70,70,70,70,70,70,70,70,70,70,70,70,70,70,70,70,70,70,70,70,70,70,70,70,70,70,70,70,70,70,70,70,70,70,70,70,70,70,70,70,70,70,70,70,70,70,70,70,70,70,70,70,70,70],"card_choices":[{"not_picked":["Choke","Reflex","Outmaneuver"],"picked":"SKIP","floor":1},{"not_picked":["Flying Knee","Terror"],"picked":"PiercingWail","floor":5},{"not_picked":["Endless Agony","Accuracy"],"picked":"Cloak And Dagger","floor":7},{"not_picked":["Prepared","Unload"],"picked":"Bouncing Flask","floor":13},{"not_picked":["PiercingWail","Sucker Punch"],"picked":"Blade Dance","floor":14},{"not_picked":["Glass Knife","Adrenaline"],"picked":"Corpse Explosion","floor":16},{"not_picked":["Bane+1","Outmaneuver"],"picked":"PiercingWail","floor":18},{"not_picked":["Dagger Throw+1","Predator"],"picked":"Blur","floor":21},{"not_picked":["Dodge and Roll","Crippling Poison"],"picked":"Cloak And Dagger","floor":23},{"not_picked":["Deadly Poison","Bane"],"picked":"Poisoned Stab+1","floor":24},{"not_picked":["Backflip+1","Underhanded Strike"],"picked":"PiercingWail","floor":25},{"not_picked":["Well Laid Plans","Endless Agony+1"],"picked":"Envenom","floor":30},{"not_picked":["Footwork+1","Flying Knee"],"picked":"Outmaneuver+1","floor":31},{"not_picked":["Envenom","Wraith Form v2"],"picked":"Storm of Steel","floor":33},{"not_picked":["Prepared","Caltrops+1"],"picked":"PiercingWail+1","floor":35},{"not_picked":["Choke","Blade Dance+1","Heel Hook"],"picked":"SKIP","floor":41},{"not_picked":["Dark Shackles+1","Forethought+1"],"picked":"Master of Strategy+1","floor":42},{"not_picked":["Bane+1","Caltrops+1","PiercingWail+1"],"picked":"SKIP","floor":45},{"not_picked":["All Out Attack","Well Laid Plans","Footwork+1"],"picked":"SKIP","floor":46},{"not_picked":["Blade Dance+1","Underhanded Strike"],"picked":"Concentrate+1","floor":48},{"not_picked":["After Image","Storm of Steel+1"],"picked":"Burst+1","floor":50},{"not_picked":["Poisoned Stab","PiercingWail+1"],"picked":"Distraction+1","floor":52},{"not_picked":["Bane","Dagger Spray","Eviscerate"],"picked":"SKIP","floor":55},{"not_picked":["Quick Slash","Sucker Punch"],"picked":"Catalyst+1","floor":56},{"not_picked":["Acrobatics+1","Deadly Poison+1","Terror+1"],"picked":"SKIP","floor":57},{"not_picked":["Skewer","Dash","Prepared+1"],"picked":"SKIP","floor":64},{"not_picked":["Riddle With Holes+1","Predator","Poisoned Stab"],"picked":"SKIP","floor":69},{"not_picked":["Expertise+1","Cloak And Dagger+1"],"picked":"Backflip+1","floor":71},{"not_picked":["Dodge and Roll+1","Cloak And Dagger+1"],"picked":"Tactician+1","floor":73},{"not_picked":["Cloak And Dagger+1","Distraction+1","Footwork"],"picked":"SKIP","floor":77},{"not_picked":["Deflect+1","Sucker Punch","Escape Plan+1"],"picked":"SKIP","floor":79},{"not_picked":["Poisoned Stab+1","Well Laid Plans"],"picked":"Deadly Poison+1","floor":81},{"not_picked":["Leg Sweep+1","Terror+1","PiercingWail+1"],"picked":"SKIP","floor":82}],"player_experience":187478,"relics_obtained":[{"floor":9,"key":"Ancient Tea Set"},{"floor":10,"key":"MealTicket"},{"floor":13,"key":"Vajra"},{"floor":26,"key":"Meat on the Bone"},{"floor":43,"key":"Centennial Puzzle"},{"floor":46,"key":"Lizard Tail"},{"floor":60,"key":"Pantograph"}],"event_choices":[{"damage_healed":0,"gold_gain":0,"player_choice":"Take Damage","damage_taken":17,"relics_obtained":["Golden Idol"],"max_hp_gain":0,"max_hp_loss":0,"event_name":"Golden Idol","floor":3,"gold_loss":0},{"damage_healed":0,"gold_gain":75,"player_choice":"Gather Gold","damage_taken":11,"max_hp_gain":0,"max_hp_loss":0,"event_name":"World of Goop","floor":4,"gold_loss":0},{"damage_healed":0,"gold_gain":0,"player_choice":"Leave","damage_taken":0,"max_hp_gain":0,"max_hp_loss":0,"event_name":"The Cleric","floor":12,"gold_loss":0},{"damage_healed":0,"gold_gain":0,"player_choice":"Read","damage_taken":0,"max_hp_gain":0,"max_hp_loss":0,"event_name":"The Library","floor":19,"gold_loss":0,"cards_obtained":["After Image"]},{"damage_healed":0,"gold_gain":99,"player_choice":"Stole From Cult","damage_taken":0,"max_hp_gain":0,"max_hp_loss":0,"event_name":"Nest","floor":20,"gold_loss":0},{"damage_healed":0,"gold_gain":0,"player_choice":"Copied","damage_taken":0,"max_hp_gain":0,"max_hp_loss":0,"event_name":"Duplicator","floor":22,"gold_loss":0,"cards_obtained":["Blur"]},{"damage_healed":0,"gold_gain":0,"player_choice":"Obtained Relic","damage_taken":0,"relics_obtained":["Bag of Marbles"],"max_hp_gain":0,"max_hp_loss":0,"event_name":"Addict","floor":28,"gold_loss":85},{"cards_removed":["PiercingWail"],"damage_healed":0,"gold_gain":0,"player_choice":"Removed Skill","damage_taken":0,"max_hp_gain":0,"max_hp_loss":0,"event_name":"Falling","floor":36,"gold_loss":0},{"damage_healed":0,"gold_gain":333,"player_choice":"Gave Idol","damage_taken":0,"max_hp_gain":0,"max_hp_loss":0,"event_name":"The Moai Head","floor":37,"relics_lost":["Golden Idol"],"gold_loss":0},{"damage_healed":0,"gold_gain":0,"player_choice":"Ignored","damage_taken":0,"max_hp_gain":0,"max_hp_loss":0,"event_name":"Tomb of Lord Red Mask","floor":39,"gold_loss":0},{"damage_healed":0,"gold_gain":0,"player_choice":"Memory 1","damage_taken":0,"max_hp_gain":0,"max_hp_loss":0,"event_name":"SensoryStone","floor":42,"gold_loss":0},{"damage_healed":0,"gold_gain":0,"player_choice":"Ignored","damage_taken":0,"max_hp_gain":0,"max_hp_loss":0,"event_name":"Mysterious Sphere","floor":47,"gold_loss":0},{"damage_healed":0,"gold_gain":0,"player_choice":"Trade","damage_taken":0,"relics_obtained":["CultistMask"],"max_hp_gain":0,"max_hp_loss":0,"event_name":"FaceTrader","floor":53,"gold_loss":0},{"damage_healed":0,"gold_gain":75,"player_choice":"Gather Gold","damage_taken":11,"max_hp_gain":0,"max_hp_loss":0,"event_name":"World of Goop","floor":59,"gold_loss":0},{"cards_removed":["Slice"],"damage_healed":0,"gold_gain":0,"player_choice":"Card Removal","damage_taken":0,"max_hp_gain":0,"max_hp_loss":0,"event_name":"The Cleric","floor":62,"gold_loss":50},{"damage_healed":0,"gold_gain":0,"player_choice":"Forge","damage_taken":0,"max_hp_gain":0,"max_hp_loss":0,"event_name":"Accursed Blacksmith","floor":65,"gold_loss":0,"cards_upgraded":["Deadly Poison"]},{"damage_healed":0,"gold_gain":0,"player_choice":"Ignored","damage_taken":0,"max_hp_gain":0,"max_hp_loss":0,"event_name":"The Mausoleum","floor":70,"gold_loss":0},{"cards_removed":["Slice"],"damage_healed":5,"gold_gain":0,"player_choice":"Offered Common","damage_taken":0,"max_hp_gain":0,"max_hp_loss":0,"event_name":"Bonfire Elementals","floor":75,"gold_loss":0},{"cards_removed":["Slice"],"damage_healed":5,"gold_gain":0,"player_choice":"Offered Special","damage_taken":0,"max_hp_gain":0,"max_hp_loss":0,"event_name":"Bonfire Elementals","floor":75,"gold_loss":0}],"is_beta":false,"boss_relics":[{"not_picked":["Busted Crown","Fusion Hammer"],"picked":"SlaversCollar"},{"not_picked":["Runic Pyramid","Snecko Eye"],"picked":"Astrolabe"},{"not_picked":["Black Star","Coffee Dripper"],"picked":"Sozu"},{"not_picked":["Fusion Hammer","Philosopher\u0027s Stone"],"picked":"Cursed Key"}],"items_purged_floors":[27,38,44,54,63,80],"is_endless":true,"potions_floor_spawned":[7,16,23,25,31,35,46,48,50,52,57,64,67,71,73,82],"killed_by":"Champ","ascension_level":0}}