{"host":"hxqmxu97ax4h93y4","time":1610989974,"event":{"mods":["BaseMod","Downfall","Hermit","Marisa????????","Minty Spire (QoL Compilation)","Random Character Button","StSLib","The Cursed","The Necromancer","The Runesmith"],"gold_per_floor":[115,129,145,159,174,209,209,242,288,300,312,312,325,360,360,360,360],"floor_reached":16,"language":"ENG","playtime":706,"items_purged":[],"score":126,"play_id":"5038caaf-a884-4bf4-8b14-8b2b0f35b374","local_time":"20210118091254","is_ascension_mode":false,"campfire_choices":[{"data":"Dropkick","floor":7,"key":"SMITH"},{"floor":12,"key":"REST"},{"data":"Rage","floor":15,"key":"SMITH"}],"circlet_count":0,"master_deck":["Strike_R","Strike_R","Strike_R","Strike_R","Strike_R","Defend_R","Defend_R+1","Defend_R","Defend_R","Bash","Iron Wave","Heavy Blade","Shockwave","Shrug It Off+1","Rage+1","Whirlwind","Dropkick+1","Battle Trance","Double Tap","Pommel Strike","Shrug It Off","Headbutt"],"relics":["Burning Blood","Strawberry","HornCleat","War Paint","Runesmith:Nanobots"],"acts_visited":["Exordium"],"potions_floor_usage":[5,6,6,13],"damage_taken":[{"damage":6,"enemies":"2 Louse","floor":1,"turns":3},{"damage":2,"enemies":"Small Slimes","floor":2,"turns":5},{"damage":3,"enemies":"Jaw Worm","floor":3,"turns":3},{"damage":2,"enemies":"Looter","floor":4,"turns":3},{"damage":0,"enemies":"Large Slime","floor":5,"turns":6},{"damage":33,"enemies":"Lagavulin","floor":6,"turns":7},{"damage":51,"enemies":"Gremlin Nob","floor":8,"turns":6},{"damage":3,"enemies":"3 Louse","floor":10,"turns":2},{"damage":0,"enemies":"Gremlin Gang","floor":11,"turns":1},{"damage":0,"enemies":"Lots of Slimes","floor":13,"turns":2},{"damage":22,"enemies":"Lagavulin","floor":14,"turns":7},{"damage":40,"enemies":"The Guardian","floor":16,"turns":9}],"seed_played":"7711447349052800900","potions_obtained":[{"floor":1,"key":"FearPotion"},{"floor":3,"key":"AttackPotion"},{"floor":4,"key":"FearPotion"},{"floor":11,"key":"PowerPotion"}],"is_trial":false,"path_per_floor":["M","M","M","M","M","E","R","E","T","M","M","R","M","E","R","B"],"character_chosen":"IRONCLAD","items_purchased":[],"campfire_rested":1,"item_purchase_floors":[],"current_hp_per_floor":[80,80,80,80,80,60,60,15,15,18,24,50,56,40,40,0,0],"gold":360,"neow_bonus":"THREE_CARDS","is_daily":false,"chose_seed":false,"campfire_upgraded":2,"win_rate":0.0,"timestamp":1610989974,"path_taken":["M","M","M","M","M","E","R","E","T","M","M","R","M","E","R","BOSS"],"items_purchased_type":[],"build_version":"2020-12-22","purchased_purges":0,"victory":false,"max_hp_per_floor":[80,80,80,80,80,87,87,87,87,87,87,87,87,87,87,87,87],"card_choices":[{"not_picked":["Wild Strike","Searing Blow"],"picked":"Iron Wave","floor":0},{"not_picked":["Reckless Charge","Hemokinesis"],"picked":"Heavy Blade","floor":1},{"not_picked":["Anger","Combust"],"picked":"Shockwave","floor":2},{"not_picked":["Rampage","Shockwave"],"picked":"Shrug It Off","floor":3},{"not_picked":["Wild Strike","Armaments"],"picked":"Rage","floor":4},{"not_picked":["Thunderclap","Flex"],"picked":"Whirlwind","floor":5},{"not_picked":["Blood for Blood","Disarm"],"picked":"Dropkick","floor":6},{"not_picked":["Flex","Shockwave"],"picked":"Battle Trance","floor":8},{"not_picked":["Anger","Thunderclap"],"picked":"Double Tap","floor":10},{"not_picked":["Whirlwind","Twin Strike"],"picked":"Pommel Strike","floor":11},{"not_picked":["Rupture","Havoc"],"picked":"Shrug It Off","floor":13},{"not_picked":["Twin Strike","Thunderclap"],"picked":"Headbutt","floor":14}],"player_experience":62627,"relics_obtained":[{"floor":6,"key":"Strawberry"},{"floor":8,"key":"HornCleat"},{"floor":9,"key":"War Paint"},{"floor":14,"key":"Runesmith:Nanobots"}],"event_choices":[],"is_beta":false,"boss_relics":[],"items_purged_floors":[],"is_endless":false,"potions_floor_spawned":[1,3,4,11],"killed_by":"The Guardian","ascension_level":0}}