{"host":"dcj2yvrgcvh5dl2s","time":1610968851,"event":{"mods":["BaseMod","Better Note","Block Reminder","Colored Powertips","DeckTracker","Minty Spire (QoL Compilation)","Quick Restart","Rare Cards Sparkle","Relic Stats","StSLib"],"gold_per_floor":[117,117,135,135,85,85,113,162,188,188,201,237,265,309,309,309,309],"floor_reached":16,"language":"ENG","playtime":342,"items_purged":[],"score":186,"play_id":"ddc362c3-dcb7-4437-b49e-d5193c5e7e5f","local_time":"20210118212051","is_ascension_mode":true,"campfire_choices":[{"data":"Infinite Blades","floor":6,"key":"SMITH"},{"floor":10,"key":"REST"},{"floor":15,"key":"REST"}],"circlet_count":0,"master_deck":["Strike_G","Strike_G","Strike_G","Strike_G","Strike_G","Defend_G","Defend_G","Defend_G","Defend_G","Defend_G","Survivor","Neutralize","Infinite Blades+1","PiercingWail","Quick Slash","Catalyst","Riddle With Holes","Bullet Time"],"relics":["Ring of the Snake","NeowsBlessing","Potion Belt","Tiny Chest","CeramicFish","Snake Skull","Juzu Bracelet","Akabeko"],"acts_visited":["Exordium"],"potions_floor_usage":[12,12,14,14],"damage_taken":[{"damage":0,"enemies":"2 Louse","floor":1,"turns":1},{"damage":0,"enemies":"Cultist","floor":3,"turns":1},{"damage":0,"enemies":"Lagavulin","floor":7,"turns":1},{"damage":3,"enemies":"Jaw Worm","floor":11,"turns":5},{"damage":20,"enemies":"3 Sentries","floor":12,"turns":5},{"damage":4,"enemies":"Blue Slaver","floor":13,"turns":6},{"damage":25,"enemies":"Lagavulin","floor":14,"turns":8},{"damage":24,"enemies":"Hexaghost","floor":16,"turns":5}],"seed_played":"805392061136653821","potions_obtained":[{"floor":1,"key":"Block Potion"},{"floor":2,"key":"AttackPotion"},{"floor":2,"key":"AttackPotion"},{"floor":7,"key":"PowerPotion"},{"floor":11,"key":"SmokeBomb"}],"is_trial":false,"path_per_floor":["M","?","M","?","?","R","E","T","T","R","M","E","M","E","R","B"],"character_chosen":"THE_SILENT","items_purchased":[],"campfire_rested":2,"item_purchase_floors":[],"current_hp_per_floor":[63,63,63,63,63,63,63,63,63,70,67,47,43,18,39,15,15],"gold":309,"neow_bonus":"THREE_ENEMY_KILL","is_daily":false,"chose_seed":false,"campfire_upgraded":1,"win_rate":0.0,"timestamp":1610968851,"path_taken":["M","?","?","?","?","R","E","?","T","R","M","E","M","E","R","BOSS"],"items_purchased_type":[],"build_version":"2020-12-22","purchased_purges":0,"victory":false,"max_hp_per_floor":[70,70,70,70,70,70,70,70,70,70,70,70,70,70,70,70,70],"relic_stats":{"counters":[8,32],"CeramicFish":27,"Tiny Chest":0,"Snake Skull":[8],"Juzu Bracelet":0,"obtain_stats":[{"Potion Belt":4,"NeowsBlessing":0,"CeramicFish":8,"Tiny Chest":7,"Snake Skull":9,"Juzu Bracelet":12,"Akabeko":14,"Ring of the Snake":0},{"Potion Belt":2,"NeowsBlessing":0,"CeramicFish":3,"Tiny Chest":3,"Snake Skull":3,"Juzu Bracelet":5,"Akabeko":7,"Ring of the Snake":0},{"Potion Belt":2,"NeowsBlessing":0,"CeramicFish":3,"Tiny Chest":3,"Snake Skull":3,"Juzu Bracelet":13,"Akabeko":27,"Ring of the Snake":0}],"Ring of the Snake":[16]},"card_choices":[{"not_picked":["Bane","Calculated Gamble"],"picked":"Infinite Blades","floor":1},{"not_picked":["Underhanded Strike","Prepared"],"picked":"PiercingWail","floor":3},{"not_picked":["Well Laid Plans","Poisoned Stab"],"picked":"Quick Slash","floor":7},{"not_picked":["Quick Slash","Predator","All Out Attack"],"picked":"SKIP","floor":11},{"not_picked":["Cloak And Dagger","Masterful Stab"],"picked":"Catalyst","floor":12},{"not_picked":["Choke","Deadly Poison"],"picked":"Riddle With Holes","floor":13},{"not_picked":["Acrobatics","Poisoned Stab"],"picked":"Bullet Time","floor":14}],"player_experience":2240899,"relics_obtained":[{"floor":7,"key":"Tiny Chest"},{"floor":8,"key":"CeramicFish"},{"floor":9,"key":"Snake Skull"},{"floor":12,"key":"Juzu Bracelet"},{"floor":14,"key":"Akabeko"}],"event_choices":[{"damage_healed":0,"gold_gain":0,"player_choice":"Got Potions","damage_taken":0,"max_hp_gain":0,"max_hp_loss":0,"event_name":"Lab","floor":2,"gold_loss":0},{"damage_healed":0,"gold_gain":0,"player_choice":"Box","damage_taken":0,"relics_obtained":["Potion Belt"],"max_hp_gain":0,"max_hp_loss":0,"event_name":"Big Fish","floor":4,"gold_loss":0,"cards_obtained":["Regret"]},{"cards_removed":["Regret"],"damage_healed":0,"gold_gain":0,"player_choice":"Card Removal","damage_taken":0,"max_hp_gain":0,"max_hp_loss":0,"event_name":"The Cleric","floor":5,"gold_loss":50}],"is_beta":false,"boss_relics":[],"items_purged_floors":[],"is_endless":false,"potions_floor_spawned":[1,7,11],"killed_by":"Hexaghost","ascension_level":6}}