{"host":"id4dtnaxob941dwk","time":1610939307,"event":{"mods":["AchievementEnabler","BaseMod","BetterRewards","Colored Powertips","Curses Come First","Marked Mod","Minty Spire (QoL Compilation)","Quick Restart","Rare Cards Sparkle","Replay The Spire","StSLib","Synergy Search","The Mystic","The Runesmith","The Servant 0.9.4"],"gold_per_floor":[115,128,143,10,72,72,107,120,120,120,147,147,167,185,185,280,280,300,313,332,332,77,77,112,112,112,112,137,137,152,185,110,213,213,229,240,253,264,282,282,315,315,315,347,347,360,360,360,360,360],"floor_reached":51,"language":"ENG","playtime":7253,"items_purged":["Sickly"],"score":1327,"play_id":"5bc6f181-9696-4128-8e49-ba8fc1c27e8a","local_time":"20210118010827","is_ascension_mode":false,"campfire_choices":[{"floor":6.0,"key":"REST"},{"data":"Apotheosis","floor":10.0,"key":"SMITH"},{"data":"mysticmod:PreparedCaster","floor":12.0,"key":"SMITH"},{"floor":15.0,"key":"DIG"},{"data":"Ghostly","floor":23.0,"key":"SMITH"},{"data":"Ghostly","floor":29.0,"key":"SMITH"},{"floor":40,"key":"REST"},{"data":"mysticmod:Dedication","floor":42,"key":"SMITH"},{"data":"mysticmod:Dedication+1","floor":47,"key":"SMITH"}],"circlet_count":0,"master_deck":["mysticmod:ArcaneDodge","mysticmod:ShockingGrasp","Enlightenment","mysticmod:HunkerDown","mysticmod:HeavyStrike","mysticmod:Snowball","Apotheosis+1","mysticmod:GeminiForm","mysticmod:Disintegrate","mysticmod:Alacrity","mysticmod:KeenEdge","mysticmod:PureInstinct","mysticmod:Spellstrike","mysticmod:PowerSlash","mysticmod:GreaterInvisibility","Parasite","mysticmod:Doublecast","mysticmod:ArcaneAccuracy+1","Ghostly+1","Ghostly+1","Ghostly","Ghostly","Ghostly+1","mysticmod:ComponentsPouch","mysticmod:MightyMagic","mysticmod:EnchantedMoulinet","Decay","mysticmod:Lunge","mysticmod:BladeMaster","Master of Strategy","mysticmod:Momentum","mysticmod:Disengage+1","mysticmod:Stoneskin+1","mysticmod:Dedication+2","mysticmod:EnergizedRift+1","mysticmod:CorrosiveTouch+1","mysticmod:Fly","mysticmod:FloatingDisk+1","mysticmod:GeminiForm","mysticmod:EbbAndFlow","Survey Options","mysticmod:Feint","mysticmod:CorrosiveTouch","mysticmod:Probe"],"relics":["mysticmod:SpellBook","Replay:PocketPolymizer","Blue Doll","Oddly Smooth Stone","ReplayTheSpireMod:CursedCoin","WingedGreaves","Meat on the Bone","Blood Vial","Replay:Bottled Flurry","Ornamental Fan","FossilizedHelix","Replay:Ancient Bell","Vajra","Darkstone Periapt","StoneCalendar","Membership Card","Bronze Scales","White Beast Statue","Tiny Chest","Quantum Egg","Honey Jar","Gremlin Horn","Juzu Bracelet","Potion Belt"],"acts_visited":["Exordium","TheCity","TheBeyond"],"potions_floor_usage":[50,50,50,50],"damage_taken":[{"damage":1.0,"enemies":"2 Louse","floor":1.0,"turns":3.0},{"damage":0.0,"enemies":"Jaw Worm","floor":2.0,"turns":3.0},{"damage":0.0,"enemies":"Small Slimes","floor":3.0,"turns":3.0},{"damage":18.0,"enemies":"Replay:BlueRogue","floor":7.0,"turns":7.0},{"damage":13.0,"enemies":"3 Louse","floor":8.0,"turns":6.0},{"damage":0.0,"enemies":"Lagavulin","floor":11.0,"turns":6.0},{"damage":15.0,"enemies":"2 Fungi Beasts","floor":13.0,"turns":4.0},{"damage":24.0,"enemies":"Exordium Thugs","floor":14.0,"turns":7.0},{"damage":0.0,"enemies":"Hexaghost","floor":16.0,"turns":8.0},{"damage":0.0,"enemies":"Spheric Guardian","floor":18.0,"turns":2.0},{"damage":31.0,"enemies":"2 Thieves","floor":19.0,"turns":4.0},{"damage":0.0,"enemies":"3 Cultists","floor":20.0,"turns":5.0},{"damage":28.0,"enemies":"Book of Stabbing","floor":24.0,"turns":7.0},{"damage":9.0,"enemies":"Gremlin Leader","floor":28.0,"turns":8.0},{"damage":1.0,"enemies":"Centurion and Healer","floor":30.0,"turns":7.0},{"damage":5.0,"enemies":"Replay:Snechameleon","floor":31.0,"turns":5.0},{"damage":30.0,"enemies":"Pondfish","floor":33.0,"turns":9.0},{"damage":12.0,"enemies":"3 Darklings","floor":35.0,"turns":3.0},{"damage":8.0,"enemies":"3 Shapes","floor":36.0,"turns":4.0},{"damage":0.0,"enemies":"Writhing Mass","floor":37.0,"turns":4.0},{"damage":7.0,"enemies":"Sphere and 2 Shapes","floor":38.0,"turns":6.0},{"damage":8,"enemies":"3 Darklings","floor":39,"turns":3},{"damage":13,"enemies":"R_Hoarder","floor":41,"turns":8},{"damage":23,"enemies":"Reptomancer","floor":44,"turns":4},{"damage":0,"enemies":"Jaw Worm Horde","floor":46,"turns":6},{"damage":12,"enemies":"Donu and Deca","floor":50,"turns":9}],"seed_played":"2270116170024696916","potions_obtained":[{"floor":1.0,"key":"FairyPotion"},{"floor":5.0,"key":"DuplicationPotion"},{"floor":13.0,"key":"SpeedPotion"},{"floor":18.0,"key":"Regen Potion"},{"floor":28.0,"key":"BlessingOfTheForge"},{"floor":30.0,"key":"mysticmod:EssenceOfMagic"},{"floor":31.0,"key":"Block Potion"},{"floor":33.0,"key":"Adrenaline Potion"},{"floor":35.0,"key":"Toxic Potion"},{"floor":36.0,"key":"mysticmod:EssenceOfMagic"},{"floor":37.0,"key":"EssenceOfSteel"},{"floor":38.0,"key":"SneckoOil"},{"floor":39,"key":"Explosive Potion"},{"floor":41,"key":"Elixir"},{"floor":44,"key":"Toxic Potion"},{"floor":46,"key":"SpeedPotion"}],"is_trial":false,"path_per_floor":["M","M","M","$","?","R","E","M","T","R","E","R","M","M","R","B",null,"M","M","M","?","$","R","E","?","T","?","E","R","M","E","R","B",null,"M","M","M","M","M","R","E","R","T","E","?","M","R","?","R","B",null],"character_chosen":"MYSTIC_CLASS","items_purchased":["Blue Doll","Oddly Smooth Stone","Enlightenment","ReplayTheSpireMod:CursedCoin","Apotheosis","Membership Card","mysticmod:ComponentsPouch","mysticmod:MightyMagic"],"campfire_rested":2,"item_purchase_floors":[0,0,0,0,4,22,22,22],"current_hp_per_floor":[40,40,40,40,21,44,38,39,39,39,41,41,40,30,30,44,95,95,64,66,47,47,47,31,37,37,37,30,30,46,43,43,27,53,41,35,37,32,38,53,40,40,40,31,31,33,33,33,48,38],"gold":360,"neow_bonus":"","is_daily":false,"chose_seed":false,"campfire_upgraded":6,"win_rate":0.0,"timestamp":1610939307,"path_taken":["M","M","M","$","?","R","E","M","T","R","E","R","M","M","R","BOSS","M","M","M","?","$","R","E","?","T","?","E","R","M","E","R","BOSS","M","M","M","M","M","R","E","R","T","E","?","M","R","?","R","BOSS"],"items_purchased_type":["Relic","Relic","Card","Relic","Card","Relic","Card","Card"],"build_version":"2020-12-22","purchased_purges":1,"victory":true,"max_hp_per_floor":[77,77,77,77,77,77,77,77,77,77,77,77,77,77,77,77,95,95,95,95,47,47,47,47,53,53,53,53,53,53,53,53,53,53,53,53,53,53,53,53,53,53,53,53,53,53,53,53,53,53],"card_choices":[{"not_picked":["mysticmod:ComponentsPouch","mysticmod:CorrosiveTouch"],"picked":"mysticmod:HunkerDown","floor":1.0},{"not_picked":["mysticmod:PowerSlash","mysticmod:Probe"],"picked":"mysticmod:HeavyStrike","floor":2.0},{"not_picked":["mysticmod:SuddenClarity","mysticmod:RapidCaster"],"picked":"mysticmod:Snowball","floor":3.0},{"not_picked":["mysticmod:Shield","mysticmod:SuddenClarity"],"picked":"mysticmod:GeminiForm","floor":5.0},{"not_picked":["mysticmod:Sideswipe","mysticmod:Daze"],"picked":"mysticmod:Disintegrate","floor":7.0},{"not_picked":["mysticmod:DiviningBlow","mysticmod:Shield"],"picked":"mysticmod:Alacrity","floor":8.0},{"not_picked":["mysticmod:PowerSlash","mysticmod:Grapple","mysticmod:CorrosiveTouch"],"picked":"SKIP","floor":11.0},{"not_picked":["mysticmod:TomeOfSpells","mysticmod:BladeMaster"],"picked":"mysticmod:PureInstinct","floor":13.0},{"not_picked":["mysticmod:PowerAttack","mysticmod:Alacrity"],"picked":"mysticmod:Spellstrike","floor":14.0},{"not_picked":["mysticmod:Haste","mysticmod:SpellRecall"],"picked":"mysticmod:GreaterInvisibility","floor":16.0},{"not_picked":["Overencumbered","Shame"],"picked":"Parasite","floor":17.0},{"not_picked":["Hallucinations","Amnesia"],"picked":"ReplayTheSpireMod:Restless Dread","floor":17.0},{"not_picked":["Shame","Normality"],"picked":"Looming Evil","floor":17.0},{"not_picked":["mysticmod:Sideswipe","mysticmod:EarthenWall"],"picked":"mysticmod:Doublecast","floor":18.0},{"not_picked":["mysticmod:Sideswipe+1","mysticmod:SpellCombat","mysticmod:Riposte"],"picked":"SKIP","floor":19.0},{"not_picked":["mysticmod:Flurry","mysticmod:Sideswipe"],"picked":"mysticmod:ArcaneAccuracy+1","floor":20.0},{"not_picked":["mysticmod:Disengage","mysticmod:LightningBolt","mysticmod:HeavyStrike+1"],"picked":"SKIP","floor":24.0},{"not_picked":["mysticmod:RapidCaster","mysticmod:ArcaneAccuracy"],"picked":"mysticmod:Lunge","floor":28.0},{"not_picked":["mysticmod:StyleChange","mysticmod:Disengage","mysticmod:Feint"],"picked":"SKIP","floor":30.0},{"not_picked":["mysticmod:Sideswipe+1","mysticmod:Fly"],"picked":"mysticmod:EbbAndFlow","floor":31.0},{"not_picked":["mysticmod:ObscuringMist","mysticmod:Natural20"],"picked":"mysticmod:Momentum","floor":33.0},{"not_picked":["mysticmod:Alacrity","mysticmod:EnergizedRift+1","mysticmod:Snowball+1"],"picked":"mysticmod:Disengage+1","floor":35.0},{"not_picked":["mysticmod:BladeMaster","mysticmod:Daze+1","mysticmod:Disengage+1"],"picked":"mysticmod:Stoneskin+1","floor":36.0},{"not_picked":["mysticmod:SuddenClarity","mysticmod:Sideswipe","mysticmod:BladedDash"],"picked":"mysticmod:Dedication","floor":37.0},{"not_picked":["mysticmod:Snowball+1","mysticmod:HeavyStrike","mysticmod:Shield"],"picked":"mysticmod:EnergizedRift+1","floor":38.0},{"not_picked":["mysticmod:SuddenClarity","mysticmod:Sideswipe","mysticmod:Fly"],"picked":"mysticmod:CorrosiveTouch+1","floor":39},{"not_picked":["mysticmod:Disengage","mysticmod:PureInstinct+1","mysticmod:Probe"],"picked":"mysticmod:FloatingDisk+1","floor":41},{"not_picked":["mysticmod:Sideswipe","mysticmod:Alacrity","mysticmod:Daze+1"],"picked":"mysticmod:EbbAndFlow","floor":44},{"not_picked":["ReplayTheSpireMod:Necrogeddon","Deep Breath","ReplayTheSpireMod:Trickstab"],"picked":"Survey Options","floor":45},{"not_picked":["mysticmod:ComponentsPouch","mysticmod:Daze","mysticmod:Snowball"],"picked":"mysticmod:Feint","floor":46}],"player_experience":207107,"relics_obtained":[{"floor":5.0,"key":"Meat on the Bone"},{"floor":7.0,"key":"Blood Vial"},{"floor":9.0,"key":"Replay:Bottled Flurry"},{"floor":11.0,"key":"Ornamental Fan"},{"floor":15.0,"key":"FossilizedHelix"},{"floor":24.0,"key":"Bronze Scales"},{"floor":26.0,"key":"White Beast Statue"},{"floor":28.0,"key":"Tiny Chest"},{"floor":31.0,"key":"Quantum Egg"},{"floor":41,"key":"Gremlin Horn"},{"floor":43,"key":"Juzu Bracelet"},{"floor":44,"key":"Potion Belt"}],"event_choices":[{"damage_healed":0.0,"max_hp_gain":0.0,"max_hp_loss":48.0,"gold_gain":0.0,"event_name":"Ghosts","player_choice":"Became a Ghost","floor":21.0,"gold_loss":0.0,"damage_taken":0.0,"cards_obtained":["Ghostly","Ghostly","Ghostly","Ghostly","Ghostly"]},{"damage_healed":0.0,"max_hp_gain":0.0,"max_hp_loss":0.0,"gold_gain":0.0,"event_name":"Forgotten Altar","player_choice":"Smashed Altar","floor":25.0,"gold_loss":0.0,"damage_taken":0.0,"cards_obtained":["Decay"]},{"cards_removed":["Looming Evil"],"damage_healed":0.0,"max_hp_gain":0.0,"max_hp_loss":0.0,"gold_gain":0.0,"event_name":"Back to Basics","player_choice":"Elegance","floor":27.0,"gold_loss":0.0,"damage_taken":0.0},{"cards_removed":["ReplayTheSpireMod:Restless Dread"],"damage_healed":0.0,"max_hp_gain":0.0,"max_hp_loss":0.0,"gold_gain":0.0,"event_name":"Beggar","player_choice":"Gave Gold","floor":32.0,"gold_loss":75.0,"damage_taken":0.0},{"damage_healed":0,"gold_gain":0,"player_choice":"Memory 1","damage_taken":0,"max_hp_gain":0,"max_hp_loss":0,"event_name":"SensoryStone","floor":45,"gold_loss":0},{"cards_removed":["mysticmod:EbbAndFlow"],"damage_healed":0,"gold_gain":0,"player_choice":"Removed Power","damage_taken":0,"max_hp_gain":0,"max_hp_loss":0,"event_name":"Falling","floor":48,"gold_loss":0}],"is_beta":false,"boss_relics":[{"not_picked":["Sozu","ReplayTheSpireMod:DimensionalGlitch"],"picked":"Replay:Ancient Bell"},{"not_picked":["ReplayTheSpireMod:Lightbulb","Bag of Marbles"],"picked":"Vajra"},{"not_picked":["Runesmith:Nanobots","Mummified Hand"],"picked":"Darkstone Periapt"},{"not_picked":["Peace Pipe","Replay:Multitool"],"picked":"StoneCalendar"},{"not_picked":["Runesmith:UraniumAnvil","Replay:Wanted Poster"],"picked":"Honey Jar"}],"items_purged_floors":[22],"is_endless":false,"potions_floor_spawned":[1,13,14,18,28,30,31,33,35,36,37,38,39,41,44,46],"ascension_level":0}}