{"host":"792mtbovsoa03nb3","time":1610941273,"event":{"mods":["BaseMod","Conspire","Curses Come First","Dota2Spire","Halation","Hubris","Infinite Spire","Minty Spire (QoL Compilation)","Replay The Spire","StS++","StSLib"],"gold_per_floor":[215,215,232,7,22,54,54,30,104,179,179,199,199,216,216,319,319,339,358,358,33,47,47,47,81,107,119,119],"floor_reached":27,"language":"ENG","playtime":1269,"items_purged":["Strike_R"],"score":213,"play_id":"924ed99e-6652-42ca-b3dd-901a666b9a44","local_time":"20210117194113","is_ascension_mode":false,"campfire_choices":[{"data":"Armaments","floor":7,"key":"SMITH"},{"data":"Armaments","floor":13,"key":"SMITH"},{"floor":15,"key":"RECALL"},{"data":"Iron Wave","floor":23,"key":"SMITH"}],"circlet_count":0,"master_deck":["Strike_R","Strike_R","Strike_R","Strike_R","Defend_R","Defend_R","Defend_R","Defend_R","Bash","Armaments+1","Ghostly Armor","Armaments+1","Shrug It Off","Pummel","Demonic Infusion","CurseOfTheBell","Intimidate","Infernal Blade","Iron Wave","Iron Wave+1","hubris:NaturalOne","Havoc+1","Shame","Flex+1"],"relics":["Burning Blood","hubris:Icosahedron","Dota2Spire:BladeMail","Incense Burner","Turnip","Calling Bell","hubris:TenFootPole","StSpp:SailorCap","halation:Trompette","Dota2Spire:HeartOfTarrasque","halation:IllGainedPizza","Juzu Bracelet"],"acts_visited":["Exordium","TheCity"],"potions_floor_usage":[16,22,27,27],"damage_taken":[{"damage":7,"enemies":"Small Slimes","floor":1,"turns":4},{"damage":1,"enemies":"Jaw Worm","floor":3,"turns":3},{"damage":0,"enemies":"Cultist","floor":5,"turns":4},{"damage":24,"enemies":"3 Sentries","floor":6,"turns":14},{"damage":1,"enemies":"Large Slime","floor":12,"turns":8},{"damage":7,"enemies":"Blue Slaver","floor":14,"turns":3},{"damage":45,"enemies":"Fading Forest","floor":16,"turns":11},{"damage":21,"enemies":"Shell Parasite","floor":18,"turns":10},{"damage":23,"enemies":"Spheric Guardian","floor":19,"turns":12},{"damage":13,"enemies":"Shelled Parasite and Fungi","floor":22,"turns":10},{"damage":66,"enemies":"Centurion and Healer","floor":25,"turns":25},{"damage":28,"enemies":"Nightmare","floor":27,"turns":18}],"seed_played":"6809916342081482197","potions_obtained":[{"floor":1,"key":"GamblersBrew"},{"floor":6,"key":"BlessingOfTheForge"},{"floor":25,"key":"StSpp:ScatteredWeakPotion"}],"is_trial":false,"path_per_floor":["M","?","M","$","M","E","R","$","T","?","T","M","R","M","R","B",null,"M","M","?","$","M","R","?","M","T","NM"],"character_chosen":"IRONCLAD","items_purchased":["Dota2Spire:BladeMail","Shrug It Off","Dota2Spire:HeartOfTarrasque","Iron Wave"],"campfire_rested":0,"item_purchase_floors":[4,8,21,21],"current_hp_per_floor":[79,79,80,80,80,62,62,62,62,51,51,56,56,55,55,19,80,65,48,43,51,52,52,52,8,8,0,0],"gold":119,"neow_bonus":"HUNDRED_GOLD","is_daily":false,"chose_seed":false,"campfire_upgraded":3,"win_rate":0.0,"timestamp":1610941273,"path_taken":["M","?","M","$","M","E","R","$","T","?","?","M","R","M","R","BOSS","M","M","?","$","M","R","?","M","T","NM"],"items_purchased_type":["Relic","Card","Relic","Card"],"build_version":"2020-12-22","purchased_purges":1,"victory":false,"max_hp_per_floor":[80,80,80,80,80,80,80,80,80,80,80,80,80,80,80,80,80,80,80,85,93,93,93,93,93,93,93,93],"card_choices":[{"not_picked":["StSpp:Sprint","Warcry"],"picked":"Armaments","floor":1},{"not_picked":["Dropkick","Run Through"],"picked":"Ghostly Armor","floor":3},{"not_picked":["Havoc","hubris:ReadiedAction","StSpp:Jab"],"picked":"SKIP","floor":5},{"not_picked":["ReplayTheSpireMod:LeadingStrike","Havoc"],"picked":"Armaments","floor":6},{"not_picked":["ReplayTheSpireMod:Strike From Hell","Fiend Fire","StSpp:MuscleMemory"],"picked":"SKIP","floor":12},{"not_picked":["Body Slam","Armaments"],"picked":"Pummel","floor":14},{"not_picked":["Brutality","StSpp:Turnabout"],"picked":"Demonic Infusion","floor":16},{"not_picked":["ReplayTheSpireMod:Stacked","Clash+1"],"picked":"Intimidate","floor":18},{"not_picked":["StSpp:TheBiggerTheyAre","True Grit"],"picked":"Infernal Blade","floor":19},{"not_picked":["Anger","StSpp:BladeOfBlood"],"picked":"Havoc+1","floor":22},{"not_picked":["Twin Strike","Armaments"],"picked":"Flex+1","floor":25}],"player_experience":910497,"relics_obtained":[{"floor":6,"key":"Incense Burner"},{"floor":11,"key":"Turnip"},{"floor":17,"key":"hubris:TenFootPole"},{"floor":17,"key":"StSpp:SailorCap"},{"floor":17,"key":"halation:Trompette"},{"floor":26,"key":"Juzu Bracelet"}],"event_choices":[{"damage_healed":0,"gold_gain":75,"player_choice":"Gather Gold","damage_taken":11,"max_hp_gain":0,"max_hp_loss":0,"event_name":"World of Goop","floor":10,"gold_loss":0},{"damage_healed":0,"gold_gain":0,"player_choice":"Shed Blood","damage_taken":20,"max_hp_gain":5,"max_hp_loss":0,"event_name":"Forgotten Altar","floor":20,"gold_loss":0},{"damage_healed":0,"gold_gain":0,"player_choice":"Stole Relic","damage_taken":0,"relics_obtained":["halation:IllGainedPizza"],"max_hp_gain":0,"max_hp_loss":0,"event_name":"Addict","floor":24,"gold_loss":0,"cards_obtained":["Shame"]}],"is_beta":false,"boss_relics":[{"not_picked":["SacredBark","Fusion Hammer"],"picked":"Calling Bell"}],"items_purged_floors":[4],"is_endless":false,"potions_floor_spawned":[1,6,25],"killed_by":"Nightmare","ascension_level":0}}