{"host":"2js2pxuugveqjuf7","time":1610938015,"event":{"mods":["BaseMod","Minty Spire (QoL Compilation)","Relic Stats","StSLib"],"gold_per_floor":[115,24,24,39,51,51,81,81,81,109,121,168,200,231,243,356,368,390,402,429,454,486,498,498],"floor_reached":23,"language":"ENG","playtime":2042,"items_purged":[],"score":311,"play_id":"d8e721d4-9727-4b82-b282-7636337d5e32","local_time":"20210117204655","is_ascension_mode":true,"campfire_choices":[{"data":"Defragment","floor":6,"key":"SMITH"},{"data":"Barrage","floor":8,"key":"SMITH"},{"data":"Chaos","floor":11,"key":"SMITH"},{"data":"Aggregate","floor":15,"key":"SMITH"}],"circlet_count":0,"master_deck":["Defend_B","Defend_B","Defend_B","Defend_B","Zap","Dualcast","Chaos+1","Glacier","Barrage+1","Static Discharge","Defragment+1","Skim","Coolheaded","Capacitor","Glacier","Aggregate","Aggregate+1","Biased Cognition","CurseOfTheBell","Conserve Battery","Bite+1","Bite+1","Bite+1","Bite+1","Bite+1","Defragment","Compile Driver+1","Glacier"],"relics":["Cracked Core","NeowsBlessing","Bottled Tornado","Matryoshka","MawBank","Potion Belt","Calling Bell","Pen Nib","Molten Egg 2","Unceasing Top"],"acts_visited":["Exordium","TheCity"],"potions_floor_usage":[13,23],"damage_taken":[{"damage":0,"enemies":"Jaw Worm","floor":1,"turns":1},{"damage":0,"enemies":"Cultist","floor":4,"turns":1},{"damage":0,"enemies":"Small Slimes","floor":5,"turns":1},{"damage":12,"enemies":"3 Sentries","floor":7,"turns":9},{"damage":0,"enemies":"Lagavulin","floor":10,"turns":8},{"damage":13,"enemies":"3 Sentries","floor":12,"turns":6},{"damage":10,"enemies":"Exordium Thugs","floor":13,"turns":3},{"damage":2,"enemies":"2 Fungi Beasts","floor":14,"turns":6},{"damage":18,"enemies":"Slime Boss","floor":16,"turns":12},{"damage":0,"enemies":"Shell Parasite","floor":18,"turns":7},{"damage":3,"enemies":"Chosen","floor":20,"turns":4},{"damage":7,"enemies":"Sentry and Sphere","floor":21,"turns":6},{"damage":20,"enemies":"Snake Plant","floor":22,"turns":4},{"damage":75,"enemies":"Gremlin Leader","floor":23,"turns":10}],"seed_played":"-5204126619022687914","potions_obtained":[{"floor":1,"key":"SkillPotion"},{"floor":5,"key":"PotionOfCapacity"},{"floor":7,"key":"SteroidPotion"},{"floor":12,"key":"SteroidPotion"},{"floor":13,"key":"BlessingOfTheForge"},{"floor":21,"key":"SteroidPotion"},{"floor":22,"key":"CultistPotion"}],"is_trial":false,"path_per_floor":["M","$","?","M","M","R","E","R","T","E","R","E","M","M","R","B",null,"M","?","M","M","M","E"],"character_chosen":"DEFECT","items_purchased":["Glacier","Barrage"],"campfire_rested":0,"item_purchase_floors":[2,2],"current_hp_per_floor":[75,75,75,75,75,75,63,63,63,63,63,50,40,38,38,20,75,75,52,52,51,43,0,0],"gold":498,"neow_bonus":"THREE_ENEMY_KILL","is_daily":false,"chose_seed":false,"campfire_upgraded":4,"win_rate":0.0,"timestamp":1610938015,"path_taken":["M","$","?","?","M","R","E","R","T","E","R","E","M","?","R","BOSS","M","?","M","M","M","E"],"items_purchased_type":["Card","Card"],"build_version":"2020-12-22","purchased_purges":0,"victory":false,"max_hp_per_floor":[75,75,75,75,75,75,75,75,75,75,75,75,75,75,75,75,75,75,52,52,52,52,52,52],"relic_stats":{"counters":[14,78],"Pen Nib":[2],"MawBank":156,"obtain_stats":[{"Potion Belt":12,"Calling Bell":17,"Matryoshka":9,"NeowsBlessing":0,"Molten Egg 2":17,"Pen Nib":17,"Bottled Tornado":7,"Cracked Core":0,"MawBank":10,"Unceasing Top":17},{"Potion Belt":6,"Calling Bell":9,"Matryoshka":4,"NeowsBlessing":0,"Molten Egg 2":9,"Pen Nib":9,"Bottled Tornado":4,"Cracked Core":0,"MawBank":5,"Unceasing Top":9},{"Potion Belt":26,"Calling Bell":47,"Matryoshka":12,"NeowsBlessing":0,"Molten Egg 2":47,"Pen Nib":47,"Bottled Tornado":12,"Cracked Core":0,"MawBank":20,"Unceasing Top":47}],"Unceasing Top":[13]},"card_choices":[{"not_picked":["Go for the Eyes","Steam"],"picked":"Chaos","floor":1},{"not_picked":["Beam Cell","Reinforced Body"],"picked":"Defragment","floor":4},{"not_picked":["Stack","FTL"],"picked":"Skim","floor":5},{"not_picked":["Go for the Eyes","Blizzard"],"picked":"Coolheaded","floor":7},{"not_picked":["Hologram","Leap"],"picked":"Capacitor","floor":10},{"not_picked":["Loop","Undo"],"picked":"Glacier","floor":12},{"not_picked":["Rebound","Gash"],"picked":"Aggregate","floor":13},{"not_picked":["Go for the Eyes","Gash"],"picked":"Aggregate","floor":14},{"not_picked":["Rainbow","Multi-Cast"],"picked":"Biased Cognition","floor":16},{"not_picked":["Blizzard+1","Sweeping Beam+1"],"picked":"Conserve Battery","floor":18},{"not_picked":["Leap","Ball Lightning+1"],"picked":"Defragment","floor":20},{"not_picked":["Go for the Eyes+1","Cold Snap+1"],"picked":"Compile Driver+1","floor":21},{"not_picked":["Self Repair+1","Streamline+1"],"picked":"Glacier","floor":22}],"player_experience":273699,"relics_obtained":[{"floor":7,"key":"Bottled Tornado"},{"floor":9,"key":"Matryoshka"},{"floor":10,"key":"MawBank"},{"floor":12,"key":"Potion Belt"},{"floor":17,"key":"Pen Nib"},{"floor":17,"key":"Molten Egg 2"},{"floor":17,"key":"Unceasing Top"}],"event_choices":[{"damage_healed":0,"gold_gain":0,"cards_transformed":["Strike_B"],"player_choice":"Transformed","damage_taken":0,"max_hp_gain":0,"max_hp_loss":0,"event_name":"Transmorgrifier","floor":3,"gold_loss":0,"cards_obtained":["Static Discharge"]},{"damage_healed":0,"gold_gain":0,"player_choice":"Became a vampire","damage_taken":0,"max_hp_gain":0,"max_hp_loss":23,"event_name":"Vampires","floor":19,"gold_loss":0,"cards_obtained":["Bite","Bite","Bite","Bite","Bite"]}],"is_beta":false,"boss_relics":[{"not_picked":["Ectoplasm","Busted Crown"],"picked":"Calling Bell"}],"items_purged_floors":[],"is_endless":false,"potions_floor_spawned":[1,5,7,12,13,21,22],"killed_by":"Gremlin Leader","ascension_level":4}}