{"host":"bpkhhmvsfrvlto2l","time":1610937017,"event":{"mods":["2.2 Compatiblity","AchievementEnabler","Act Like it!","AlwaysNeverKeys","Aspiration","BaseMod","Better Silent Start","Challenge The Spire","Colored Map","Colored Powertips","Custom Start","Downfall","Energized Spire","Friendly Minions","GifTheSpireLib","Halation","Hubris","Infinite Spire","Ironclad Rager","Mimic Mod","Minty Spire (QoL Compilation)","Permanent Neow","Quick Restart","Random Character Button","Relic Sorter","Spikes Relics","StSLib","Stuff the Spire","Swap Starting Deck Mod","Trackpad"],"gold_per_floor":[11,0,13,13,29,60,60,93,118,131,71,87,99,110,110,214,214,231,250,250,269,281,281,309,309,309,155,155,175,175,100,100,203,203,220,99,149,149,149,149,166,195,195,195,206,218,218,251,251,251],"floor_reached":51,"language":"ENG","playtime":1317,"items_purged":["hubris:Sloth"],"score":906,"play_id":"b316df23-257d-4f61-a791-2af2777c39c5","local_time":"20210117213017","is_ascension_mode":true,"campfire_choices":[{"floor":7,"key":"REST"},{"floor":15,"key":"REST"},{"data":"Adrenaline","floor":23,"key":"SMITH"},{"floor":25,"key":"REST"},{"floor":32,"key":"REST"},{"data":"Dodge and Roll","floor":40,"key":"SMITH"},{"data":"Dodge and Roll","floor":44,"key":"SMITH"},{"floor":49,"key":"REST"}],"circlet_count":0,"master_deck":["Survivor","Neutralize","Poisoned Stab","Poisoned Stab+1","Poisoned Stab+1","Poisoned Stab","Dodge and Roll","Dodge and Roll+1","Dodge and Roll+1","Adrenaline+1","Poisoned Stab+1"],"relics":["Ring of the Snake","halation:PinkSoulGem","aspiration:Lifesprig","halation:EternalFortune","hubris:GlazedTorus","The Courier","Snake Skull","Smiling Mask","trackpad:ChainingVapors","aspiration:IroncladSkillbook","Toy Ornithopter","WingedGreaves","Bronze Scales","Busted Crown","hubris:Metronome","Nunchaku","Regal Pillow","hubris:MysteriousPyramids"],"acts_visited":["Exordium","TheCity","TheBeyond"],"potions_floor_usage":[6,6,14,19,21,33,42,42,42,46],"damage_taken":[{"damage":2,"enemies":"Jaw Worm","floor":1,"turns":3},{"damage":2,"enemies":"2 Louse","floor":3,"turns":5},{"damage":0,"enemies":"Cultist","floor":5,"turns":3},{"damage":17,"enemies":"Lagavulin","floor":6,"turns":4},{"damage":18,"enemies":"Gremlin Nob","floor":8,"turns":4},{"damage":4,"enemies":"Looter","floor":10,"turns":3},{"damage":5,"enemies":"2 Fungi Beasts","floor":12,"turns":3},{"damage":3,"enemies":"Large Slime","floor":13,"turns":5},{"damage":0,"enemies":"Exordium Thugs","floor":14,"turns":3},{"damage":8,"enemies":"The Guardian","floor":16,"turns":9},{"damage":6,"enemies":"3 Byrds","floor":18,"turns":6},{"damage":0,"enemies":"Spheric Guardian","floor":19,"turns":3},{"damage":22,"enemies":"3 Cultists","floor":21,"turns":6},{"damage":14,"enemies":"Snake Plant","floor":22,"turns":4},{"damage":9,"enemies":"Slavers","floor":24,"turns":3},{"damage":8,"enemies":"Snecko","floor":29,"turns":4},{"damage":27,"enemies":"hubris:MusketHawk","floor":33,"turns":6},{"damage":0,"enemies":"3 Darklings","floor":35,"turns":5},{"damage":10,"enemies":"Mind Bloom Boss Battle","floor":37,"turns":5},{"damage":0,"enemies":"Orb Walker","floor":41,"turns":3},{"damage":24,"enemies":"Reptomancer","floor":42,"turns":7},{"damage":16,"enemies":"Sphere and 2 Shapes","floor":45,"turns":4},{"damage":0,"enemies":"Writhing Mass","floor":46,"turns":4},{"damage":29,"enemies":"Giant Head","floor":48,"turns":7},{"damage":50,"enemies":"Time Eater","floor":50,"turns":8}],"seed_played":"-961615518680330516","potions_obtained":[{"floor":1,"key":"SteroidPotion"},{"floor":3,"key":"FearPotion"},{"floor":13,"key":"SteroidPotion"},{"floor":14,"key":"Swift Potion"},{"floor":16,"key":"Guardian:BlockOnCardUsePotion"},{"floor":19,"key":"SpeedPotion"},{"floor":24,"key":"SteroidPotion"},{"floor":29,"key":"SmokeBomb"},{"floor":33,"key":"DuplicationPotion"},{"floor":37,"key":"DistilledChaos"},{"floor":41,"key":"ColorlessPotion"},{"floor":42,"key":"EssenceOfSteel"}],"is_trial":false,"path_per_floor":["M","?","M","?","M","E","R","E","T","M","$","M","M","M","R","B",null,"M","M","?","M","M","R","E","R","T","?","?","M","T","?","R","B",null,"M","$","?","AVR","T","R","M","E","T","R","M","M","?","E","R","B",null],"character_chosen":"THE_SILENT","items_purchased":["Toy Ornithopter"],"campfire_rested":5,"item_purchase_floors":[36],"current_hp_per_floor":[43,43,41,44,44,27,46,28,28,24,24,19,16,16,35,27,66,60,60,60,38,24,24,15,34,34,34,34,26,26,26,45,18,66,66,66,60,60,60,60,64,51,51,51,42,51,51,26,61,15],"gold":251,"neow_bonus":"SILENT_ASSASSIN","is_daily":false,"chose_seed":false,"campfire_upgraded":3,"win_rate":0.0,"timestamp":1610937017,"path_taken":["M","?","M","?","M","E","R","E","T","M","?","M","M","M","R","BOSS","M","M","?","M","M","R","E","R","T","?","?","M","?","?","R","BOSS","M","$","?","AVR","?","R","M","E","T","R","M","M","?","E","R","BOSS"],"items_purchased_type":["Relic"],"build_version":"2020-12-22","purchased_purges":1,"victory":true,"max_hp_per_floor":[63,63,63,66,66,66,66,66,66,66,66,66,66,66,66,66,66,66,66,66,66,66,66,66,66,66,66,66,66,66,66,66,66,66,66,66,66,66,66,66,66,66,66,66,69,69,69,69,69,69],"card_choices":[{"not_picked":["Cloak And Dagger","Quick Slash","Noxious Fumes"],"picked":"SKIP","floor":14},{"not_picked":["Phantasmal Killer","A Thousand Cuts"],"picked":"Adrenaline","floor":16},{"not_picked":["StuffTheSpire:Fury","Bane"],"picked":"Poisoned Stab+1","floor":21},{"not_picked":["Backflip","hubris:Counter","StuffTheSpire:Incursion"],"picked":"SKIP","floor":24},{"not_picked":["Absolvement","StuffTheSpire:Fury+1"],"picked":"SKIP","floor":48}],"player_experience":89677,"relics_obtained":[{"floor":6,"key":"hubris:GlazedTorus"},{"floor":8,"key":"The Courier"},{"floor":9,"key":"aspiration:Lifesprig"},{"floor":24,"key":"Snake Skull"},{"floor":26,"key":"Smiling Mask"},{"floor":30,"key":"trackpad:ChainingVapors"},{"floor":37,"key":"WingedGreaves"},{"floor":39,"key":"hubris:Metronome"},{"floor":42,"key":"Nunchaku"},{"floor":43,"key":"Regal Pillow"},{"floor":45,"key":"halation:EternalFortune"},{"floor":48,"key":"hubris:MysteriousPyramids"}],"event_choices":[{"damage_healed":0,"gold_gain":0,"player_choice":"Left Gold","damage_taken":0,"max_hp_gain":0,"max_hp_loss":0,"event_name":"World of Goop","floor":2,"gold_loss":11},{"cards_removed":["StuffTheSpire:Perfection"],"damage_healed":0,"gold_gain":0,"player_choice":"Gave Gold","damage_taken":0,"max_hp_gain":0,"max_hp_loss":0,"event_name":"Beggar","floor":31,"gold_loss":75},{"damage_healed":0,"gold_gain":0,"player_choice":"Fight","damage_taken":0,"max_hp_gain":0,"max_hp_loss":0,"event_name":"MindBloom","floor":37,"gold_loss":0},{"cards_removed":["Dodge and Roll"],"damage_healed":0,"gold_gain":0,"player_choice":"Removed Skill","damage_taken":0,"max_hp_gain":0,"max_hp_loss":0,"event_name":"Falling","floor":47,"gold_loss":0}],"is_beta":false,"boss_relics":[{"not_picked":["StuffTheSpire:ModemDavis","Cursed Key","halation:MonkeysPaw"]},{"not_picked":["halation:PlatinumPhoenix","Astrolabe"],"picked":"aspiration:IroncladSkillbook"}],"items_purged_floors":[11],"is_endless":false,"potions_floor_spawned":[1,3,13,14,16,19,24,29,33,37,41,42],"ascension_level":2}}