{"host":"71x3l6y2fkerz90u","time":1610935439,"event":{"mods":["BaseMod","Downfall","Hubris","Minty Spire (QoL Compilation)","StSLib","The Necromancer"],"gold_per_floor":[99,111,130,150,150,182,182,197,9,9,9,29,29,54,65,161,161,61,75,85,185,198,224,251,261,261,279,279,298,148,175,194,298,298,298,314,324,337,349,349,398,409,343,343,357,121,121,12,27,27,27,27],"floor_reached":50,"language":"DEU","playtime":5669,"items_purged":[],"score":627,"play_id":"adf3b798-833c-4fdf-aee4-b06787ba436f","local_time":"20210118030359","is_ascension_mode":false,"campfire_choices":[{"data":"champ:Defend","floor":1,"key":"SMITH"},{"floor":10,"key":"REST"},{"data":"champ:FaceSlap","floor":13,"key":"SMITH"},{"data":"champ:IronFortress","floor":18,"key":"SMITH"},{"data":"Siphon_Strength","floor":35,"key":"SMITH"}],"circlet_count":0,"master_deck":["champ:Defend","champ:Defend","champ:Defend+1","champ:Execute","champ:Taunt","champ:StanceDance","champ:FlashCut+1","champ:FocusedDefense","champ:PerfectedStrike","champ:EnGarde","champ:PreciseThrust","champ:StanceDance","champ:SetATrap","champ:FaceSlap+1","champ:DeathBlow","champ:IronFortress+1","champ:VampiricStrike+1","champ:BringItOn+1","champ:Backstep","champ:Shatter+1","champ:FancyFootwork+1","Siphon_Strength+1","Vampiric_Strike","Bite","Bite","Bite","Bite","Bite","champ:DefensiveShout+1","champ:TornadoPunch","Spectral_Walk","champ:GutPunch+1","champ:GladiatorStyle","champ:HeavySlash","champ:StanceDance+1","champ:StanceDance+1","champ:BringItOn+1","champ:CalledShot+1","champ:EnGarde+1","champ:IgnorePain","champ:DefensiveShout","champ:EnGarde","champ:FocusedDefense+1","Jack Of All Trades","Thinking Ahead","champ:MurderStrike","champ:IronFortress","champ:FlashCut+1"],"relics":["champ:ChampionCrown","Blood Vial","MealTicket","champ:DefensiveTrainingManual","hubris:ScarierMask","downfall:HeartBlessingGreen","hubris:Zylophone","hubris:DisguiseKit","Shuriken","Whetstone","Regal Pillow","Coffee Dripper","hubris:Icosahedron","Toy Ornithopter","Membership Card","Bronze Scales","HandDrill","hubris:FunFungus"],"acts_visited":["Exordium","TheCity","TheBeyond"],"potions_floor_usage":[5,14,14,16,20,22,23,27,31,38,38,39,42,42,45,46,50],"damage_taken":[{"damage":10,"enemies":"Cultist","floor":2,"turns":4},{"damage":23,"enemies":"Jaw Worm","floor":3,"turns":3},{"damage":1,"enemies":"2 Louse","floor":4,"turns":3},{"damage":0,"enemies":"Red Slaver","floor":5,"turns":1},{"damage":49,"enemies":"Lagavulin","floor":6,"turns":8},{"damage":33,"enemies":"Gremlin Gang","floor":8,"turns":5},{"damage":20,"enemies":"downfall:FleeingMerchant","floor":9,"turns":4},{"damage":10,"enemies":"Exordium Thugs","floor":12,"turns":5},{"damage":5,"enemies":"3 Sentries","floor":14,"turns":5},{"damage":9,"enemies":"Blue Slaver","floor":15,"turns":3},{"damage":71,"enemies":"IC_STATUS_ARCHETYPE","floor":16,"turns":9},{"damage":6,"enemies":"Shell Parasite","floor":19,"turns":4},{"damage":21,"enemies":"Snake Plant","floor":20,"turns":4},{"damage":35,"enemies":"IC_STATUS_ARCHETYPE","floor":21,"turns":7},{"damage":18,"enemies":"Centurion and Healer","floor":22,"turns":4},{"damage":21,"enemies":"Gremlin Leader","floor":23,"turns":7},{"damage":20,"enemies":"3 Cultists","floor":25,"turns":4},{"damage":5,"enemies":"Cultist and Chosen","floor":27,"turns":4},{"damage":21,"enemies":"Snake Plant","floor":29,"turns":5},{"damage":36,"enemies":"Book of Stabbing","floor":31,"turns":8},{"damage":0,"enemies":"Chosen and Byrds","floor":32,"turns":4},{"damage":70,"enemies":"WA_ARCHETYPE_CALM","floor":33,"turns":15},{"damage":0,"enemies":"Orb Walker","floor":36,"turns":3},{"damage":8,"enemies":"3 Shapes","floor":37,"turns":4},{"damage":30,"enemies":"Spire Growth","floor":38,"turns":5},{"damage":28,"enemies":"Sphere and 2 Shapes","floor":39,"turns":2},{"damage":30,"enemies":"Maw","floor":42,"turns":9},{"damage":25,"enemies":"downfall:FleeingMerchant","floor":43,"turns":4},{"damage":51,"enemies":"Transient","floor":45,"turns":5},{"damage":10,"enemies":"downfall:FleeingMerchant","floor":46,"turns":4},{"damage":0,"enemies":"downfall:FleeingMerchant","floor":48,"turns":1},{"damage":43,"enemies":"Spire Growth","floor":49,"turns":5},{"damage":93,"enemies":"DF_ARCHETYPE_ORBS","floor":50,"turns":9}],"seed_played":"-1979438268864433566","potions_obtained":[{"floor":2,"key":"SmokeBomb"},{"floor":8,"key":"GamblersBrew"},{"floor":11,"key":"DuplicationPotion"},{"floor":11,"key":"bronze:BurnAndBuffPotion"},{"floor":12,"key":"Strength Potion"},{"floor":15,"key":"SteroidPotion"},{"floor":19,"key":"LiquidBronze"},{"floor":22,"key":"SkillPotion"},{"floor":23,"key":"Swift Potion"},{"floor":29,"key":"Fire Potion"},{"floor":32,"key":"Regen Potion"},{"floor":33,"key":"Fire Potion"},{"floor":36,"key":"Weak Potion"},{"floor":38,"key":"champ:TechniquePotion"},{"floor":39,"key":"Swift Potion"},{"floor":42,"key":"sneckomod:MuddlingPotion"},{"floor":45,"key":"champ:CounterPotion"}],"is_trial":false,"path_per_floor":["R","M","M","M","M","E","T","M","$","R","?","M","R","E","M","B",null,"R","M","M","?","M","E","T","M","?","M","?","M","?","E","M","B",null,"R","M","M","M","M","?","T","M","$","?","M","$","?","$","M","B"],"character_chosen":"THE_CHAMP","items_purchased":["champ:ShieldWall","champ:StanceDance","champ:SetATrap","PowerPotion","Membership Card","Bronze Scales","Jack Of All Trades","HandDrill","Thinking Ahead","champ:MurderStrike","champ:IronFortress","hubris:FunFungus"],"campfire_rested":1,"item_purchase_floors":[9,9,9,43,46,46,48,48,48,48,48,48],"current_hp_per_floor":[99,99,86,85,85,61,61,50,67,96,96,98,98,99,95,61,99,99,93,74,61,60,56,56,58,58,66,66,49,79,61,71,43,79,79,79,73,54,55,55,55,79,79,79,40,66,66,79,67,0,0,0],"gold":27,"neow_bonus":"TEN_PERCENT_HP_BONUS","is_daily":false,"chose_seed":false,"campfire_upgraded":4,"win_rate":0.0,"timestamp":1610935439,"path_taken":["R","M","?","M","?","E","T","M","$","R","?","M","R","E","M","BOSS","R","M","?","?","M","E","T","M","?","M","?","?","?","E","M","BOSS","R","M","M","?","M","?","T","M","$","?","M","$","?","$","M","BOSS"],"items_purchased_type":["Card","Card","Card","Potion","Relic","Relic","Card","Relic","Card","Card","Card","Relic"],"build_version":"2020-12-22","purchased_purges":0,"victory":false,"max_hp_per_floor":[99,99,99,99,99,99,99,99,99,99,99,99,99,99,99,99,99,99,99,99,99,99,99,99,99,69,69,69,69,79,79,79,79,79,79,79,79,79,79,79,79,79,79,79,79,79,79,79,79,79,79,79],"card_choices":[{"not_picked":["champ:HeartStrike","champ:DefensiveShout"],"picked":"champ:StanceDance","floor":2},{"not_picked":["champ:ArenaPreparation","champ:TornadoPunch"],"picked":"champ:FlashCut","floor":3},{"not_picked":["champ:Circumvent","champ:EndlessRage"],"picked":"champ:FocusedDefense","floor":4},{"not_picked":["champ:Endure","champ:DancingMaster"],"picked":"champ:PerfectedStrike","floor":6},{"not_picked":["champ:CrownThrow","champ:PerfectedStrike"],"picked":"champ:EnGarde","floor":8},{"not_picked":["champ:GutPunch","champ:DefensiveShout"],"picked":"champ:PreciseThrust","floor":9},{"not_picked":["champ:EndlessRage","champ:StanceDance"],"picked":"champ:FaceSlap","floor":12},{"not_picked":["champ:Circumvent","champ:RapidStrikes"],"picked":"champ:DeathBlow","floor":14},{"not_picked":["champ:PerfectedStrike","champ:EnGarde"],"picked":"champ:IronFortress","floor":15},{"not_picked":["champ:SteelEdge","champ:ShieldThrow"],"picked":"champ:VampiricStrike","floor":16},{"not_picked":["champ:FanOfKnives","champ:TornadoPunch"],"picked":"champ:BringItOn+1","floor":19},{"not_picked":["champ:TornadoPunch","champ:PreemptiveStrike+1"],"picked":"champ:Backstep","floor":20},{"not_picked":["champ:EnGarde","champ:IgnorePain"],"picked":"champ:Shatter+1","floor":21},{"not_picked":["champ:FlashCut","champ:ShieldWall","Negative_Energy_Sphere"],"picked":"champ:FancyFootwork+1","floor":22},{"not_picked":["champ:DefensiveShout","champ:Haymaker","champ:GutPunch"],"picked":"Siphon_Strength","floor":23},{"not_picked":["champ:CrookedStrike+1","champ:Parry","champ:Circumvent"],"picked":"Vampiric_Strike","floor":25},{"not_picked":["champ:CrownThrow","champ:IronFortress","Negative_Energy_Burst"],"picked":"champ:DefensiveShout+1","floor":27},{"not_picked":["champ:StanceDance+1","champ:GladiatorForm","champ:Duel"],"picked":"Spectral_Walk","floor":29},{"not_picked":["champ:IronFortress","champ:EndlessRage","Scare"],"picked":"champ:GutPunch","floor":31},{"not_picked":["champ:BladeFlurry","champ:FlashCut","Toxic_Smoke_Screen"],"picked":"champ:GladiatorStyle","floor":32},{"not_picked":["champ:DancingMaster","champ:MurderStrike","Reap_The_Weak"],"picked":"champ:HeavySlash","floor":33},{"not_picked":["champ:BerserkersShout+1","champ:CrookedStrike","Negative_Energy_Shield"],"picked":"champ:StanceDance+1","floor":36},{"not_picked":["champ:BringItOn","champ:Shatter+1","Death_March_Dance"],"picked":"champ:StanceDance+1","floor":37},{"not_picked":["champ:Parry+1","champ:FaceSlap+1","Necrotic_Claws"],"picked":"champ:BringItOn+1","floor":38},{"not_picked":["champ:Haymaker","champ:FocusedDefense+1","Requiem"],"picked":"champ:CalledShot+1","floor":39},{"not_picked":["champ:Shatter","champ:ShieldWall+1","Death_Coil"],"picked":"champ:EnGarde+1","floor":42},{"not_picked":["champ:PreciseThrust","champ:BringItOn","Strike_from_Beyond"],"picked":"champ:IgnorePain","floor":43},{"not_picked":["champ:Backstep","champ:ShieldWall","Deaths_Shadow"],"picked":"champ:DefensiveShout","floor":45},{"not_picked":["champ:RisingSlash","champ:BladeFlurry","Negative_Energy_Mist"],"picked":"champ:EnGarde","floor":46},{"not_picked":["champ:Haymaker","champ:EnGarde","Bone_Bullets"],"picked":"champ:FocusedDefense+1","floor":48},{"not_picked":["champ:BerserkersShout+1","champ:SetATrap+1","Life_Drain"],"picked":"champ:FlashCut+1","floor":49}],"player_experience":125050,"relics_obtained":[{"floor":6,"key":"Blood Vial"},{"floor":7,"key":"MealTicket"},{"floor":14,"key":"champ:DefensiveTrainingManual"},{"floor":21,"key":"hubris:Zylophone"},{"floor":21,"key":"hubris:DisguiseKit"},{"floor":23,"key":"Shuriken"},{"floor":24,"key":"Whetstone"},{"floor":31,"key":"Regal Pillow"},{"floor":41,"key":"Toy Ornithopter"}],"event_choices":[{"damage_healed":0,"gold_gain":0,"player_choice":"Got Potions","damage_taken":0,"max_hp_gain":0,"max_hp_loss":0,"event_name":"Lab","floor":11,"gold_loss":0},{"damage_healed":0,"gold_gain":0,"player_choice":"Became a vampire","damage_taken":0,"max_hp_gain":0,"max_hp_loss":30,"event_name":"Vampires","floor":26,"gold_loss":0,"cards_obtained":["Bite","Bite","Bite","Bite","Bite"]},{"cards_removed":["champ:ShieldWall"],"damage_healed":0,"gold_gain":0,"player_choice":"Removed Power","damage_taken":0,"max_hp_gain":0,"max_hp_loss":0,"event_name":"Falling","floor":44,"gold_loss":0}],"is_beta":false,"boss_relics":[{"not_picked":["Tiny House","hubris:Stopwatch"],"picked":"hubris:ScarierMask"},{"not_picked":["Empty Cage","hubris:HollowSoul"],"picked":"Coffee Dripper"}],"items_purged_floors":[],"is_endless":false,"potions_floor_spawned":[2,5,8,12,15,19,22,23,29,32,33,36,38,39,42,45],"killed_by":"DF_ARCHETYPE_ORBS","ascension_level":0}}