{"host":"g5ztulhog0otympt","time":1610988156,"event":{"mods":["AchievementEnabler","BaseMod","Downfall","Hermit","Minty Spire (QoL Compilation)","StSLib","The Cursed"],"gold_per_floor":[115,115,115,115,115,146,165,165,214,60,60,79,44,73,73,172,172,185,185,185,135,135,135,165,165,189,205,216,236,112,126,126,126,126],"floor_reached":33,"language":"ENG","playtime":908,"items_purged":["downfall:Bewildered"],"score":296,"play_id":"61f97a3e-b825-4071-9ec3-1ba035d01a6e","local_time":"20210118184236","is_ascension_mode":false,"campfire_choices":[{"data":"Dualcast","floor":8,"key":"SMITH"},{"floor":15,"key":"REST"},{"floor":23,"key":"REST"},{"floor":25,"key":"REST"},{"floor":32,"key":"REST"}],"circlet_count":0,"master_deck":["Strike_B","Strike_B","Strike_B","Strike_B","Defend_B","Defend_B","Defend_B","Defend_B","Zap","Dualcast+1","Ball Lightning","Go for the Eyes","Beam Cell","Necronomicurse","Gash","Heatsinks+1","Auto Shields+1","Sweeping Beam","Streamline"],"relics":["Cracked Core","NeowsBlessing","Centennial Puzzle","Bag of Preparation","Bag of Marbles","Oddly Smooth Stone","Smiling Mask","Fusion Hammer","sneckomod:BabySnecko","Necronomicon","Strawberry","Art of War"],"acts_visited":["Exordium","TheCity"],"potions_floor_usage":[16,16,27,33,33,33],"damage_taken":[{"damage":0,"enemies":"Jaw Worm","floor":1,"turns":1},{"damage":0,"enemies":"3 Sentries","floor":6,"turns":1},{"damage":0,"enemies":"2 Louse","floor":7,"turns":1},{"damage":7,"enemies":"Small Slimes","floor":12,"turns":2},{"damage":24,"enemies":"Lagavulin","floor":14,"turns":5},{"damage":40,"enemies":"Hexaghost","floor":16,"turns":9},{"damage":18,"enemies":"3 Byrds","floor":18,"turns":4},{"damage":42,"enemies":"Book of Stabbing","floor":24,"turns":5},{"damage":12,"enemies":"2 Thieves","floor":27,"turns":3},{"damage":13,"enemies":"Snake Plant","floor":28,"turns":4},{"damage":19,"enemies":"Chosen and Byrds","floor":29,"turns":5},{"damage":12,"enemies":"Centurion and Healer","floor":31,"turns":4},{"damage":45,"enemies":"Automaton","floor":33,"turns":6}],"seed_played":"2384553407154524581","potions_obtained":[{"floor":1,"key":"sneckomod:MuddlingPotion"},{"floor":7,"key":"Energy Potion"},{"floor":14,"key":"Weak Potion"},{"floor":24,"key":"FocusPotion"},{"floor":29,"key":"Fire Potion"}],"is_trial":false,"path_per_floor":["M","?","$","?","$","E","M","R","T","$","?","M","?","E","R","B",null,"M","?","?","$","?","R","E","R","T","M","M","M","$","M","R","B"],"character_chosen":"DEFECT","items_purchased":["Oddly Smooth Stone","hexamod:SoulburnPotion","DistilledChaos"],"campfire_rested":4,"item_purchase_floors":[10,30,30],"current_hp_per_floor":[75,80,80,77,77,77,77,77,77,77,77,70,80,56,80,40,80,62,62,46,46,46,70,35,61,61,49,36,17,17,5,31,0,0],"gold":126,"neow_bonus":"THREE_ENEMY_KILL","is_daily":false,"chose_seed":false,"campfire_upgraded":1,"win_rate":0.0,"timestamp":1610988156,"path_taken":["M","?","$","?","$","E","M","R","T","?","?","?","?","E","R","BOSS","M","?","?","$","?","R","E","R","T","M","M","M","?","M","R","BOSS"],"items_purchased_type":["Relic","Potion","Potion"],"build_version":"2020-12-22","purchased_purges":1,"victory":false,"max_hp_per_floor":[75,80,80,80,80,80,80,80,80,80,80,80,80,80,80,80,80,80,80,80,80,80,80,87,87,87,87,87,87,87,87,87,87,87],"card_choices":[{"not_picked":["Genetic Algorithm","Heatsinks","Storm"],"picked":"SKIP","floor":1},{"not_picked":["Aggregate","Static Discharge","Hello World"],"picked":"SKIP","floor":6},{"not_picked":["Beam Cell","Genetic Algorithm"],"picked":"Ball Lightning","floor":7},{"not_picked":["Beam Cell","Blizzard","Barrage"],"picked":"SKIP","floor":12},{"not_picked":["Genetic Algorithm","Consume"],"picked":"Go for the Eyes","floor":14},{"not_picked":["Compile Driver","Barrage"],"picked":"Beam Cell","floor":18},{"not_picked":["Echo Form","Auto Shields"],"picked":"Gash","floor":24},{"not_picked":["Compile Driver","Aggregate+1"],"picked":"Heatsinks+1","floor":27},{"not_picked":["Chaos","Consume"],"picked":"Auto Shields+1","floor":28},{"not_picked":["Blizzard","Stack+1"],"picked":"Sweeping Beam","floor":29},{"not_picked":["Barrage","Scrape"],"picked":"Streamline","floor":31}],"player_experience":97054,"relics_obtained":[{"floor":6,"key":"Bag of Preparation"},{"floor":9,"key":"Bag of Marbles"},{"floor":14,"key":"Smiling Mask"},{"floor":20,"key":"Necronomicon"},{"floor":24,"key":"Strawberry"},{"floor":26,"key":"Art of War"}],"event_choices":[{"damage_healed":0,"gold_gain":0,"player_choice":"Donut","damage_taken":0,"max_hp_gain":5,"max_hp_loss":0,"event_name":"Big Fish","floor":2,"gold_loss":0},{"damage_healed":0,"gold_gain":0,"player_choice":"Success","damage_taken":3,"relics_obtained":["Centennial Puzzle"],"max_hp_gain":0,"max_hp_loss":0,"event_name":"Scrap Ooze","floor":4,"gold_loss":0},{"damage_healed":0,"gold_gain":0,"player_choice":"Ignored","damage_taken":0,"max_hp_gain":0,"max_hp_loss":0,"event_name":"Golden Wing","floor":11,"gold_loss":0},{"damage_healed":20,"gold_gain":0,"player_choice":"Healed","damage_taken":0,"max_hp_gain":0,"max_hp_loss":0,"event_name":"The Cleric","floor":13,"gold_loss":35},{"damage_healed":0,"gold_gain":0,"player_choice":"Obtained Book","damage_taken":16,"max_hp_gain":0,"max_hp_loss":0,"event_name":"Cursed Tome","floor":20,"gold_loss":0},{"damage_healed":0,"gold_gain":0,"player_choice":"Ignored","damage_taken":0,"max_hp_gain":0,"max_hp_loss":0,"event_name":"Vampires","floor":22,"gold_loss":0}],"is_beta":false,"boss_relics":[{"not_picked":["Nuclear Battery","Black Star"],"picked":"Fusion Hammer"}],"items_purged_floors":[21],"is_endless":false,"potions_floor_spawned":[1,7,14,24,29],"killed_by":"Automaton","ascension_level":0}}