{"host":"l2dnabsh5e0fsksb","time":1610953053,"event":{"mods":["2.2 Compatiblity","BaseMod","Downfall","Minty Spire (QoL Compilation)","Quick Restart","StSLib"],"gold_per_floor":[99,118,138,138,149,49,96,129,29,29,64,239,250,270,286,286,286],"floor_reached":16,"language":"ENG","playtime":642,"items_purged":[],"score":137,"play_id":"d76f0178-4c21-4144-aeb9-7beb3a7ab2f0","local_time":"20210118172733","is_ascension_mode":false,"campfire_choices":[{"floor":1,"key":"RECALL"},{"data":"bronze:ChosenStrike","floor":6,"key":"SMITH"},{"data":"bronze:Deprecate","floor":9,"key":"SMITH"}],"circlet_count":0,"master_deck":["bronze:Strike","bronze:Strike","bronze:Strike","bronze:Defend","bronze:Defend","bronze:Defend","bronze:Replicate","bronze:Goto","bronze:ChosenStrike+1","bronze:Deprecate+1","bronze:DelayedSlice","bronze:DarkDash","bronze:Flail","Doubt","bronze:DelayedSlice","bronze:Repair","bronze:Frontload"],"relics":["bronze:BronzeCore","downfall:HeartBlessingRed","Kunai","downfall:HeartBlessingGreen","Pear"],"acts_visited":["Exordium"],"potions_floor_usage":[8,16],"damage_taken":[{"damage":0,"enemies":"Cultist","floor":2,"turns":3},{"damage":0,"enemies":"2 Louse","floor":3,"turns":2},{"damage":2,"enemies":"Small Slimes","floor":5,"turns":4},{"damage":8,"enemies":"3 Sentries","floor":8,"turns":7},{"damage":8,"enemies":"Gremlin Nob","floor":11,"turns":3},{"damage":3,"enemies":"Exordium Wildlife","floor":13,"turns":5},{"damage":7,"enemies":"3 Louse","floor":14,"turns":2},{"damage":10,"enemies":"Exordium Thugs","floor":15,"turns":2},{"damage":62,"enemies":"SI_SHIV_ARCHETYPE","floor":16,"turns":13}],"seed_played":"2157949234312912042","potions_obtained":[{"floor":2,"key":"DuplicationPotion"},{"floor":5,"key":"Ancient Potion"},{"floor":11,"key":"BlessingOfTheForge"},{"floor":15,"key":"Ancient Potion"}],"is_trial":false,"path_per_floor":["R","M","M","?","M","R","T","E","R","?","E","?","M","M","M","B"],"character_chosen":"THE_AUTOMATON","items_purchased":[],"campfire_rested":0,"item_purchase_floors":[],"current_hp_per_floor":[77,77,77,77,75,75,75,67,67,67,69,69,66,59,49,0,0],"gold":286,"neow_bonus":"TEN_PERCENT_HP_BONUS","is_daily":false,"chose_seed":false,"campfire_upgraded":2,"win_rate":0.0,"timestamp":1610953053,"path_taken":["R","M","M","?","M","R","T","E","R","?","E","?","M","M","M","BOSS"],"items_purchased_type":[],"build_version":"2020-12-22","purchased_purges":0,"victory":false,"max_hp_per_floor":[77,77,77,77,77,77,77,77,77,77,87,87,87,87,87,87,87],"card_choices":[{"not_picked":["bronze:Boost","bronze:BitShift"],"picked":"bronze:ChosenStrike","floor":2},{"not_picked":["bronze:DarkDash","bronze:BronzeOrb"],"picked":"bronze:Deprecate","floor":3},{"not_picked":["bronze:DarkDash","bronze:Turbo","bronze:CloningBeam"],"picked":"SKIP","floor":5},{"not_picked":["bronze:Turbo","bronze:Frontload"],"picked":"bronze:DelayedSlice","floor":8},{"not_picked":["bronze:WildBeam","bronze:Turbo"],"picked":"bronze:Flail","floor":11},{"not_picked":["bronze:BugBarrage","bronze:Overheat"],"picked":"bronze:DelayedSlice","floor":13},{"not_picked":["bronze:CloningBeam","bronze:ChildClass"],"picked":"bronze:Repair","floor":14},{"not_picked":["bronze:ThunderWave","bronze:BugBarrage"],"picked":"bronze:Frontload","floor":15}],"player_experience":1798043,"relics_obtained":[{"floor":8,"key":"Kunai"},{"floor":11,"key":"Pear"}],"event_choices":[{"cards_removed":["bronze:Strike"],"damage_healed":0,"gold_gain":0,"player_choice":"Card Removal","damage_taken":0,"max_hp_gain":0,"max_hp_loss":0,"event_name":"The Cleric","floor":4,"gold_loss":0}],"is_beta":false,"boss_relics":[],"items_purged_floors":[],"is_endless":false,"potions_floor_spawned":[2,5,11,15],"killed_by":"SI_SHIV_ARCHETYPE","ascension_level":0}}