{"host":"56qj8mvhgmcu65ix","time":1610959948,"event":{"mods":["AchievementEnabler","BaseMod","Better Vampires","Colored Map","Colored Powertips","DeckTracker","Highlight Path","Minty Spire (QoL Compilation)","Permanent Neow","Quick Restart","Rare Cards Sparkle","Relic Stats","StSLib","everything is the same but u backflip on backflip","slay the spire mod where everything is the same but ironclad has a cowboy hat"],"gold_per_floor":[110,67,84,95,95,95,95,95,95,95,145,160,197,219,219,306,306,324,208,233,251,90,130,130,166,166,166,186,186,186,206,206,293,293,319,339,362,362,387,387,412,412,439,451,463,475,505,527,539,551],"floor_reached":51,"language":"ENG","playtime":2143,"items_purged":["Strike_R"],"score":1376,"play_id":"8bb4cae6-023d-43af-924a-6eb8e03a1914","local_time":"20210118025228","is_ascension_mode":true,"campfire_choices":[{"data":"Bash","floor":6.0,"key":"SMITH"},{"data":"Hemokinesis","floor":8.0,"key":"SMITH"},{"data":"Pommel Strike","floor":10.0,"key":"SMITH"},{"data":"Shockwave","floor":15.0,"key":"SMITH"},{"floor":24.0,"key":"REST"},{"floor":30.0,"key":"REST"},{"data":"Inflame","floor":32.0,"key":"SMITH"},{"data":"Rupture","floor":40.0,"key":"SMITH"},{"floor":42.0,"key":"DIG"},{"floor":45.0,"key":"DIG"},{"floor":49,"key":"REST"}],"circlet_count":0,"master_deck":["AscendersBane","Strike_R","Strike_R","Defend_R","Defend_R","Bash+1","Pommel Strike+1","Hemokinesis+1","Ghostly Armor","Shockwave+1","Pummel+1","Rupture+1","Brutality","Shrug It Off","Shrug It Off","Intimidate+1","Feed+1","Inflame+1","Immolate","Spot Weakness+1","Battle Trance","Thunderclap+1","Disarm+1"],"relics":["Burning Blood","CaptainsWheel","CeramicFish","Velvet Choker","Anchor","Shovel","Smiling Mask","Self Forming Clay","Bronze Scales","Sozu","StrikeDummy","War Paint","MawBank","Whetstone"],"acts_visited":["Exordium","TheCity","TheBeyond"],"potions_floor_usage":[],"damage_taken":[{"damage":10.0,"enemies":"Small Slimes","floor":1.0,"turns":3.0},{"damage":2.0,"enemies":"2 Louse","floor":3.0,"turns":2.0},{"damage":3.0,"enemies":"Cultist","floor":4.0,"turns":3.0},{"damage":10.0,"enemies":"3 Louse","floor":12.0,"turns":3.0},{"damage":9.0,"enemies":"Lagavulin","floor":13.0,"turns":4.0},{"damage":10.0,"enemies":"Looter","floor":14.0,"turns":2.0},{"damage":26.0,"enemies":"Slime Boss","floor":16.0,"turns":9.0},{"damage":5.0,"enemies":"Spheric Guardian","floor":18.0,"turns":3.0},{"damage":28.0,"enemies":"2 Thieves","floor":20.0,"turns":4.0},{"damage":29.0,"enemies":"Gremlin Leader","floor":23.0,"turns":6.0},{"damage":31.0,"enemies":"Book of Stabbing","floor":25.0,"turns":5.0},{"damage":12.0,"enemies":"Snake Plant","floor":28.0,"turns":3.0},{"damage":12.0,"enemies":"Centurion and Healer","floor":31.0,"turns":4.0},{"damage":28.0,"enemies":"Champ","floor":33.0,"turns":7.0},{"damage":8.0,"enemies":"Orb Walker","floor":35.0,"turns":3.0},{"damage":22.0,"enemies":"3 Darklings","floor":36.0,"turns":5.0},{"damage":9.0,"enemies":"Sphere and 2 Shapes","floor":37.0,"turns":7.0},{"damage":23.0,"enemies":"Spire Growth","floor":39.0,"turns":4.0},{"damage":26.0,"enemies":"Reptomancer","floor":41.0,"turns":5.0},{"damage":0.0,"enemies":"Transient","floor":46.0,"turns":1.0},{"damage":13.0,"enemies":"Jaw Worm Horde","floor":47.0,"turns":3.0},{"damage":15.0,"enemies":"Sphere and 2 Shapes","floor":48.0,"turns":3.0},{"damage":76,"enemies":"Donu and Deca","floor":50,"turns":7}],"seed_played":"-3461510883688777301","potions_obtained":[{"floor":4.0,"key":"PowerPotion"},{"floor":13.0,"key":"Fire Potion"},{"floor":16.0,"key":"AttackPotion"},{"floor":20.0,"key":"SmokeBomb"},{"floor":28.0,"key":"SteroidPotion"},{"floor":31.0,"key":"PowerPotion"}],"is_trial":false,"path_per_floor":["M","$","M","M","?","R","?","R","T","R","?","M","E","M","R","B",null,"M","$","M","?","$","E","R","E","T","?","M","?","R","M","R","B",null,"M","M","M","?","M","R","E","R","T","?","R","M","M","M","R","B",null],"character_chosen":"IRONCLAD","items_purchased":["Hemokinesis","Shrug It Off","Anchor"],"campfire_rested":3,"item_purchase_floors":[2,19,22],"current_hp_per_floor":[64,64,68,71,71,71,71,71,71,71,64,60,57,53,53,33,65,66,66,44,44,44,21,43,18,18,33,27,27,49,49,49,30,71,69,53,53,97,80,80,63,63,63,63,63,69,62,57,88,18],"gold":563,"neow_bonus":"REMOVE_CARD","is_daily":false,"chose_seed":false,"campfire_upgraded":6,"win_rate":0.0,"timestamp":1610959948,"path_taken":["M","$","M","M","?","R","?","R","T","R","?","?","E","M","R","BOSS","M","$","M","?","$","E","R","E","T","?","M","?","R","?","R","BOSS","M","M","M","?","?","R","E","R","T","?","R","M","M","?","R","BOSS"],"items_purchased_type":["Card","Card","Relic"],"build_version":"2020-12-22","purchased_purges":1,"victory":true,"max_hp_per_floor":[75,75,75,75,75,75,75,75,75,75,75,75,75,75,75,75,75,75,75,75,75,75,75,75,75,75,75,75,75,75,81,81,84,84,84,84,87,97,97,97,100,100,100,100,100,100,100,104,104,104],"relic_stats":{"Sozu":3,"Shovel":2,"counters":[23,96],"Self Forming Clay":[171],"CeramicFish":126,"Bronze Scales":[115],"Whetstone":["Pummel","Feed"],"War Paint":["Intimidate","Spot Weakness"],"Smiling Mask":0,"MawBank":96,"obtain_stats":[{"Self Forming Clay":26,"CeramicFish":13,"Velvet Choker":17,"Whetstone":45,"War Paint":42,"Smiling Mask":25,"MawBank":43,"Burning Blood":0,"Sozu":34,"CaptainsWheel":9,"Anchor":22,"Shovel":23,"Bronze Scales":29,"StrikeDummy":41},{"Self Forming Clay":11,"CeramicFish":5,"Velvet Choker":7,"Whetstone":19,"War Paint":19,"Smiling Mask":11,"MawBank":19,"Burning Blood":0,"Sozu":14,"CaptainsWheel":3,"Anchor":9,"Shovel":10,"Bronze Scales":12,"StrikeDummy":19},{"Self Forming Clay":44,"CeramicFish":15,"Velvet Choker":26,"Whetstone":82,"War Paint":82,"Smiling Mask":44,"MawBank":82,"Burning Blood":0,"Sozu":58,"CaptainsWheel":8,"Anchor":33,"Shovel":39,"Bronze Scales":47,"StrikeDummy":82}],"Burning Blood":138},"card_choices":[{"not_picked":["Shrug It Off","Anger"],"picked":"Pommel Strike","floor":1.0},{"not_picked":["Intimidate","Metallicize","Armaments"],"picked":"SKIP","floor":3.0},{"not_picked":["Seeing Red","Burning Pact"],"picked":"Ghostly Armor","floor":4.0},{"not_picked":["Sword Boomerang","Cleave"],"picked":"Shockwave","floor":12.0},{"not_picked":["Pommel Strike","Juggernaut"],"picked":"Pummel","floor":13.0},{"not_picked":["True Grit","Twin Strike"],"picked":"Rupture","floor":14.0},{"not_picked":["Immolate","Impervious"],"picked":"Brutality","floor":16.0},{"not_picked":["Clothesline","Pommel Strike","Clash"],"picked":"SKIP","floor":18.0},{"not_picked":["Headbutt","Uppercut"],"picked":"Shrug It Off","floor":20.0},{"not_picked":["Shrug It Off","Rampage+1"],"picked":"Feed","floor":23.0},{"not_picked":["Wild Strike+1","Perfected Strike"],"picked":"Inflame","floor":25.0},{"not_picked":["Pommel Strike","Perfected Strike","Rampage"],"picked":"SKIP","floor":28.0},{"not_picked":["Clothesline","Hemokinesis","Sentinel"],"picked":"SKIP","floor":31.0},{"not_picked":["Berserk","Offering"],"picked":"Immolate","floor":33.0},{"not_picked":["Havoc","Clothesline+1"],"picked":"Spot Weakness","floor":35.0},{"not_picked":["Disarm","Feel No Pain"],"picked":"Battle Trance","floor":36.0},{"not_picked":["Twin Strike+1","Armaments"],"picked":"Thunderclap+1","floor":37.0},{"not_picked":["Warcry","Sentinel"],"picked":"Disarm+1","floor":39.0},{"not_picked":["Fire Breathing","Flex","Iron Wave"],"picked":"SKIP","floor":41.0},{"not_picked":["Perfected Strike","Intimidate","Second Wind"],"picked":"SKIP","floor":47.0},{"not_picked":["Battle Trance","Armaments","Feel No Pain+1"],"picked":"SKIP","floor":48.0}],"player_experience":310846,"relics_obtained":[{"floor":9.0,"key":"CaptainsWheel"},{"floor":13.0,"key":"CeramicFish"},{"floor":23.0,"key":"Shovel"},{"floor":25.0,"key":"Smiling Mask"},{"floor":26.0,"key":"Self Forming Clay"},{"floor":29.0,"key":"Bronze Scales"},{"floor":41.0,"key":"StrikeDummy"},{"floor":42.0,"key":"War Paint"},{"floor":43.0,"key":"MawBank"},{"floor":45.0,"key":"Whetstone"}],"event_choices":[{"damage_healed":0.0,"max_hp_gain":0.0,"max_hp_loss":0.0,"gold_gain":0.0,"event_name":"Scrap Ooze","player_choice":"Fled","floor":5.0,"gold_loss":0.0,"damage_taken":0.0},{"cards_removed":["Strike_R"],"damage_healed":0.0,"max_hp_gain":0.0,"max_hp_loss":0.0,"gold_gain":0.0,"event_name":"Living Wall","player_choice":"Forget","floor":7.0,"gold_loss":0.0,"damage_taken":0.0},{"damage_healed":0.0,"max_hp_gain":0.0,"max_hp_loss":0.0,"gold_gain":50.0,"event_name":"FaceTrader","player_choice":"Touch","floor":11.0,"gold_loss":0.0,"damage_taken":7.0},{"damage_healed":0.0,"max_hp_gain":0.0,"max_hp_loss":0.0,"gold_gain":0.0,"cards_transformed":["Strike_R","Defend_R"],"event_name":"Drug Dealer","player_choice":"Became Test Subject","floor":21.0,"gold_loss":0.0,"damage_taken":0.0,"cards_obtained":["Intimidate","Feed"]},{"damage_healed":15.0,"max_hp_gain":0.0,"max_hp_loss":0.0,"gold_gain":0.0,"event_name":"The Library","player_choice":"Heal","floor":27.0,"gold_loss":0.0,"damage_taken":0.0},{"damage_healed":0.0,"max_hp_gain":0.0,"max_hp_loss":0.0,"gold_gain":0.0,"event_name":"Wheel of Change","player_choice":"Relic","floor":29.0,"gold_loss":0.0,"damage_taken":0.0},{"cards_removed":["Feed"],"damage_healed":34.0,"max_hp_gain":10.0,"max_hp_loss":0.0,"gold_gain":0.0,"event_name":"Bonfire Elementals","player_choice":"Offered Rare","floor":38.0,"gold_loss":0.0,"damage_taken":0.0},{"damage_healed":0.0,"max_hp_gain":0.0,"max_hp_loss":0.0,"gold_gain":0.0,"event_name":"Transmorgrifier","player_choice":"Ignored","floor":44.0,"gold_loss":0.0,"damage_taken":0.0}],"is_beta":false,"boss_relics":[{"not_picked":["Busted Crown","Pandora\u0027s Box"],"picked":"Velvet Choker"},{"not_picked":["Runic Dome","Runic Pyramid"],"picked":"Sozu"}],"items_purged_floors":[19],"is_endless":false,"potions_floor_spawned":[4,13,14,16,20,28,31,37,41,48],"ascension_level":19}}