{"host":"9tzam4717zt8ei1o","time":1610974685,"event":{"mods":["BaseMod","Colored Map","Keyboard Shortcuts","Minty Spire (QoL Compilation)","Quick Restart","StSLib","SuperFastMode"],"gold_per_floor":[113,38,38,53,79,79,113,127,154,173,203,214,214,234,234,336,336,349,376,392,482,482,482],"floor_reached":22,"language":"KOR","playtime":482,"items_purged":["Strike_G"],"score":293,"play_id":"3a803e09-f213-4085-8710-6a6bf828b13f","local_time":"20210118215805","is_ascension_mode":true,"campfire_choices":[{"data":"Noxious Fumes","floor":6,"key":"SMITH"},{"data":"Bouncing Flask","floor":13,"key":"SMITH"},{"data":"Footwork","floor":15,"key":"SMITH"}],"circlet_count":0,"master_deck":["Strike_G","Strike_G","Strike_G","Strike_G","Defend_G","Defend_G","Defend_G","Defend_G","Defend_G","Survivor","Neutralize","Noxious Fumes+1","Footwork","Calculated Gamble","Bouncing Flask+1","Backflip","Footwork+1","Adrenaline"],"relics":["Ring of the Snake","PreservedInsect","Orichalcum","Question Card","Omamori","Regal Pillow","Odd Mushroom","Velvet Choker","Red Mask"],"acts_visited":["Exordium","TheCity"],"potions_floor_usage":[10,14,14,16,19],"damage_taken":[{"damage":4.0,"enemies":"Small Slimes","floor":1.0,"turns":5.0},{"damage":2,"enemies":"Jaw Worm","floor":4,"turns":6},{"damage":7,"enemies":"Lagavulin","floor":7,"turns":7},{"damage":5,"enemies":"2 Louse","floor":8,"turns":4},{"damage":11,"enemies":"Gremlin Gang","floor":10,"turns":4},{"damage":22,"enemies":"3 Sentries","floor":11,"turns":6},{"damage":5,"enemies":"3 Louse","floor":12,"turns":4},{"damage":4,"enemies":"The Mushroom Lair","floor":14,"turns":5},{"damage":0,"enemies":"Hexaghost","floor":16,"turns":8},{"damage":1,"enemies":"Spheric Guardian","floor":18,"turns":3},{"damage":45,"enemies":"Masked Bandits","floor":19,"turns":6},{"damage":3,"enemies":"Shell Parasite","floor":20,"turns":5},{"damage":10,"enemies":"Cultist and Chosen","floor":22,"turns":5}],"seed_played":"-3905485260131242944","potions_obtained":[{"floor":4,"key":"Energy Potion"},{"floor":8,"key":"Block Potion"},{"floor":10,"key":"EssenceOfSteel"},{"floor":11,"key":"Swift Potion"},{"floor":16,"key":"PowerPotion"},{"floor":19,"key":"FearPotion"}],"is_trial":false,"path_per_floor":["M","$","?","M","T","R","E","M","T","M","E","M","R","?","R","B",null,"M","?","M","?","M"],"character_chosen":"THE_SILENT","items_purchased":[],"campfire_rested":0,"item_purchase_floors":[],"current_hp_per_floor":[66,66,66,64,64,64,57,52,52,41,19,14,14,10,10,10,70,69,24,21,9,0,0],"gold":482,"neow_bonus":"RANDOM_COMMON_RELIC","is_daily":false,"chose_seed":false,"campfire_upgraded":3,"win_rate":0.0,"timestamp":1610974685,"path_taken":["M","$","?","M","?","R","E","M","T","M","E","M","R","?","R","BOSS","M","?","M","?","M"],"items_purchased_type":[],"build_version":"2020-12-22","purchased_purges":1,"victory":false,"max_hp_per_floor":[70,70,70,70,70,70,70,70,70,70,70,70,70,70,70,70,70,70,70,70,70,70,70],"card_choices":[{"not_picked":["Bane","Outmaneuver"],"picked":"Noxious Fumes","floor":1.0},{"not_picked":["Quick Slash","Finisher"],"picked":"Footwork","floor":4},{"not_picked":["Deflect","Crippling Poison"],"picked":"Calculated Gamble","floor":7},{"not_picked":["Cloak And Dagger","PiercingWail","Dodge and Roll"],"picked":"Bouncing Flask","floor":8},{"not_picked":["Predator","Flying Knee","Quick Slash"],"picked":"Backflip","floor":10},{"not_picked":["Endless Agony","Underhanded Strike","Sucker Punch","Expertise"],"picked":"SKIP","floor":11},{"not_picked":["Dagger Spray","Acrobatics","Riddle With Holes"],"picked":"Footwork","floor":12},{"not_picked":["Envenom","Storm of Steel","Bullet Time"],"picked":"Adrenaline","floor":16},{"not_picked":["Slice+1","Backflip","Blade Dance+1","Poisoned Stab"],"picked":"SKIP","floor":18},{"not_picked":["Heel Hook+1","Riddle With Holes","Endless Agony","Poisoned Stab"],"picked":"SKIP","floor":20}],"player_experience":77569,"relics_obtained":[{"floor":5,"key":"Orichalcum"},{"floor":7,"key":"Question Card"},{"floor":9,"key":"Omamori"},{"floor":11,"key":"Regal Pillow"},{"floor":14,"key":"Odd Mushroom"},{"floor":19,"key":"Red Mask"}],"event_choices":[{"damage_healed":0,"gold_gain":0,"player_choice":"Leave","damage_taken":0,"max_hp_gain":0,"max_hp_loss":0,"event_name":"The Cleric","floor":3,"gold_loss":0},{"damage_healed":0,"gold_gain":0,"player_choice":"Fought Mushrooms","damage_taken":0,"max_hp_gain":0,"max_hp_loss":0,"event_name":"Mushrooms","floor":14,"gold_loss":0},{"damage_healed":0,"gold_gain":0,"player_choice":"Fought Bandits","damage_taken":0,"max_hp_gain":0,"max_hp_loss":0,"event_name":"Masked Bandits","floor":19,"gold_loss":0},{"damage_healed":0,"gold_gain":90,"player_choice":"GOLD ","damage_taken":12,"max_hp_gain":0,"max_hp_loss":0,"event_name":"Knowing Skull","floor":21,"potions_obtained":[],"gold_loss":0,"cards_obtained":[]}],"is_beta":false,"boss_relics":[{"not_picked":["Busted Crown","Ring of the Serpent"],"picked":"Velvet Choker"}],"items_purged_floors":[2],"is_endless":false,"potions_floor_spawned":[4,8,10,11,16,19],"killed_by":"Cultist and Chosen","ascension_level":4}}