{"host":"9jj9tzo2iym4bpat","time":1610936524,"event":{"mods":["Act Like it!","BaseMod","CapriCore","Colored Map","Dark Map","Luminous","Minty Spire (QoL Compilation)","Permanent Neow","StSLib","Td1madao Mod","The Animator","The Immortal","The Marked","The Servant 0.9.4","Yakumo Yukari mod"],"gold_per_floor":[215,110,130,145,159,159,193,205,205,205,280,280,280,291,291,386,386,405,405,405,420,9,9,27,27,27],"floor_reached":25,"language":"ENG","playtime":818,"items_purged":["Strike_G"],"score":244,"play_id":"3cec0bf5-1a92-4748-96ca-a0e202a89548","local_time":"20210117202204","is_ascension_mode":true,"campfire_choices":[{"floor":6,"key":"REST"},{"floor":10,"key":"REST"},{"data":"Accuracy","floor":12,"key":"SMITH"},{"data":"Infinite Blades","floor":13,"key":"SMITH"},{"floor":15,"key":"REST"},{"data":"Blade Dance","floor":23,"key":"SMITH"}],"circlet_count":0,"master_deck":["Strike_G","Strike_G","Strike_G","Strike_G","Defend_G","Defend_G","Defend_G","Defend_G","Defend_G","Survivor","Neutralize","Slice","Infinite Blades+1","Outmaneuver","Masterful Stab","Accuracy+1","Blade Dance+1","Infinite Blades","Cloak And Dagger","After Image","Slice","Blade Dance","Deflect"],"relics":["Ring of the Snake","Bag of Marbles","WingedGreaves","Sozu","Singing Bowl","Ice Cream"],"acts_visited":["Exordium","TheCity"],"potions_floor_usage":[8],"damage_taken":[{"damage":0,"enemies":"Small Slimes","floor":1,"turns":3},{"damage":8,"enemies":"2 Louse","floor":3,"turns":4},{"damage":2,"enemies":"Jaw Worm","floor":4,"turns":4},{"damage":38,"enemies":"Large Slime","floor":5,"turns":8},{"damage":24,"enemies":"Lagavulin","floor":7,"turns":6},{"damage":0,"enemies":"3 Louse","floor":8,"turns":1},{"damage":6,"enemies":"Looter","floor":14,"turns":3},{"damage":17,"enemies":"Hexaghost","floor":16,"turns":8},{"damage":8,"enemies":"Chosen","floor":18,"turns":5},{"damage":0,"enemies":"3 Byrds","floor":21,"turns":5},{"damage":39,"enemies":"Snake Plant","floor":24,"turns":5},{"damage":40,"enemies":"Gremlin Leader","floor":25,"turns":5}],"seed_played":"-6601906315415712973","potions_obtained":[{"floor":3,"key":"FearPotion"},{"floor":8,"key":"Fruit Juice"},{"floor":16,"key":"FearPotion"}],"is_trial":false,"path_per_floor":["M","$","M","M","M","R","E","M","T","R","?","R","R","M","R","B",null,"M","?","T","M","$","R","M","E"],"character_chosen":"THE_SILENT","items_purchased":["Infinite Blades","Outmaneuver","Ice Cream","Deflect"],"campfire_rested":3,"item_purchase_floors":[2,2,22,22],"current_hp_per_floor":[70,70,62,60,22,43,19,24,24,46,35,35,35,29,51,34,75,67,67,67,69,69,69,32,0,0],"gold":27,"neow_bonus":"HUNDRED_GOLD","is_daily":false,"chose_seed":false,"campfire_upgraded":3,"win_rate":0.0,"timestamp":1610936524,"path_taken":["M","$","M","M","M","R","E","M","T","R","?","R","R","M","R","BOSS","M","?","?","M","$","R","M","E"],"items_purchased_type":["Card","Card","Relic","Card"],"build_version":"2020-12-22","purchased_purges":1,"victory":false,"max_hp_per_floor":[70,70,70,70,70,70,70,75,75,75,75,75,75,75,75,75,75,75,75,75,77,77,77,79,79,79],"card_choices":[{"not_picked":["Dagger Spray","Leg Sweep"],"picked":"Slice","floor":1},{"not_picked":["Poisoned Stab","Well Laid Plans"],"picked":"Masterful Stab","floor":3},{"not_picked":["Outmaneuver","Poisoned Stab"],"picked":"Accuracy","floor":4},{"not_picked":["Acrobatics","Noxious Fumes"],"picked":"Blade Dance","floor":5},{"not_picked":["Caltrops","Outmaneuver"],"picked":"Infinite Blades","floor":7},{"not_picked":["Dodge and Roll","PiercingWail","Dagger Throw"],"picked":"SKIP","floor":8},{"not_picked":["Backflip","Backstab"],"picked":"Cloak And Dagger","floor":14},{"not_picked":["Burst","Venomology"],"picked":"After Image","floor":16},{"not_picked":["Riddle With Holes","Prepared"],"picked":"Slice","floor":18},{"not_picked":["Concentrate+1","Endless Agony","Caltrops"],"picked":"Singing Bowl","floor":21},{"not_picked":["Prepared","Dagger Throw","Riddle With Holes"],"picked":"Singing Bowl","floor":24}],"player_experience":273683,"relics_obtained":[{"floor":7,"key":"Bag of Marbles"},{"floor":9,"key":"WingedGreaves"},{"floor":20,"key":"Singing Bowl"}],"event_choices":[{"damage_healed":0,"gold_gain":75,"player_choice":"Gather Gold","damage_taken":11,"max_hp_gain":0,"max_hp_loss":0,"event_name":"World of Goop","floor":11,"gold_loss":0},{"damage_healed":0,"gold_gain":0,"player_choice":"Read","damage_taken":0,"max_hp_gain":0,"max_hp_loss":0,"event_name":"The Library","floor":19,"gold_loss":0,"cards_obtained":["Blade Dance"]}],"is_beta":false,"boss_relics":[{"not_picked":["Black Star","Philosopher\u0027s Stone"],"picked":"Sozu"}],"items_purged_floors":[22],"is_endless":false,"potions_floor_spawned":[3,8,16,21,24],"killed_by":"Gremlin Leader","ascension_level":4}}