{"host":"pf9sh7nh6rpu9sau","time":1610992222,"event":{"mods":["2.2 Compatiblity","BaseMod","BetterRewards","Clockwork Mod","Downfall","Hermit","Mad Scientist","Minty Spire (QoL Compilation)","Permanent Neow","Quick Restart","Somnambulant","StSLib","The Clintock","The Cursed","The Disciple","The Hierophant","The Necromancer","The Runesmith"],"gold_per_floor":[0,14,30,30,42,42,69,104,115,115,115,145,145,52,63,158,158,158,173,10,21,21,40,40,57,84,99,99,99,132,132,144,239,239,139,49,59,73,84,55,55,109,109,125,154,173,207,59,72,72,72,72],"floor_reached":50,"language":"ENG","playtime":3854,"items_purged":["champ:Strike+1","champ:Strike+1"],"score":629,"play_id":"fd9294f5-6421-4641-8410-c651ae123bed","local_time":"20210118125022","is_ascension_mode":false,"campfire_choices":[{"data":"champ:Execute","floor":1,"key":"SMITH"},{"data":"champ:Taunt","floor":6,"key":"SMITH"},{"data":"champ:Encircle","floor":11,"key":"SMITH"},{"data":"champ:FanOfKnives","floor":13,"key":"SMITH"},{"data":"champ:EnchantCrown","floor":18,"key":"SMITH"},{"data":"champ:RecklessLeap","floor":28,"key":"SMITH"},{"data":"champ:Improvising","floor":35,"key":"SMITH"}],"circlet_count":0,"master_deck":["champ:Strike+1","champ:Defend+1","champ:Defend+1","champ:Defend+1","champ:Defend+1","champ:Execute+1","champ:Taunt+1","champ:FanOfKnives+1","champ:Haymaker","champ:Encircle+1","champ:EnGarde","champ:AdrenalArmor","champ:RecklessLeap+1","champ:DeathBlow","champ:BerserkersShout","champ:EnchantCrown+1","champ:BringItOn+1","champ:EnragedBash+1","champ:Backstep+1","champ:CrookedStrike","champ:Improvising+1","champ:BerserkerStyle","champ:EnchantShield","expansioncontent:Chronoboost","Violence","Parasite"],"relics":["champ:ChampionCrown","Torii","Happy Flower","Singing Bowl","Mercury Hourglass","champ:PowerArmor","champ:BerserkersGuideToSlaughter","War Paint","White Beast Statue","Strawberry","Sozu","downfall:HeartBlessingGreen","HornCleat","Girya","Runesmith:AutoHammer","StoneCalendar","Strange Spoon"],"acts_visited":["Exordium","TheCity","TheBeyond"],"potions_floor_usage":[12,16,23,33,33,42,50],"damage_taken":[{"damage":1,"enemies":"Jaw Worm","floor":2,"turns":4},{"damage":11,"enemies":"Cultist","floor":3,"turns":3},{"damage":1,"enemies":"Small Slimes","floor":5,"turns":4},{"damage":43,"enemies":"3 Sentries","floor":8,"turns":8},{"damage":2,"enemies":"Red Slaver","floor":9,"turns":3},{"damage":21,"enemies":"Gremlin Nob","floor":12,"turns":3},{"damage":20,"enemies":"downfall:FleeingMerchant","floor":14,"turns":4},{"damage":0,"enemies":"Lots of Slimes","floor":15,"turns":1},{"damage":67,"enemies":"WA_ARCHETYPE_RETAIN","floor":16,"turns":6},{"damage":20,"enemies":"Spheric Guardian","floor":19,"turns":2},{"damage":36,"enemies":"downfall:FleeingMerchant","floor":20,"turns":4},{"damage":21,"enemies":"Shelled Parasite and Fungi","floor":21,"turns":5},{"damage":35,"enemies":"Sentry and Sphere","floor":23,"turns":4},{"damage":17,"enemies":"Snake Plant","floor":25,"turns":4},{"damage":37,"enemies":"Gremlin Leader","floor":26,"turns":7},{"damage":49,"enemies":"Cultist and Chosen","floor":27,"turns":6},{"damage":22,"enemies":"Book of Stabbing","floor":30,"turns":5},{"damage":31,"enemies":"Sentry and Sphere","floor":32,"turns":3},{"damage":122,"enemies":"DF_ARCHETYPE_CLAW","floor":33,"turns":8},{"damage":28,"enemies":"downfall:FleeingMerchant","floor":36,"turns":4},{"damage":19,"enemies":"3 Shapes","floor":37,"turns":2},{"damage":15,"enemies":"3 Darklings","floor":38,"turns":3},{"damage":24,"enemies":"Jaw Worm Horde","floor":39,"turns":3},{"damage":10,"enemies":"downfall:FleeingMerchant","floor":40,"turns":2},{"damage":88,"enemies":"2 Orb Walkers","floor":42,"turns":6},{"damage":64,"enemies":"Maw","floor":44,"turns":7},{"damage":77,"enemies":"Giant Head","floor":45,"turns":9},{"damage":38,"enemies":"Writhing Mass","floor":46,"turns":7},{"damage":85,"enemies":"Reptomancer","floor":47,"turns":7},{"damage":26,"enemies":"3 Darklings","floor":49,"turns":5},{"damage":54,"enemies":"IC_BLOCK_ARCHETYPE","floor":50,"turns":2}],"seed_played":"454840941542998536","potions_obtained":[{"floor":2,"key":"SmokeBomb"},{"floor":5,"key":"champ:OpenerPotion"},{"floor":15,"key":"Block Potion"},{"floor":21,"key":"Energy Potion"},{"floor":22,"key":"Ancient Potion"},{"floor":22,"key":"Fruit Juice"},{"floor":27,"key":"DistilledChaos"},{"floor":30,"key":"LiquidBronze"},{"floor":33,"key":"PowerPotion"}],"is_trial":false,"path_per_floor":["R","M","M","?","M","R","T","E","M","?","R","E","R","$","M","B",null,"R","M","$","M","?","M","T","M","E","M","R","?","E","?","M","B",null,"R","$","M","M","M","$","T","?","?","M","E","M","E","$","M","B"],"character_chosen":"THE_CHAMP","items_purchased":["champ:DeathBlow","champ:BerserkersGuideToSlaughter","expansioncontent:Chronoboost","Violence","Strange Spoon"],"campfire_rested":0,"item_purchase_floors":[14,20,40,40,48],"current_hp_per_floor":[90,89,88,88,87,87,87,59,59,59,59,53,53,53,53,26,92,92,92,93,83,83,78,78,88,93,86,86,86,103,103,112,42,114,114,113,116,118,114,120,120,79,81,59,44,55,42,42,53,0,0,0],"gold":72,"neow_bonus":"ONE_RARE_RELIC","is_daily":false,"chose_seed":false,"campfire_upgraded":7,"win_rate":0.0,"timestamp":1610992222,"path_taken":["R","M","M","?","?","R","T","E","M","?","R","E","R","$","M","BOSS","R","M","$","M","?","M","T","M","E","?","R","?","E","?","M","BOSS","R","$","M","M","M","$","T","?","?","M","E","M","E","?","M","BOSS"],"items_purchased_type":["Card","Relic","Card","Card","Relic"],"build_version":"2020-12-22","purchased_purges":2,"victory":false,"max_hp_per_floor":[90,90,90,90,90,90,90,90,92,92,92,92,92,92,92,92,92,92,92,94,94,94,99,99,101,103,105,105,105,114,114,114,114,114,114,116,118,118,118,120,120,122,124,126,128,130,132,132,134,134,134,134],"card_choices":[{"not_picked":["champ:DefensiveShout","champ:Encircle","champ:TornadoPunch"],"picked":"SKIP","floor":2},{"not_picked":["champ:StrikeOfGenius","champ:AdrenalArmor"],"picked":"champ:FanOfKnives","floor":3},{"not_picked":["champ:ShieldSigil","champ:StanceDance"],"picked":"champ:Haymaker","floor":5},{"not_picked":["champ:FanOfKnives","champ:IronFortress"],"picked":"champ:Encircle","floor":8},{"not_picked":["champ:Encircle","champ:ShieldWall","champ:PreciseThrust"],"picked":"Singing Bowl","floor":9},{"not_picked":["champ:ArenaPreparation","champ:TornadoPunch"],"picked":"champ:AdrenalArmor","floor":12},{"not_picked":["champ:HoldFirm","champ:FocusedBerserking"],"picked":"champ:RecklessLeap","floor":14},{"not_picked":["champ:CrownThrow","champ:PreciseThrust"],"picked":"champ:BerserkersShout","floor":15},{"not_picked":["champ:UltimateStance","champ:DancingMaster"],"picked":"champ:EnchantCrown","floor":16},{"not_picked":["champ:PreciseThrust","champ:EnGarde"],"picked":"champ:BringItOn+1","floor":19},{"not_picked":["champ:PreciseThrust","champ:DefensiveShout","champ:FalseCounter"],"picked":"Singing Bowl","floor":20},{"not_picked":["champ:RecklessLeap+1","champ:CrownThrow"],"picked":"champ:EnragedBash+1","floor":21},{"not_picked":["champ:EnGarde","champ:Parry"],"picked":"champ:Backstep","floor":23},{"not_picked":["champ:BringItOn","champ:PerfectedStrike","champ:Backstep"],"picked":"Singing Bowl","floor":25},{"not_picked":["champ:EnchantShield","champ:CrownThrow","champ:ArenaPreparation"],"picked":"Singing Bowl","floor":26},{"not_picked":["champ:DefensiveShout","champ:PerfectedStrike","champ:ShieldSigil"],"picked":"Singing Bowl","floor":27},{"not_picked":["champ:FancyFootwork+1","champ:ArenaPreparation","champ:PreciseThrust"],"picked":"Singing Bowl","floor":30},{"not_picked":["champ:DefensiveShout","champ:Haymaker"],"picked":"champ:CrookedStrike","floor":32},{"not_picked":["champ:VampiricStrike","champ:EnchantCrown"],"picked":"champ:Improvising","floor":33},{"not_picked":["champ:ShieldWall+1","champ:TornadoPunch+1","champ:Duel+1"],"picked":"Singing Bowl","floor":36},{"not_picked":["champ:DefensiveStyle","champ:CrownThrow","champ:ShieldSigil+1"],"picked":"Singing Bowl","floor":37},{"not_picked":["champ:HeartStrike+1","champ:DefensiveStyle"],"picked":"champ:BerserkerStyle","floor":38},{"not_picked":["champ:GutPunch","champ:PerfectedStrike+1"],"picked":"champ:EnchantShield","floor":39},{"not_picked":["champ:SetATrap","champ:SwordSigil","champ:ShieldSigil+1"],"picked":"Singing Bowl","floor":40},{"not_picked":["champ:BerserkersShout","champ:ArenaPreparation+1","champ:BladeFlurry"],"picked":"Singing Bowl","floor":42},{"not_picked":["expansioncontent:Chronoboost","expansioncontent:GuardianWhirl","expansioncontent:PolyBeam"],"picked":"Singing Bowl","floor":43},{"not_picked":["champ:PerfectedStrike+1","champ:Duel+1","champ:DefensiveShout+1"],"picked":"Singing Bowl","floor":44},{"not_picked":["champ:GutPunch+1","champ:Haymaker+1","champ:CrownThrow+1"],"picked":"Singing Bowl","floor":45},{"not_picked":["champ:FanOfKnives+1","champ:EnGarde","champ:StrikeOfGenius"],"picked":"Singing Bowl","floor":46},{"not_picked":["champ:Duel+1","champ:FancyFootwork+1","champ:Circumvent"],"picked":"Singing Bowl","floor":47},{"not_picked":["champ:PreciseThrust","champ:FanOfKnives+1","champ:DefensiveStyle"],"picked":"Singing Bowl","floor":49}],"player_experience":790830,"relics_obtained":[{"floor":7,"key":"Happy Flower"},{"floor":8,"key":"Singing Bowl"},{"floor":12,"key":"Mercury Hourglass"},{"floor":24,"key":"War Paint"},{"floor":26,"key":"White Beast Statue"},{"floor":30,"key":"Strawberry"},{"floor":41,"key":"HornCleat"},{"floor":42,"key":"Girya"},{"floor":45,"key":"Runesmith:AutoHammer"},{"floor":47,"key":"StoneCalendar"}],"event_choices":[{"damage_healed":0,"gold_gain":0,"player_choice":"Ignored","damage_taken":0,"max_hp_gain":0,"max_hp_loss":0,"event_name":"NoteForYourself","floor":4,"gold_loss":0},{"damage_healed":0,"gold_gain":0,"player_choice":"Got Potions","damage_taken":0,"max_hp_gain":0,"max_hp_loss":0,"event_name":"Lab","floor":22,"gold_loss":0},{"damage_healed":0,"gold_gain":0,"player_choice":"Fight","damage_taken":0,"max_hp_gain":0,"max_hp_loss":0,"event_name":"Mysterious Sphere","floor":42,"gold_loss":0}],"is_beta":false,"boss_relics":[{"not_picked":["Velvet Choker","Runic Dome"],"picked":"champ:PowerArmor"},{"not_picked":["Fusion Hammer","Runesmith:UraniumAnvil"],"picked":"Sozu"}],"items_purged_floors":[36,40],"is_endless":false,"potions_floor_spawned":[2,5,15,21,27,30,32,33,36,37,38,39,40,42,44,45,46,47,49],"killed_by":"IC_BLOCK_ARCHETYPE","ascension_level":0}}