{"host":"p245q48pmopyklqs","time":1610951843,"event":{"mods":["BaseMod","DeckTracker","Downfall","Minty Spire (QoL Compilation)","StSLib","SuperFastMode"],"gold_per_floor":[99,109,122,139,13,13,13,13,13,0,0,0,100,116,129,233,233,233,233,246,275,292,312,312,312,327,327,347,375,375,386,400,496,496,496,510,529,540,540,540,540,559,572,149,165,215,115,126,145,145,145,145],"floor_reached":50,"language":"ENG","playtime":3871,"items_purged":["champ:Strike","champ:Defend"],"score":460,"play_id":"5fb9a3f5-9b07-455f-8081-68219abc2d13","local_time":"20210118153723","is_ascension_mode":false,"campfire_choices":[{"data":"champ:Execute","floor":1,"key":"SMITH"},{"data":"champ:GladiatorStyle","floor":6,"key":"SMITH"},{"data":"champ:PreemptiveStrike","floor":9,"key":"SMITH"},{"data":"champ:Backstep","floor":11,"key":"SMITH"},{"data":"champ:Taunt","floor":18,"key":"SMITH"},{"floor":25,"key":"REST"},{"floor":27,"key":"REST"},{"floor":30,"key":"REST"},{"floor":35,"key":"RECALL"},{"floor":47,"key":"REST"}],"circlet_count":0,"master_deck":["champ:Defend","champ:Defend","champ:Execute+1","champ:Taunt+1","champ:PreemptiveStrike+1","champ:BringItOn","champ:FlashCut","champ:FocusedDefense","champ:Backstep+1","champ:GladiatorStyle+1","champ:SkillfulDodge","champ:UltimateStance","champ:RisingSlash","champ:SetATrap","champ:Circumvent","champ:ShieldWall+1","champ:DefensiveShout+1","champ:Circumvent","champ:IronFortress","champ:TornadoPunch+1","champ:ShieldWall+1","champ:GladiatorForm","champ:StanceDance+1","champ:FancyFootwork+1","champ:StanceDance+1","champ:Parry+1"],"relics":["champ:ChampionCrown","HornCleat","SacredBark","Red Mask","PreservedInsect","Bronze Scales","Fusion Hammer","Letter Opener","champ:FightingForDummies","Cauldron","Torii","downfall:HeartBlessingRed"],"acts_visited":["Exordium","TheCity","TheBeyond"],"potions_floor_usage":[29,33,33,50,50,50],"damage_taken":[{"damage":11,"enemies":"Cultist","floor":2,"turns":4},{"damage":13,"enemies":"Jaw Worm","floor":3,"turns":4},{"damage":1,"enemies":"2 Louse","floor":4,"turns":3},{"damage":10,"enemies":"downfall:FleeingMerchant","floor":5,"turns":4},{"damage":20,"enemies":"downfall:FleeingMerchant","floor":10,"turns":4},{"damage":10,"enemies":"downfall:FleeingMerchant","floor":12,"turns":4},{"damage":10,"enemies":"2 Fungi Beasts","floor":14,"turns":4},{"damage":15,"enemies":"Blue Slaver","floor":15,"turns":3},{"damage":75,"enemies":"DF_ARCHETYPE_STREAMLINE","floor":16,"turns":15},{"damage":10,"enemies":"3 Byrds","floor":20,"turns":7},{"damage":48,"enemies":"Masked Bandits","floor":21,"turns":7},{"damage":19,"enemies":"Snake Plant","floor":22,"turns":6},{"damage":17,"enemies":"Centurion and Healer","floor":23,"turns":7},{"damage":37,"enemies":"Snecko","floor":26,"turns":7},{"damage":44,"enemies":"Sentry and Sphere","floor":28,"turns":7},{"damage":23,"enemies":"Slavers","floor":29,"turns":4},{"damage":22,"enemies":"Cultist and Chosen","floor":31,"turns":8},{"damage":27,"enemies":"Shelled Parasite and Fungi","floor":32,"turns":6},{"damage":22,"enemies":"SI_MIRROR_ARCHETYPE","floor":33,"turns":11},{"damage":5,"enemies":"Orb Walker","floor":36,"turns":4},{"damage":7,"enemies":"3 Shapes","floor":37,"turns":5},{"damage":48,"enemies":"Sphere and 2 Shapes","floor":38,"turns":6},{"damage":20,"enemies":"3 Darklings","floor":42,"turns":5},{"damage":20,"enemies":"Maw","floor":43,"turns":8},{"damage":10,"enemies":"downfall:FleeingMerchant","floor":44,"turns":4},{"damage":4,"enemies":"4 Shapes","floor":45,"turns":4},{"damage":15,"enemies":"4 Shapes","floor":46,"turns":7},{"damage":17,"enemies":"Writhing Mass","floor":48,"turns":4},{"damage":27,"enemies":"Spire Growth","floor":49,"turns":5},{"damage":101,"enemies":"IC_BLOCK_ARCHETYPE","floor":50,"turns":6}],"seed_played":"7176052846379263621","potions_obtained":[{"floor":14,"key":"GamblersBrew"},{"floor":16,"key":"Strength Potion"},{"floor":20,"key":"ColorlessPotion"},{"floor":22,"key":"sneckomod:MuddlingPotion"},{"floor":32,"key":"Dexterity Potion"},{"floor":33,"key":"LiquidMemories"},{"floor":36,"key":"FearPotion"},{"floor":44,"key":"Guardian:BlockOnCardUsePotion"},{"floor":44,"key":"LiquidMemories"}],"is_trial":false,"path_per_floor":["R","M","M","M","$","R","T","?","R","$","R","$","?","M","M","B",null,"R","?","M","?","M","M","T","R","M","R","M","E","R","M","M","B",null,"R","M","M","M","?","?","T","M","M","$","M","?","R","M","M","B"],"character_chosen":"THE_CHAMP","items_purchased":["champ:GladiatorStyle","champ:FightingForDummies","Cauldron"],"campfire_rested":4,"item_purchase_floors":[5,44,44],"current_hp_per_floor":[90,89,86,85,85,85,85,85,85,85,85,85,85,85,85,40,90,90,90,90,42,33,26,26,53,26,53,29,16,43,31,24,22,90,90,90,83,60,79,79,79,79,79,79,75,75,79,62,50,0,0,0],"gold":145,"neow_bonus":"TRANSFORM_CARD","is_daily":false,"chose_seed":false,"campfire_upgraded":5,"win_rate":0.0,"timestamp":1610951843,"path_taken":["R","M","M","M","$","R","T","?","R","$","R","$","?","M","M","BOSS","R","?","M","?","M","M","T","R","M","R","M","E","R","M","M","BOSS","R","M","M","M","?","?","T","?","M","$","M","?","R","M","M","BOSS"],"items_purchased_type":["Card","Relic","Relic"],"build_version":"2020-12-22","purchased_purges":2,"victory":false,"max_hp_per_floor":[90,90,90,90,90,90,90,90,90,90,90,90,90,90,90,90,90,90,90,90,90,90,90,90,90,90,90,90,90,90,90,90,90,90,90,90,90,90,79,79,79,79,79,79,79,79,79,79,79,79,79,79],"card_choices":[{"not_picked":["champ:Haymaker","champ:GutPunch"],"picked":"champ:BringItOn","floor":2},{"not_picked":["champ:Shatter","champ:AdrenalArmor"],"picked":"champ:FlashCut","floor":3},{"not_picked":["champ:BerserkersShout","champ:BringItOn"],"picked":"champ:FocusedDefense","floor":4},{"not_picked":["champ:RapidStrikes","champ:CrookedStrike"],"picked":"champ:Backstep","floor":5},{"not_picked":["champ:Shatter","champ:RisingSlash"],"picked":"champ:SkillfulDodge","floor":10},{"not_picked":["champ:EnGarde","champ:BladeFlurry","champ:LastStand"],"picked":"SKIP","floor":12},{"not_picked":["champ:GladiatorStyle","champ:FlashCut","champ:BladeFlurry"],"picked":"SKIP","floor":14},{"not_picked":["champ:EndlessRage","champ:PerfectedStrike","champ:FaceSlap"],"picked":"SKIP","floor":15},{"not_picked":["champ:SwordThrow","champ:HeavySlash"],"picked":"champ:UltimateStance","floor":16},{"not_picked":["champ:FaceSlap","champ:RecklessLeap"],"picked":"champ:Circumvent","floor":20},{"not_picked":["champ:Backstep","champ:FanOfKnives"],"picked":"champ:ShieldWall+1","floor":21},{"not_picked":["champ:PerfectedStrike","champ:TripleStrike","champ:EnGarde"],"picked":"SKIP","floor":22},{"not_picked":["champ:RisingSlash","champ:Endure"],"picked":"champ:DefensiveShout+1","floor":23},{"not_picked":["champ:Backstep","champ:SkillfulDodge","champ:BringItOn"],"picked":"SKIP","floor":26},{"not_picked":["champ:EnragedBash","champ:AdrenalArmor"],"picked":"champ:Circumvent","floor":28},{"not_picked":["champ:Shatter","champ:BringItOn+1"],"picked":"champ:IronFortress","floor":29},{"not_picked":["champ:DefensiveShout+1","champ:FalseCounter+1"],"picked":"champ:TornadoPunch+1","floor":31},{"not_picked":["champ:FocusedBerserking+1","champ:FocusedDefense+1"],"picked":"champ:ShieldWall+1","floor":32},{"not_picked":["champ:SteelEdge","champ:IgnorePain"],"picked":"champ:GladiatorForm","floor":33},{"not_picked":["champ:Circumvent+1","champ:FancyFootwork"],"picked":"champ:StanceDance+1","floor":36},{"not_picked":["champ:BringItOn+1","champ:SkillfulDodge","champ:PreciseThrust"],"picked":"SKIP","floor":37},{"not_picked":["champ:FanOfKnives+1","champ:Lariat+1"],"picked":"champ:FancyFootwork+1","floor":38},{"not_picked":["champ:DefensiveShout","champ:GladiatorStyle+1","champ:EndlessRage+1"],"picked":"SKIP","floor":42},{"not_picked":["champ:PerfectedStrike+1","champ:HeartStrike+1","champ:DefensiveShout+1"],"picked":"SKIP","floor":43},{"not_picked":["champ:Haymaker+1","champ:SteelEdge"],"picked":"champ:StanceDance+1","floor":44},{"not_picked":["champ:EnGarde","champ:FalseCounter+1"],"picked":"champ:Parry+1","floor":45},{"not_picked":["champ:IronFortress","champ:Encircle","champ:PreciseThrust+1"],"picked":"SKIP","floor":48},{"not_picked":["champ:Haymaker+1","champ:RapidStrikes+1","champ:FlashCut+1"],"picked":"SKIP","floor":49}],"player_experience":2382930,"relics_obtained":[{"floor":7,"key":"HornCleat"},{"floor":21,"key":"Red Mask"},{"floor":24,"key":"PreservedInsect"},{"floor":29,"key":"Bronze Scales"},{"floor":41,"key":"Letter Opener"},{"floor":46,"key":"Torii"}],"event_choices":[{"damage_healed":0,"gold_gain":0,"cards_transformed":["champ:Strike","champ:Strike"],"player_choice":"Became Test Subject","damage_taken":0,"max_hp_gain":0,"max_hp_loss":0,"event_name":"Drug Dealer","floor":19,"gold_loss":0,"cards_obtained":["champ:RisingSlash","champ:SetATrap"]},{"damage_healed":0,"gold_gain":0,"player_choice":"Fought Bandits","damage_taken":0,"max_hp_gain":0,"max_hp_loss":0,"event_name":"Masked Bandits","floor":21,"gold_loss":0}],"is_beta":false,"boss_relics":[{"not_picked":["Busted Crown","Calling Bell"],"picked":"SacredBark"},{"not_picked":["Astrolabe","Philosopher\u0027s Stone"],"picked":"Fusion Hammer"}],"items_purged_floors":[5,44],"is_endless":false,"potions_floor_spawned":[14,16,20,22,28,32,33,36,37,42,48],"killed_by":"IC_BLOCK_ARCHETYPE","ascension_level":0}}