{"host":"id1lehtnb7dzklac","time":1610965280,"event":{"mods":["AchievementEnabler","BaseMod","Bestiary","Block Reminder","Colored Map","Highlight Path","Minty Spire (QoL Compilation)","Permanent Neow","Random Character Button","StSLib","slay the spire mod where everything is the same but ironclad has a cowboy hat"],"gold_per_floor":[118,136,152,172,182,182,73,103,174,193,44,59,72,92,92,192,192,202,77,87,87,87,121,82,82,82,110,110,138,158,176,176,272,272,284,333,347,227,227,260,279,279,279,295,315,329,364,374,374,374,374,374,111,139,139],"floor_reached":56,"language":"ENG","playtime":2630,"items_purged":["Defend_P","Strike_P","BattleHymn+1","Strike_P+1","Conclude+1"],"score":1403,"play_id":"17aaa538-62a8-4db9-bc3f-51d1432b74b5","local_time":"20210118182120","is_ascension_mode":true,"campfire_choices":[{"data":"FollowUp","floor":6.0,"key":"SMITH"},{"data":"Meditate","floor":15.0,"key":"SMITH"},{"floor":25.0,"key":"RECALL"},{"data":"Adaptation","floor":28.0,"key":"SMITH"},{"floor":32,"key":"REST"},{"floor":42,"key":"REST"},{"floor":49,"key":"REST"},{"floor":52,"key":"REST"}],"circlet_count":0,"master_deck":["Defend_P+1","Defend_P+1","Eruption+1","Vigilance+1","InnerPeace+1","FollowUp+1","FlurryOfBlows+1","Tantrum+1","Adaptation+1","LessonLearned+1","EmptyFist+1","Meditate+1","Protect+1","FollowUp+1","Vault+1","Wallop+1","Wallop+1","FlurryOfBlows+1","Vault+1","FlurryOfBlows+1","CrushJoints+1","FearNoEvil+1","CutThroughFate+1"],"relics":["Sozu","Ancient Tea Set","Molten Egg 2","Astrolabe","MutagenicStrength","Ginger","The Courier","PreservedInsect","StoneCalendar","Fusion Hammer","Du-Vu Doll","Centennial Puzzle","Meat on the Bone","Nunchaku"],"acts_visited":["Exordium","TheCity","TheBeyond","TheEnding"],"potions_floor_usage":[],"damage_taken":[{"damage":0.0,"enemies":"Cultist","floor":1.0,"turns":2.0},{"damage":1.0,"enemies":"Jaw Worm","floor":2.0,"turns":3.0},{"damage":0.0,"enemies":"2 Louse","floor":3.0,"turns":1.0},{"damage":0.0,"enemies":"Exordium Wildlife","floor":4.0,"turns":2.0},{"damage":32.0,"enemies":"Exordium Thugs","floor":5.0,"turns":6.0},{"damage":18.0,"enemies":"3 Sentries","floor":8.0,"turns":5.0},{"damage":0.0,"enemies":"3 Louse","floor":10.0,"turns":3.0},{"damage":0.0,"enemies":"2 Fungi Beasts","floor":12.0,"turns":2.0},{"damage":0.0,"enemies":"Red Slaver","floor":13.0,"turns":1.0},{"damage":0.0,"enemies":"Lots of Slimes","floor":14.0,"turns":3.0},{"damage":2.0,"enemies":"Hexaghost","floor":16.0,"turns":6.0},{"damage":10.0,"enemies":"Chosen","floor":18.0,"turns":3.0},{"damage":0.0,"enemies":"Shell Parasite","floor":20.0,"turns":4.0},{"damage":24.0,"enemies":"Slavers","floor":23.0,"turns":4.0},{"damage":0.0,"enemies":"Book of Stabbing","floor":27.0,"turns":3.0},{"damage":3.0,"enemies":"Gremlin Leader","floor":29.0,"turns":4.0},{"damage":8.0,"enemies":"Centurion and Healer","floor":30.0,"turns":3.0},{"damage":0,"enemies":"Snake Plant","floor":31,"turns":2},{"damage":6,"enemies":"Automaton","floor":33,"turns":5},{"damage":1,"enemies":"3 Shapes","floor":35,"turns":4},{"damage":7,"enemies":"2 Orb Walkers","floor":36,"turns":4},{"damage":2,"enemies":"Orb Walker","floor":37,"turns":3},{"damage":0,"enemies":"Reptomancer","floor":40,"turns":4},{"damage":1,"enemies":"Writhing Mass","floor":41,"turns":4},{"damage":3,"enemies":"4 Shapes","floor":44,"turns":4},{"damage":0,"enemies":"Transient","floor":45,"turns":7},{"damage":0,"enemies":"Maw","floor":46,"turns":5},{"damage":0,"enemies":"Nemesis","floor":47,"turns":1},{"damage":0,"enemies":"3 Darklings","floor":48,"turns":3},{"damage":10,"enemies":"Donu and Deca","floor":50,"turns":6},{"damage":1,"enemies":"Shield and Spear","floor":54,"turns":2},{"damage":50,"enemies":"The Heart","floor":55,"turns":8}],"seed_played":"2787208269240126575","potions_obtained":[],"is_trial":false,"path_per_floor":["M","M","M","M","M","R","$","E","T","M","$","M","M","M","R","B",null,"M","$","M","?","?","E","$","R","T","E","R","E","M","M","R","B",null,"M","?","M","$","?","E","M","R","T","M","M","M","E","M","R","B",null,"R","$","E","B",null],"character_chosen":"WATCHER","items_purchased":["Tantrum","EmptyFist+1","Wallop+1","Conclude+1","FearNoEvil+1","CutThroughFate+1"],"campfire_rested":4,"item_purchase_floors":[7,11,24,53,53,53],"current_hp_per_floor":[72,71,71,71,39,39,39,21,21,21,21,21,21,21,21,19,72,62,62,62,49,49,25,25,25,25,25,25,22,14,14,37,31,77,76,69,67,67,67,67,66,77,77,74,74,74,74,74,77,67,77,77,77,76,38],"gold":139,"neow_bonus":"BOSS_RELIC","is_daily":false,"chose_seed":false,"campfire_upgraded":3,"win_rate":0.0,"timestamp":1610965280,"path_taken":["M","M","M","?","M","R","$","E","T","M","?","?","M","M","R","BOSS","M","$","?","?","?","E","$","R","T","E","R","E","M","M","R","BOSS","M","?","M","$","?","E","M","R","T","M","?","M","E","M","R","BOSS","R","$","E","BOSS"],"items_purchased_type":["Card","Card","Card","Card","Card","Card"],"build_version":"2020-12-22","purchased_purges":5,"victory":true,"max_hp_per_floor":[72,72,72,72,72,72,72,72,72,72,72,72,72,72,72,72,72,72,72,72,77,77,77,77,77,77,77,77,77,77,77,77,77,77,77,77,77,77,77,77,77,77,77,77,77,77,77,77,77,77,77,77,77,77,77],"card_choices":[{"not_picked":["WindmillStrike","FollowUp"],"picked":"InnerPeace","floor":1.0},{"not_picked":["WindmillStrike","Worship","Weave"],"picked":"SKIP","floor":2.0},{"not_picked":["WreathOfFlame","ForeignInfluence"],"picked":"FollowUp","floor":3.0},{"not_picked":["ThirdEye","JustLucky","Prostrate"],"picked":"SKIP","floor":4.0},{"not_picked":["Halt","PathToVictory"],"picked":"FlurryOfBlows","floor":5.0},{"not_picked":["WreathOfFlame","FlyingSleeves"],"picked":"Adaptation","floor":8.0},{"not_picked":["Halt","Crescendo"],"picked":"LessonLearned+1","floor":10.0},{"not_picked":["BowlingBash+1","Swivel","Weave+1"],"picked":"SKIP","floor":12.0},{"not_picked":["Worship","Evaluate"],"picked":"Meditate","floor":13.0},{"not_picked":["CrushJoints+1","Indignation"],"picked":"Protect","floor":14.0},{"not_picked":["CrushJoints+1","Consecrate+1","PathToVictory"],"picked":"SKIP","floor":18.0},{"not_picked":["Worship","WheelKick+1"],"picked":"Wallop+1","floor":20.0},{"not_picked":["Consecrate+1","Protect","ReachHeaven+1"],"picked":"SKIP","floor":23.0},{"not_picked":["ReachHeaven+1","Crescendo+1"],"picked":"FlurryOfBlows+1","floor":27.0},{"not_picked":["Perseverance+1","PathToVictory","SpiritShield"],"picked":"SKIP","floor":29.0},{"not_picked":["SignatureMove+1","Evaluate","JustLucky+1"],"picked":"SKIP","floor":30.0},{"not_picked":["Fasting2+1","EmptyBody","ThirdEye"],"picked":"SKIP","floor":31},{"not_picked":["Judgement","Establishment"],"picked":"Vault","floor":33},{"not_picked":["Evaluate+1","FollowUp+1","Halt"],"picked":"SKIP","floor":35},{"not_picked":["WheelKick+1","DevaForm","SignatureMove+1"],"picked":"SKIP","floor":37},{"not_picked":["Perseverance+1","DeceiveReality+1","FlyingSleeves+1"],"picked":"SKIP","floor":40},{"not_picked":["CutThroughFate+1","Crescendo+1"],"picked":"FlurryOfBlows+1","floor":41},{"not_picked":["DeceiveReality","Adaptation","FlurryOfBlows+1"],"picked":"SKIP","floor":44},{"not_picked":["Evaluate+1","Prostrate"],"picked":"CrushJoints+1","floor":45},{"not_picked":["Sanctity+1","SashWhip+1","Consecrate+1"],"picked":"SKIP","floor":46},{"not_picked":["Perseverance+1","Ragnarok+1","FlurryOfBlows+1"],"picked":"SKIP","floor":47},{"not_picked":["Consecrate+1","LikeWater+1","Crescendo"],"picked":"SKIP","floor":48},{"not_picked":["Consecrate+1","Collect","Prostrate+1"],"picked":"SKIP","floor":54}],"player_experience":235358,"relics_obtained":[{"floor":8.0,"key":"Ancient Tea Set"},{"floor":9.0,"key":"Molten Egg 2"},{"floor":23.0,"key":"Ginger"},{"floor":26.0,"key":"The Courier"},{"floor":27.0,"key":"PreservedInsect"},{"floor":29.0,"key":"StoneCalendar"},{"floor":36,"key":"Du-Vu Doll"},{"floor":40,"key":"Centennial Puzzle"},{"floor":47,"key":"Meat on the Bone"},{"floor":54,"key":"Nunchaku"}],"event_choices":[{"damage_healed":0.0,"max_hp_gain":5.0,"max_hp_loss":0.0,"gold_gain":0.0,"event_name":"Forgotten Altar","player_choice":"Shed Blood","floor":21.0,"gold_loss":0.0,"damage_taken":18.0},{"damage_healed":0.0,"max_hp_gain":0.0,"max_hp_loss":0.0,"gold_gain":0.0,"event_name":"Drug Dealer","player_choice":"Inject Mutagens","floor":22.0,"gold_loss":0.0,"damage_taken":0.0,"relics_obtained":["MutagenicStrength"]},{"damage_healed":0,"gold_gain":0,"player_choice":"Fight","damage_taken":0,"max_hp_gain":0,"max_hp_loss":0,"event_name":"Mysterious Sphere","floor":36,"gold_loss":0},{"damage_healed":0,"gold_gain":0,"player_choice":"Ignored","damage_taken":0,"max_hp_gain":0,"max_hp_loss":0,"event_name":"NoteForYourself","floor":39,"gold_loss":0}],"is_beta":false,"boss_relics":[{"not_picked":["Philosopher\u0027s Stone","SlaversCollar"],"picked":"Astrolabe"},{"not_picked":["Runic Dome","Empty Cage"],"picked":"Fusion Hammer"}],"items_purged_floors":[7,11,19,38,53],"is_endless":false,"potions_floor_spawned":[1,3,10,14,16,20,30,35,37,40,46,47],"ascension_level":1}}