{"host":"och2iitg9ibgz06n","time":1610994646,"event":{"mods":["Abigail Mod","AchievementEnabler","Aspiration","BaseMod","Colored Powertips","Dio Mod","FruityMod","Hubris","Hyrulean Relics","Infinite Spire","Minty Spire (QoL Compilation)","Replay The Spire","Small Relic Pack","StSLib","The Animator","The Bug Knight","The Hierophant","The Jungle","The Saiyan","TheHero","Wandering Minibosses","everything is the same but u backflip on backflip","slay the spire mod where everything is the same but ironclad has a cowboy hat","vexMod"],"gold_per_floor":[97,97,112,124,141,141,172,172,244,244,271,271,198,213,213,310,310,320,320,320,332,342,342,441,441,495,513,546,546,560,560,560],"floor_reached":31,"language":"ENG","playtime":1185,"items_purged":[],"score":318,"play_id":"a0ce7aab-8f2e-4ee0-8fb5-79624d2de332","local_time":"20210118123046","is_ascension_mode":true,"campfire_choices":[{"data":"Saiyan:PowerUp","floor":6,"key":"SMITH"},{"floor":8,"key":"REST"},{"floor":10,"key":"REST"},{"floor":12,"key":"REST"},{"data":"Saiyan:EnergyBlast","floor":15,"key":"SMITH"},{"floor":23,"key":"REST"},{"data":"Saiyan:MonkeyTail","floor":25,"key":"SMITH"},{"floor":29,"key":"REST"}],"circlet_count":0,"master_deck":["Saiyan:SAIYA_Strike","Saiyan:SAIYA_Strike","Saiyan:SAIYA_Strike","Saiyan:SAIYA_Strike","Saiyan:SAIYA_Defend","Saiyan:SAIYA_Defend","Saiyan:SAIYA_Defend","Saiyan:SAIYA_Defend","Saiyan:EnergyBlast+1","Saiyan:KaioKen","Saiyan:RuthlessBlow+1","Saiyan:KameHameHa","Injury","Saiyan:ExpandingShockwave+1","Saiyan:PowerPole+1","Saiyan:PowerUp+1","Saiyan:WarmUp","Saiyan:Flurry+1","Saiyan:Quickening","Saiyan:Furor","Saiyan:Flurry+1","Saiyan:MonkeyTail+1","Saiyan:KiExplosion","Saiyan:ExpandingShockwave+1","Saiyan:SaiyanHubris+1","Saiyan:PowerStance+1","Saiyan:Rekindle","Saiyan:FinalFlash+1","Saiyan:DrainingStrike+1","Saiyan:BackAttack+1"],"relics":["SaiyanSoul","SaiyanHeart","Molten Egg 2","aspiration:HiddenCompartment","aspiration:FrozenJewel","Dream Catcher","SacredBark","Iron Hammer","hubris:Towel","Bag of Marbles","Shuriken"],"acts_visited":["Exordium","TheCity"],"potions_floor_usage":[7,11,18,22,28,28],"damage_taken":[{"damage":0,"enemies":"Jaw Worm","floor":1,"turns":2},{"damage":0,"enemies":"Cultist","floor":3,"turns":3},{"damage":4,"enemies":"Small Slimes","floor":4,"turns":3},{"damage":27,"enemies":"Exordium Wildlife","floor":5,"turns":4},{"damage":28,"enemies":"Gremlin Nob","floor":7,"turns":4},{"damage":7,"enemies":"Lagavulin","floor":11,"turns":6},{"damage":0,"enemies":"2 Fungi Beasts","floor":14,"turns":1},{"damage":8,"enemies":"Slime Boss","floor":16,"turns":9},{"damage":19,"enemies":"2 Thieves","floor":18,"turns":3},{"damage":14,"enemies":"Shell Parasite","floor":21,"turns":5},{"damage":7,"enemies":"Snecko","floor":22,"turns":7},{"damage":3,"enemies":"3 Cultists","floor":27,"turns":3},{"damage":33,"enemies":"Book of Stabbing","floor":28,"turns":6},{"damage":24,"enemies":"Snake Plant","floor":30,"turns":5},{"damage":8,"enemies":"Slavers","floor":31,"turns":2}],"seed_played":"8426183567547955625","potions_obtained":[{"floor":1,"key":"ColorlessPotion"},{"floor":7,"key":"AttackPotion"},{"floor":11,"key":"infinitespire:BlackPotion"},{"floor":14,"key":"LifebloodPotion"},{"floor":18,"key":"Weak Potion"},{"floor":21,"key":"LiquidBronze"},{"floor":30,"key":"SmokeBomb"}],"is_trial":false,"path_per_floor":["M","?","M","M","M","R","E","R","T","R","E","R","$","M","R","B",null,"M","?","?","M","M","R","?","R","T","M","E","R","M","E"],"character_chosen":"SAIYAJIN","items_purchased":["Saiyan:Furor"],"campfire_rested":5,"item_purchase_floors":[13],"current_hp_per_floor":[60,60,60,58,32,32,5,24,24,43,37,56,56,57,57,49,66,47,47,47,33,26,45,45,45,45,43,10,30,8,0,0],"gold":560,"neow_bonus":"UPGRADE_CARD","is_daily":false,"chose_seed":false,"campfire_upgraded":3,"win_rate":0.0,"timestamp":1610994646,"path_taken":["M","?","M","M","M","R","E","R","T","R","E","R","?","M","R","BOSS","M","?","?","M","M","R","?","R","T","M","E","R","M","E"],"items_purchased_type":["Card"],"build_version":"2020-12-22","purchased_purges":0,"victory":false,"max_hp_per_floor":[60,60,60,62,63,63,64,64,64,64,65,65,65,66,66,66,66,66,66,66,66,66,66,66,66,66,67,67,67,69,69,69],"card_choices":[{"not_picked":["Saiyan:PowerUp","Saiyan:UltraInstinct"],"picked":"Saiyan:KameHameHa","floor":1},{"not_picked":["Saiyan:FinalFlash+1","Saiyan:PowerStance"],"picked":"Saiyan:ExpandingShockwave+1","floor":3},{"not_picked":["Saiyan:MeteorDash+1","Saiyan:GenkiDama+1"],"picked":"Saiyan:PowerPole+1","floor":4},{"not_picked":["Saiyan:KameHameHa+1","Saiyan:DoubleMasenko+1"],"picked":"Saiyan:PowerUp","floor":5},{"not_picked":["Saiyan:Expend","Saiyan:Planning"],"picked":"Saiyan:WarmUp","floor":7},{"not_picked":["Saiyan:KameHameHa+1","Saiyan:Kienzan+1"],"picked":"Saiyan:Flurry+1","floor":11},{"not_picked":["Saiyan:DoubleMasenko+1","Saiyan:BackAttack+1"],"picked":"Saiyan:Quickening","floor":12},{"not_picked":["Saiyan:PowerUp","Saiyan:KiExplosion"],"picked":"Saiyan:Flurry+1","floor":14},{"not_picked":["Saiyan:GenkiDama+1","Saiyan:SenzuBean"],"picked":"Saiyan:MonkeyTail","floor":16},{"not_picked":["Saiyan:Reset","Saiyan:ExtremeSpeed"],"picked":"Saiyan:KiExplosion","floor":18},{"not_picked":["Saiyan:Scouter+1","Saiyan:SaiyanHubris"],"picked":"Saiyan:ExpandingShockwave+1","floor":21},{"not_picked":["Saiyan:ConcussiveBlow+1","Saiyan:AugmentedBlast+1"],"picked":"Saiyan:SaiyanHubris+1","floor":22},{"not_picked":["Saiyan:Quickening","Saiyan:BackAttack+1"],"picked":"Saiyan:PowerStance+1","floor":23},{"not_picked":["Saiyan:Planning","Saiyan:FingerParry+1"],"picked":"Saiyan:Rekindle","floor":27},{"not_picked":["Saiyan:Scouter+1","Saiyan:Kienzan+1"],"picked":"Saiyan:FinalFlash+1","floor":28},{"not_picked":["Saiyan:DoubleMasenko+1","Saiyan:Flurry+1"],"picked":"Saiyan:DrainingStrike+1","floor":29},{"not_picked":["Saiyan:TurtleShell","Saiyan:FinalFlash+1"],"picked":"Saiyan:BackAttack+1","floor":30}],"player_experience":395157,"relics_obtained":[{"floor":7,"key":"aspiration:HiddenCompartment"},{"floor":9,"key":"aspiration:FrozenJewel"},{"floor":11,"key":"Dream Catcher"},{"floor":26,"key":"Bag of Marbles"},{"floor":28,"key":"Shuriken"}],"event_choices":[{"damage_healed":0,"gold_gain":0,"player_choice":"Opened","damage_taken":0,"relics_obtained":["Iron Hammer"],"max_hp_gain":0,"max_hp_loss":0,"event_name":"The Mausoleum","floor":19,"gold_loss":0},{"damage_healed":0,"gold_gain":99,"player_choice":"Stole From Cult","damage_taken":0,"max_hp_gain":0,"max_hp_loss":0,"event_name":"Nest","floor":24,"gold_loss":0}],"is_beta":false,"boss_relics":[{"not_picked":["Replay:Drink Me","Replay:Grab Bag"],"picked":"SacredBark"}],"items_purged_floors":[],"is_endless":false,"potions_floor_spawned":[1,7,11,14,18,21,30],"killed_by":"Slavers","ascension_level":4}}