{"host":"746m694if73h3gai","time":1610972461,"event":{"mods":["2.2 Compatiblity","AchievementEnabler","Act Like it!","BaseMod","Bestiary","Colored Map","Colored Powertips","Downfall","Minty Spire (QoL Compilation)","Quick Restart","Rare Cards Sparkle","Relic Stats","StSLib","The Cursed","Wandering Minibosses","everything is the same but u backflip on backflip","slay the spire mod where everything is the same but ironclad has a cowboy hat"],"gold_per_floor":[110,124,26,26,42,42,67,67,67,67,80,91,101,101,101,199,249,268,193,32,32,46,81,81,100,100,100,100],"floor_reached":27,"language":"ENG","playtime":1115,"items_purged":["Strike_G"],"score":268,"play_id":"dcd1e03a-276a-42d0-8bae-82e86349f348","local_time":"20210118132101","is_ascension_mode":true,"campfire_choices":[{"floor":6.0,"key":"REST"},{"data":"Adrenaline","floor":8.0,"key":"SMITH"},{"floor":15.0,"key":"REST"},{"floor":24.0,"key":"REST"}],"circlet_count":0,"master_deck":["Strike_G","Strike_G","Defend_G","Defend_G","Defend_G+1","Defend_G+1","Defend_G+1","Survivor","Neutralize+1","Corpse Explosion","Bane+1","PiercingWail","Poisoned Stab","Dash","Adrenaline+1","Footwork","Footwork","Leg Sweep","Glass Knife+1","Backflip","Sucker Punch+1","Backstab+1","Masterful Stab+1","Prepared+1","Setup+1"],"relics":["Ring of the Snake","Question Card","Molten Egg 2","War Paint","Tiny House","Paper Crane","Lizard Tail"],"acts_visited":["Exordium","TheCity"],"potions_floor_usage":[27],"damage_taken":[{"damage":0.0,"enemies":"Cultist","floor":1.0,"turns":3.0},{"damage":8.0,"enemies":"Jaw Worm","floor":2.0,"turns":3.0},{"damage":0.0,"enemies":"Small Slimes","floor":5.0,"turns":3.0},{"damage":28.0,"enemies":"3 Sentries","floor":7.0,"turns":5.0},{"damage":2.0,"enemies":"Red Slaver","floor":11.0,"turns":3.0},{"damage":1.0,"enemies":"Looter","floor":12.0,"turns":2.0},{"damage":5.0,"enemies":"3 Louse","floor":13.0,"turns":2.0},{"damage":20.0,"enemies":"The Guardian","floor":16.0,"turns":13.0},{"damage":5.0,"enemies":"Spheric Guardian","floor":18.0,"turns":5.0},{"damage":20.0,"enemies":"3 Byrds","floor":22.0,"turns":4.0},{"damage":33.0,"enemies":"Book of Stabbing","floor":23.0,"turns":10.0},{"damage":2.0,"enemies":"Snake Plant","floor":25.0,"turns":5.0},{"damage":85,"enemies":"Gremlin Leader","floor":27,"turns":11}],"seed_played":"-3130812635285998128","potions_obtained":[{"floor":2.0,"key":"GhostInAJar"},{"floor":5.0,"key":"Regen Potion"},{"floor":13.0,"key":"CultistPotion"},{"floor":17.0,"key":"Strength Potion"},{"floor":22.0,"key":"EssenceOfSteel"},{"floor":23.0,"key":"Guardian:BlockOnCardUsePotion"}],"is_trial":false,"path_per_floor":["M","M","$","?","M","R","E","R","T","?","M","M","M","?","R","B",null,"M","?","$","?","M","E","R","M","T","E"],"character_chosen":"THE_SILENT","items_purchased":["Poisoned Stab","Backstab+1","Masterful Stab+1"],"campfire_rested":3,"item_purchase_floors":[3,20,20],"current_hp_per_floor":[49,41,41,27,27,48,34,34,34,34,32,31,26,23,44,24,75,70,70,70,70,50,17,39,37,37,0,0],"gold":100,"neow_bonus":"THREE_RARE_CARDS","is_daily":false,"chose_seed":false,"campfire_upgraded":1,"win_rate":0.0,"timestamp":1610972461,"path_taken":["M","?","$","?","M","R","E","R","T","?","M","?","M","?","R","BOSS","M","?","$","?","M","E","R","M","T","E"],"items_purchased_type":["Card","Card","Card"],"build_version":"2020-12-22","purchased_purges":1,"victory":false,"max_hp_per_floor":[70,70,70,70,70,70,70,70,70,70,70,70,70,70,70,70,75,75,75,75,75,75,75,75,75,75,75,75],"relic_stats":{"Lizard Tail":37,"counters":[13,69],"War Paint":["Defend_G","Defend_G"],"Question Card":9,"obtain_stats":[{"Lizard Tail":26,"Tiny House":17,"Molten Egg 2":9,"War Paint":14,"Paper Crane":23,"Question Card":7,"Ring of the Snake":0},{"Lizard Tail":12,"Tiny House":8,"Molten Egg 2":4,"War Paint":7,"Paper Crane":11,"Question Card":4,"Ring of the Snake":0},{"Lizard Tail":58,"Tiny House":34,"Molten Egg 2":14,"War Paint":21,"Paper Crane":53,"Question Card":14,"Ring of the Snake":0}],"Ring of the Snake":[26]},"card_choices":[{"not_picked":["Night Terror","Tools of the Trade"],"picked":"Corpse Explosion","floor":0.0},{"not_picked":["Quick Slash","Dagger Throw"],"picked":"Bane","floor":1.0},{"not_picked":["Infinite Blades","Accuracy"],"picked":"PiercingWail","floor":2.0},{"not_picked":["Deadly Poison","Infinite Blades"],"picked":"Dash","floor":5.0},{"not_picked":["Backstab","Acrobatics"],"picked":"Adrenaline","floor":7.0},{"not_picked":["Acrobatics","Well Laid Plans","Bane+1"],"picked":"Footwork","floor":11.0},{"not_picked":["Crippling Poison","Dagger Throw+1","Bane+1"],"picked":"Footwork","floor":12.0},{"not_picked":["Distraction","Prepared","Infinite Blades"],"picked":"Leg Sweep","floor":13.0},{"not_picked":["Unload+1","Adrenaline","Doppelganger"],"picked":"Glass Knife+1","floor":16.0},{"not_picked":["Choke+1","Concentrate","Flying Knee+1"],"picked":"Backflip","floor":17.0},{"not_picked":["Dagger Throw+1","Flying Knee+1","Accuracy+1"],"picked":"Sucker Punch+1","floor":18.0},{"not_picked":["PiercingWail","Dagger Spray+1","A Thousand Cuts","Flying Knee+1"],"picked":"SKIP","floor":22.0},{"not_picked":["Expertise","Deflect","Slice+1"],"picked":"Prepared+1","floor":23.0},{"not_picked":["Accuracy+1","Dash+1","Expertise+1"],"picked":"Setup+1","floor":25.0}],"player_experience":126551,"relics_obtained":[{"floor":7.0,"key":"Question Card"},{"floor":9.0,"key":"Molten Egg 2"},{"floor":23.0,"key":"Paper Crane"},{"floor":26.0,"key":"Lizard Tail"}],"event_choices":[{"damage_healed":0.0,"max_hp_gain":0.0,"max_hp_loss":0.0,"gold_gain":0.0,"event_name":"Shining Light","player_choice":"Entered Light","floor":4.0,"gold_loss":0.0,"damage_taken":14.0,"cards_upgraded":["Defend_G","Bane"]},{"cards_removed":["Strike_G"],"damage_healed":0.0,"max_hp_gain":0.0,"max_hp_loss":0.0,"gold_gain":0.0,"event_name":"Bonfire Elementals","player_choice":"Offered Basic","floor":10.0,"gold_loss":0.0,"damage_taken":0.0},{"damage_healed":0.0,"max_hp_gain":0.0,"max_hp_loss":0.0,"gold_gain":0.0,"event_name":"Scrap Ooze","player_choice":"Success","floor":14.0,"gold_loss":0.0,"damage_taken":3.0,"relics_obtained":["War Paint"]},{"cards_removed":["Strike_G"],"damage_healed":0.0,"max_hp_gain":0.0,"max_hp_loss":0.0,"gold_gain":0.0,"event_name":"Beggar","player_choice":"Gave Gold","floor":19.0,"gold_loss":75.0,"damage_taken":0.0}],"is_beta":false,"boss_relics":[{"not_picked":["Runic Dome","Ectoplasm"],"picked":"Tiny House"}],"items_purged_floors":[3],"is_endless":false,"potions_floor_spawned":[2,5,13,22,23],"killed_by":"Gremlin Leader","ascension_level":3}}