{"host":"p9o9yh7a0b9qf53k","time":1610976561,"event":{"mods":["BaseMod","Downfall","Minty Spire (QoL Compilation)","StSLib"],"gold_per_floor":[199,219,236,253,238,302,325,325,341,341,516,534,130,130,130,130],"floor_reached":14,"language":"ZHS","playtime":704,"items_purged":["Doubt"],"score":80,"play_id":"7c5ff7d8-d7e4-46ff-8907-ef225ab90b03","local_time":"20210118212921","is_ascension_mode":false,"campfire_choices":[{"data":"champ:Execute","floor":1.0,"key":"SMITH"},{"data":"champ:EndlessRage","floor":8.0,"key":"SMITH"},{"data":"1","floor":10.0,"key":"LIFT"}],"circlet_count":0,"master_deck":["champ:Strike","champ:Strike","champ:Strike","champ:Strike","champ:Defend","champ:Defend","champ:Defend","champ:Defend","champ:Execute+1","champ:Taunt","champ:Encircle","champ:EndlessRage+1","champ:PerfectedStrike","champ:PerfectedStrike","champ:RisingSlash","champ:GutPunch","champ:Devastate","champ:FanOfKnives","expansioncontent:QuickStudy"],"relics":["champ:ChampionCrown","Girya","Oddly Smooth Stone","champ:BerserkersGuideToSlaughter"],"acts_visited":["Exordium"],"potions_floor_usage":[14,14,14],"damage_taken":[{"damage":10.0,"enemies":"Cultist","floor":2.0,"turns":3.0},{"damage":15.0,"enemies":"Jaw Worm","floor":3.0,"turns":3.0},{"damage":8.0,"enemies":"2 Louse","floor":4.0,"turns":3.0},{"damage":14.0,"enemies":"downfall:FleeingMerchant","floor":5.0,"turns":4.0},{"damage":42.0,"enemies":"3 Sentries","floor":6.0,"turns":7.0},{"damage":15.0,"enemies":"Red Slaver","floor":9.0,"turns":3.0},{"damage":20.0,"enemies":"Blue Slaver","floor":12.0,"turns":3.0},{"damage":25,"enemies":"downfall:FleeingMerchant","floor":13,"turns":4},{"damage":9,"enemies":"3 Sentries","floor":14,"turns":1}],"seed_played":"4400187999682493974","potions_obtained":[{"floor":4.0,"key":"PowerPotion"},{"floor":6.0,"key":"Explosive Potion"},{"floor":9.0,"key":"champ:UltimateStancePotion"},{"floor":12.0,"key":"hexamod:EctoCoolerPotion"}],"is_trial":false,"path_per_floor":["R","M","M","M","$","?","T","R","M","R","?","M","$","E"],"character_chosen":"THE_CHAMP","items_purchased":["champ:BerserkersGuideToSlaughter","expansioncontent:QuickStudy"],"campfire_rested":0,"item_purchase_floors":[13,13],"current_hp_per_floor":[90,90,82,79,79,46,46,46,33,33,33,24,9,0,0,0],"gold":130,"neow_bonus":"HUNDRED_GOLD","is_daily":false,"chose_seed":false,"campfire_upgraded":2,"win_rate":0.0,"timestamp":1610976561,"path_taken":["R","M","?","M","?","?","T","R","M","R","?","M","$","E"],"items_purchased_type":["Relic","Card"],"build_version":"2020-12-22","purchased_purges":1,"victory":false,"max_hp_per_floor":[90,90,90,90,90,90,90,90,90,90,90,90,90,90,90,90],"card_choices":[{"not_picked":["champ:Backstep","champ:BringItOn"],"picked":"champ:Encircle","floor":2.0},{"not_picked":["champ:BringItOn","champ:DeathBlow"],"picked":"champ:EndlessRage","floor":3.0},{"not_picked":["champ:Haymaker","champ:FocusedDefense"],"picked":"champ:PerfectedStrike","floor":4.0},{"not_picked":["champ:Circumvent","champ:ShieldWall"],"picked":"champ:PerfectedStrike","floor":5.0},{"not_picked":["champ:CrookedStrike","champ:EndlessRage"],"picked":"champ:RisingSlash","floor":6.0},{"not_picked":["champ:DefensiveShout","champ:Circumvent"],"picked":"champ:GutPunch","floor":9.0},{"not_picked":["champ:ShieldWall","champ:DefensiveShout"],"picked":"champ:Devastate","floor":12.0},{"not_picked":["champ:Circumvent","champ:EnGarde"],"picked":"champ:FanOfKnives","floor":13}],"player_experience":582657,"relics_obtained":[{"floor":7.0,"key":"Oddly Smooth Stone"}],"event_choices":[],"is_beta":false,"boss_relics":[],"items_purged_floors":[13],"is_endless":false,"potions_floor_spawned":[4,6,9,12],"killed_by":"3 Sentries","ascension_level":0}}