{"host":"p9o9yh7a0b9qf53k","time":1610979069,"event":{"mods":["BaseMod","Downfall","Minty Spire (QoL Compilation)","StSLib"],"gold_per_floor":[99,114,114,131,131,131,131,231,71,81,101,128,128,303,316,316,316,316],"floor_reached":16,"language":"ZHS","playtime":885,"items_purged":[],"score":100,"play_id":"c3ccf82a-90fa-4da4-bb5e-f6389b974b4a","local_time":"20210118221109","is_ascension_mode":false,"campfire_choices":[{"data":"champ:Taunt","floor":1.0,"key":"SMITH"},{"data":"champ:ArenaPreparation","floor":6,"key":"SMITH"},{"data":"champ:StanceDance","floor":13,"key":"SMITH"}],"circlet_count":0,"master_deck":["champ:Strike","champ:Strike","champ:Strike","champ:Strike","champ:Defend","champ:Defend","champ:Defend","champ:Defend","champ:Execute","champ:Taunt+1","champ:Endure","Regret","champ:ArenaPreparation+1","champ:AdrenalArmor","champ:EndlessRage","champ:StanceDance+1","champ:StanceDance","Doubt","champ:Encircle"],"relics":["champ:ChampionCrown","Dream Catcher","Pantograph","Bag of Preparation","champ:BerserkersGuideToSlaughter","Oddly Smooth Stone"],"acts_visited":["Exordium"],"potions_floor_usage":[],"damage_taken":[{"damage":10,"enemies":"Cultist","floor":2,"turns":3},{"damage":19,"enemies":"2 Louse","floor":4,"turns":2},{"damage":45,"enemies":"downfall:FleeingMerchant","floor":9,"turns":4},{"damage":9,"enemies":"Jaw Worm","floor":10,"turns":4},{"damage":46,"enemies":"Exordium Thugs","floor":11,"turns":6},{"damage":49,"enemies":"3 Sentries","floor":12,"turns":8},{"damage":27,"enemies":"Blue Slaver","floor":15,"turns":3},{"damage":119,"enemies":"SI_SHIV_ARCHETYPE","floor":16,"turns":8}],"seed_played":"-7397791736929354198","potions_obtained":[{"floor":2,"key":"Dexterity Potion"},{"floor":10,"key":"Ancient Potion"},{"floor":11,"key":"SneckoOil"},{"floor":12,"key":"FearPotion"}],"is_trial":false,"path_per_floor":["R","M","?","M","?","R","T","?","$","M","M","E","R","?","M","B"],"character_chosen":"THE_CHAMP","items_purchased":["champ:BerserkersGuideToSlaughter"],"campfire_rested":0,"item_purchase_floors":[9],"current_hp_per_floor":[99,99,99,90,72,72,72,72,67,73,67,48,48,48,46,0,0,0],"gold":316,"neow_bonus":"TEN_PERCENT_HP_BONUS","is_daily":false,"chose_seed":false,"campfire_upgraded":3,"win_rate":0.0,"timestamp":1610979069,"path_taken":["R","M","?","M","?","R","T","?","$","?","M","E","R","?","M","BOSS"],"items_purchased_type":["Relic"],"build_version":"2020-12-22","purchased_purges":0,"victory":false,"max_hp_per_floor":[99,99,99,99,99,99,99,99,99,99,99,99,99,99,99,99,99,99],"card_choices":[{"not_picked":["champ:EnragedBash","champ:Haymaker"],"picked":"champ:Endure","floor":2},{"not_picked":["champ:Circumvent","champ:FlashCut"],"picked":"champ:ArenaPreparation","floor":4},{"not_picked":["champ:ShieldWall","champ:FalseCounter"],"picked":"champ:AdrenalArmor","floor":9},{"not_picked":["champ:EnGarde","champ:SkillfulDodge"],"picked":"champ:EndlessRage","floor":10},{"not_picked":["champ:Circumvent","champ:Haymaker"],"picked":"champ:StanceDance","floor":11},{"not_picked":["champ:BringItOn","champ:BerserkersShout"],"picked":"champ:StanceDance","floor":12},{"not_picked":["champ:CrownThrow","champ:FanOfKnives"],"picked":"champ:Encircle","floor":15}],"player_experience":583361,"relics_obtained":[{"floor":7,"key":"Bag of Preparation"},{"floor":12,"key":"Oddly Smooth Stone"}],"event_choices":[{"damage_healed":0,"gold_gain":0,"player_choice":"Box","damage_taken":0,"relics_obtained":["Dream Catcher"],"max_hp_gain":0,"max_hp_loss":0,"event_name":"Big Fish","floor":3,"gold_loss":0,"cards_obtained":["Regret"]},{"damage_healed":0,"gold_gain":0,"player_choice":"Success","damage_taken":18,"relics_obtained":["Pantograph"],"max_hp_gain":0,"max_hp_loss":0,"event_name":"Scrap Ooze","floor":5,"gold_loss":0}],"is_beta":false,"boss_relics":[],"items_purged_floors":[],"is_endless":false,"potions_floor_spawned":[2,10,11,12],"killed_by":"SI_SHIV_ARCHETYPE","ascension_level":0}}