{"host":"f5gffvlv6a66yqkd","time":1610996768,"event":{"mods":["2.2 Compatiblity","Alarm Clock","BaseMod","Colored Map","Custom Start","DeckTracker","Keyboard Shortcuts","Minty Spire (QoL Compilation)","Permanent Neow","Quick Restart","Relic Stats","StSLib","SuperFastMode"],"gold_per_floor":[114,114,264,264,278,278,302,302,326,49,67,67,67],"floor_reached":12,"language":"KOR","playtime":157,"items_purged":[],"score":135,"play_id":"018817c0-7a12-48cc-a590-d9a3230a5d54","local_time":"20210119040608","is_ascension_mode":true,"campfire_choices":[{"data":"Deadly Poison","floor":6,"key":"SMITH"},{"floor":8,"key":"RECALL"}],"circlet_count":0,"master_deck":["AscendersBane","Strike_G","Strike_G","Strike_G","Strike_G","Strike_G","Defend_G","Defend_G","Defend_G","Defend_G","Defend_G","Survivor","Neutralize+1","Deadly Poison+1","PiercingWail","Poisoned Stab"],"relics":["Ring of the Snake","Golden Idol","Spirit Poop","Tiny Chest","Sundial"],"acts_visited":["Exordium"],"potions_floor_usage":[12],"damage_taken":[{"damage":3,"enemies":"Small Slimes","floor":1,"turns":4},{"damage":0,"enemies":"Jaw Worm","floor":5,"turns":5},{"damage":0,"enemies":"Cultist","floor":7,"turns":4},{"damage":8,"enemies":"Looter","floor":11,"turns":4},{"damage":40,"enemies":"Gremlin Nob","floor":12,"turns":3}],"seed_played":"-4302604839898778949","potions_obtained":[{"floor":5,"key":"SkillPotion"}],"is_trial":false,"path_per_floor":["M","?","?","?","M","R","M","R","T","$","M","E"],"character_chosen":"THE_SILENT","items_purchased":["Sundial"],"campfire_rested":0,"item_purchase_floors":[10],"current_hp_per_floor":[56,33,33,33,33,33,33,33,33,33,25,0,0],"gold":67,"neow_bonus":"UPGRADE_CARD","is_daily":false,"chose_seed":false,"campfire_upgraded":1,"win_rate":0.0,"timestamp":1610996768,"path_taken":["M","?","?","?","M","R","M","R","T","$","M","E"],"items_purchased_type":["Relic"],"build_version":"2020-12-22","purchased_purges":0,"victory":false,"max_hp_per_floor":[66,66,66,66,66,66,66,66,66,66,66,66,66],"relic_stats":{"counters":[5,20],"Golden Idol":12,"Sundial":[0],"Tiny Chest":0,"obtain_stats":[{"Golden Idol":2,"Sundial":10,"Spirit Poop":4,"Tiny Chest":9,"Ring of the Snake":0},{"Golden Idol":1,"Sundial":3,"Spirit Poop":1,"Tiny Chest":3,"Ring of the Snake":0},{"Golden Idol":4,"Sundial":13,"Spirit Poop":4,"Tiny Chest":13,"Ring of the Snake":0}],"Ring of the Snake":[10]},"card_choices":[{"not_picked":["Flechettes","Reflex"],"picked":"Deadly Poison","floor":1},{"not_picked":["All Out Attack","Dodge and Roll"],"picked":"PiercingWail","floor":5},{"not_picked":["Masterful Stab","Dodge and Roll","PiercingWail"],"picked":"SKIP","floor":7},{"not_picked":["Bane","Cloak And Dagger"],"picked":"Poisoned Stab","floor":11}],"player_experience":1598134,"relics_obtained":[{"floor":9,"key":"Tiny Chest"}],"event_choices":[{"damage_healed":0,"gold_gain":0,"player_choice":"Take Damage","damage_taken":23,"relics_obtained":["Golden Idol"],"max_hp_gain":0,"max_hp_loss":0,"event_name":"Golden Idol","floor":2,"gold_loss":0},{"damage_healed":0,"gold_gain":150,"player_choice":"AGREE","damage_taken":0,"max_hp_gain":0,"max_hp_loss":0,"event_name":"Liars Game","floor":3,"gold_loss":0,"cards_obtained":["Doubt"]},{"cards_removed":["Doubt"],"damage_healed":0,"gold_gain":0,"player_choice":"Offered Curse","damage_taken":0,"relics_obtained":["Spirit Poop"],"max_hp_gain":0,"max_hp_loss":0,"event_name":"Bonfire Elementals","floor":4,"gold_loss":0}],"is_beta":false,"boss_relics":[],"items_purged_floors":[],"is_endless":false,"potions_floor_spawned":[5],"killed_by":"Gremlin Nob","ascension_level":20}}