{"host":"00f1p9ihhzi7hxfk","time":1610975898,"event":{"mods":["BaseMod","Colored Map","Colored Powertips","Minty Spire (QoL Compilation)","Rare Cards Sparkle","Relic Stats"],"gold_per_floor":[112,77,4,4,4,34,54,54,124,144,157,157,177,190,190,288,288,302,319,346,3,3,3,3,3,81,81,100,24,24,24],"floor_reached":30,"language":"DEU","playtime":1765,"items_purged":[],"score":255,"play_id":"685d536c-c1f8-40da-8b1a-34356f2afcba","local_time":"20210118141818","is_ascension_mode":false,"campfire_choices":[{"floor":8,"key":"REST"},{"floor":12,"key":"REST"},{"floor":15,"key":"REST"},{"floor":23,"key":"REST"},{"floor":25,"key":"REST"},{"floor":27,"key":"REST"}],"circlet_count":0,"master_deck":["Defend_B","Defend_B","Defend_B","Defend_B","Zap","Dualcast","Rebound","Stack","Ball Lightning","Lockon","Glacier","Go for the Eyes+1","Gash","Barrage","Coolheaded","Machine Learning","Cold Snap","Blizzard","Meteor Strike","Scrape","Bite","Bite","Bite","Bite","Bite","Heavy Blade","Consume"],"relics":["Cracked Core","Blood Vial","Black Star","Red Mask","PrismaticShard","Omamori","Bottled Tornado"],"acts_visited":["Exordium","TheCity"],"potions_floor_usage":[],"damage_taken":[{"damage":3,"enemies":"Jaw Worm","floor":1,"turns":4},{"damage":0,"enemies":"Small Slimes","floor":5,"turns":3},{"damage":37,"enemies":"3 Sentries","floor":6,"turns":7},{"damage":0,"enemies":"Cultist","floor":7,"turns":2},{"damage":3,"enemies":"Exordium Wildlife","floor":10,"turns":3},{"damage":10,"enemies":"Looter","floor":11,"turns":2},{"damage":4,"enemies":"Red Slaver","floor":13,"turns":2},{"damage":0,"enemies":"2 Fungi Beasts","floor":14,"turns":3},{"damage":66,"enemies":"Hexaghost","floor":16,"turns":11},{"damage":8,"enemies":"Shell Parasite","floor":18,"turns":11},{"damage":8,"enemies":"Chosen","floor":19,"turns":6},{"damage":80,"enemies":"Masked Bandits","floor":20,"turns":7},{"damage":55,"enemies":"Snake Plant","floor":28,"turns":7},{"damage":18,"enemies":"Centurion and Healer","floor":30,"turns":2}],"seed_played":"-8838688981053913235","potions_obtained":[{"floor":6,"key":"EssenceOfSteel"},{"floor":7,"key":"DuplicationPotion"},{"floor":10,"key":"Weak Potion"},{"floor":13,"key":"FairyPotion"}],"is_trial":false,"path_per_floor":["M","?","$","?","M","E","M","R","T","M","M","R","M","M","R","B",null,"M","M","?","$","?","R","?","R","T","R","M","$","M"],"character_chosen":"DEFECT","items_purchased":["Stack","Ball Lightning","PrismaticShard","Omamori","Scrape","Consume"],"campfire_rested":6,"item_purchase_floors":[3,3,21,21,21,29],"current_hp_per_floor":[79,82,82,82,82,45,47,71,71,70,62,82,78,80,82,16,82,74,68,17,17,17,34,34,51,51,57,12,12,0,0],"gold":24,"neow_bonus":"TEN_PERCENT_HP_BONUS","is_daily":false,"chose_seed":false,"campfire_upgraded":0,"win_rate":0.0,"timestamp":1610975898,"path_taken":["M","?","$","?","M","E","M","R","T","?","M","R","M","M","R","BOSS","M","M","?","$","?","R","?","R","T","R","M","$","?"],"items_purchased_type":["Card","Card","Relic","Relic","Card","Card"],"build_version":"2020-12-22","purchased_purges":0,"victory":false,"max_hp_per_floor":[82,82,82,82,82,82,82,82,82,82,82,82,82,82,82,82,82,82,82,82,82,57,57,57,57,57,57,57,57,57,57],"relic_stats":{"Blood Vial":14,"counters":[14,70],"Black Star":0,"obtain_stats":[{"Blood Vial":6,"Black Star":17,"Red Mask":20,"Omamori":21,"Bottled Tornado":26,"Cracked Core":0,"PrismaticShard":21},{"Blood Vial":3,"Black Star":9,"Red Mask":12,"Omamori":12,"Bottled Tornado":12,"Cracked Core":0,"PrismaticShard":12},{"Blood Vial":14,"Black Star":37,"Red Mask":61,"Omamori":61,"Bottled Tornado":61,"Cracked Core":0,"PrismaticShard":61}]},"card_choices":[{"not_picked":["Leap","Conserve Battery"],"picked":"Rebound","floor":1},{"not_picked":["Sweeping Beam","Stack","Gash"],"picked":"SKIP","floor":5},{"not_picked":["Beam Cell","All For One"],"picked":"Lockon","floor":6},{"not_picked":["Turbo","Stack"],"picked":"Glacier","floor":7},{"not_picked":["Turbo","Leap"],"picked":"Go for the Eyes","floor":10},{"not_picked":["Conserve Battery","Stack"],"picked":"Gash","floor":11},{"not_picked":["Coolheaded","Gash"],"picked":"Barrage","floor":13},{"not_picked":["Ball Lightning","Beam Cell"],"picked":"Coolheaded","floor":14},{"not_picked":["Buffer","Reboot"],"picked":"Machine Learning","floor":16},{"not_picked":["Redo","Steam"],"picked":"Cold Snap","floor":18},{"not_picked":["Go for the Eyes","Ball Lightning"],"picked":"Blizzard","floor":19},{"not_picked":["Steam","Lockon"],"picked":"Meteor Strike","floor":20},{"not_picked":["Deflect","Terror"],"picked":"Heavy Blade","floor":28}],"player_experience":63114,"relics_obtained":[{"floor":6,"key":"Blood Vial"},{"floor":20,"key":"Red Mask"},{"floor":26,"key":"Bottled Tornado"}],"event_choices":[{"damage_healed":20,"gold_gain":0,"player_choice":"Healed","damage_taken":0,"max_hp_gain":0,"max_hp_loss":0,"event_name":"The Cleric","floor":2,"gold_loss":35},{"damage_healed":27,"gold_gain":0,"player_choice":"Banana","damage_taken":0,"max_hp_gain":0,"max_hp_loss":0,"event_name":"Big Fish","floor":4,"gold_loss":0},{"damage_healed":0,"gold_gain":0,"player_choice":"Fought Bandits","damage_taken":0,"max_hp_gain":0,"max_hp_loss":0,"event_name":"Masked Bandits","floor":20,"gold_loss":0},{"damage_healed":0,"gold_gain":0,"player_choice":"Became a vampire","damage_taken":0,"max_hp_gain":0,"max_hp_loss":25,"event_name":"Vampires","floor":22,"gold_loss":0,"cards_obtained":["Bite","Bite","Bite","Bite","Bite"]},{"damage_healed":0,"gold_gain":0,"player_choice":"Forge","damage_taken":0,"max_hp_gain":0,"max_hp_loss":0,"event_name":"Accursed Blacksmith","floor":24,"gold_loss":0,"cards_upgraded":["Go for the Eyes"]}],"is_beta":false,"boss_relics":[{"not_picked":["Runic Pyramid","Inserter"],"picked":"Black Star"}],"items_purged_floors":[],"is_endless":false,"potions_floor_spawned":[6,7,10,13,16,18],"killed_by":"Centurion and Healer","ascension_level":0}}