{"host":"g2yp6paluzgljz05","time":1610965218,"event":{"mods":["BaseMod","Bestiary","Colored Powertips","DeckTracker","Highlight Path","Minty Spire (QoL Compilation)","Quick Restart"],"gold_per_floor":[118,43,57,57,57,87,87,87,156,172,172,172,198,209,209,304,304,315,315,332,332,332],"floor_reached":21,"language":"ENG","playtime":710,"items_purged":["Strike_R"],"score":254,"play_id":"29cb25b6-f21b-4499-892e-5cb3a14319e4","local_time":"20210118212018","is_ascension_mode":true,"campfire_choices":[{"data":"Bash","floor":8,"key":"SMITH"},{"data":"Heavy Blade","floor":15,"key":"SMITH"}],"circlet_count":0,"master_deck":["Strike_R","Strike_R+1","Strike_R","Defend_R","Defend_R","Defend_R","Defend_R+1","Bash+1","Heavy Blade+1","Dropkick","Headbutt","Impervious","Bludgeon"],"relics":["Burning Blood","NeowsBlessing","Lizard Tail","Ornamental Fan","Eternal Feather","Red Skull","Dream Catcher","Coffee Dripper"],"acts_visited":["Exordium","TheCity"],"potions_floor_usage":[16],"damage_taken":[{"damage":0,"enemies":"Small Slimes","floor":1,"turns":1},{"damage":0,"enemies":"Jaw Worm","floor":3,"turns":1},{"damage":0,"enemies":"Lagavulin","floor":6,"turns":1},{"damage":3,"enemies":"2 Louse","floor":10,"turns":2},{"damage":39,"enemies":"Gremlin Nob","floor":13,"turns":5},{"damage":11,"enemies":"Looter","floor":14,"turns":3},{"damage":27,"enemies":"Hexaghost","floor":16,"turns":6},{"damage":6,"enemies":"Spheric Guardian","floor":18,"turns":4},{"damage":28,"enemies":"Shell Parasite","floor":20,"turns":4},{"damage":4,"enemies":"3 Cultists","floor":21,"turns":3}],"seed_played":"-4491226822799902668","potions_obtained":[{"floor":1,"key":"Energy Potion"},{"floor":3,"key":"SkillPotion"},{"floor":13,"key":"LiquidBronze"}],"is_trial":false,"path_per_floor":["M","$","M","?","?","E","T","R","T","M","?","?","E","M","R","B",null,"M","?","M","M"],"character_chosen":"IRONCLAD","items_purchased":[],"campfire_rested":0,"item_purchase_floors":[],"current_hp_per_floor":[80,80,80,64,64,70,70,70,70,73,70,70,37,32,38,17,80,80,80,58,54,54],"gold":332,"neow_bonus":"THREE_ENEMY_KILL","is_daily":false,"chose_seed":false,"campfire_upgraded":2,"win_rate":0.0,"timestamp":1610965218,"path_taken":["M","$","M","?","?","E","?","R","T","?","?","?","E","M","R","BOSS","M","?","M","M"],"items_purchased_type":[],"build_version":"2020-12-22","purchased_purges":1,"victory":false,"max_hp_per_floor":[80,80,80,80,80,80,80,80,80,80,80,80,80,80,80,80,80,80,80,80,80,80],"card_choices":[{"not_picked":["Shockwave","Body Slam"],"picked":"Heavy Blade","floor":1},{"not_picked":["Cleave","Wild Strike"],"picked":"Dropkick","floor":3},{"not_picked":["Flame Barrier","Clash"],"picked":"Headbutt","floor":6},{"not_picked":["Searing Blow","Sword Boomerang"],"picked":"Seeing Red","floor":10},{"not_picked":["Combust","Perfected Strike","Impervious"],"picked":"SKIP","floor":13},{"not_picked":["Rampage","Combust","Iron Wave"],"picked":"SKIP","floor":14},{"not_picked":["Barricade","Fiend Fire"],"picked":"Bludgeon","floor":16},{"not_picked":["Wild Strike","Dark Embrace+1","Twin Strike+1"],"picked":"SKIP","floor":18},{"not_picked":["Feel No Pain+1","Twin Strike","Headbutt"],"picked":"SKIP","floor":20}],"player_experience":214497,"relics_obtained":[{"floor":6,"key":"Lizard Tail"},{"floor":7,"key":"Ornamental Fan"},{"floor":9,"key":"Eternal Feather"},{"floor":13,"key":"Dream Catcher"}],"event_choices":[{"damage_healed":0,"gold_gain":0,"player_choice":"Entered Light","damage_taken":16,"max_hp_gain":0,"max_hp_loss":0,"event_name":"Shining Light","floor":4,"gold_loss":0,"cards_upgraded":["Defend_R","Strike_R"]},{"damage_healed":0,"gold_gain":0,"player_choice":"Ignored","damage_taken":0,"max_hp_gain":0,"max_hp_loss":0,"event_name":"Liars Game","floor":5,"gold_loss":0},{"damage_healed":0,"gold_gain":0,"player_choice":"Success","damage_taken":3,"relics_obtained":["Red Skull"],"max_hp_gain":0,"max_hp_loss":0,"event_name":"Scrap Ooze","floor":11,"gold_loss":0},{"damage_healed":0,"gold_gain":0,"cards_transformed":["Strike_R"],"player_choice":"Change","damage_taken":0,"max_hp_gain":0,"max_hp_loss":0,"event_name":"Living Wall","floor":12,"gold_loss":0,"cards_obtained":["Impervious"]},{"cards_removed":["Seeing Red"],"damage_healed":0,"gold_gain":0,"player_choice":"Offered Uncommon","damage_taken":0,"max_hp_gain":0,"max_hp_loss":0,"event_name":"Bonfire Elementals","floor":19,"gold_loss":0}],"is_beta":false,"boss_relics":[{"not_picked":["Tiny House","Black Star"],"picked":"Coffee Dripper"}],"items_purged_floors":[2],"is_endless":false,"potions_floor_spawned":[1,3,13],"killed_by":"3 Cultists","ascension_level":4}}