{"host":"ccw6t0i2dpm5wyxf","time":1610984578,"event":{"mods":["AchievementEnabler","BaseMod","Colored Map","Minty Spire (QoL Compilation)","Permanent Neow","SuperFastMode"],"gold_per_floor":[13,13,27,52,75,75,118,118,118,156,177,132,132,167,167,167,167],"floor_reached":16,"language":"ENG","playtime":821,"items_purged":[],"score":180,"play_id":"0b7de519-0a1c-4cf6-86ec-42011beb169d","local_time":"20210118094258","is_ascension_mode":true,"campfire_choices":[{"data":"Flame Barrier","floor":6,"key":"SMITH"},{"data":"True Grit","floor":8,"key":"SMITH"},{"data":"Armaments","floor":15,"key":"SMITH"}],"circlet_count":0,"master_deck":["AscendersBane","Strike_R","Strike_R","Strike_R","Strike_R","Strike_R","Defend_R","Defend_R","Defend_R","Defend_R","Bash","Intimidate","Flame Barrier+1","Cleave","Sword Boomerang","True Grit+1","Reaper","Armaments+1","Clash","Pummel"],"relics":["Burning Blood","Champion Belt","Golden Idol","HornCleat","Question Card","Pear","Eternal Feather"],"acts_visited":["Exordium"],"potions_floor_usage":[7,10,10,11],"damage_taken":[{"damage":4,"enemies":"Jaw Worm","floor":1,"turns":5},{"damage":4,"enemies":"Small Slimes","floor":3,"turns":4},{"damage":0,"enemies":"2 Louse","floor":4,"turns":2},{"damage":11,"enemies":"Blue Slaver","floor":5,"turns":5},{"damage":24,"enemies":"3 Sentries","floor":7,"turns":10},{"damage":12,"enemies":"Gremlin Nob","floor":10,"turns":4},{"damage":3,"enemies":"Red Slaver","floor":11,"turns":6},{"damage":2,"enemies":"Looter","floor":12,"turns":5},{"damage":27,"enemies":"3 Sentries","floor":14,"turns":9},{"damage":87,"enemies":"Hexaghost","floor":16,"turns":14}],"seed_played":"5219680525129182620","potions_obtained":[{"floor":1,"key":"DistilledChaos"},{"floor":3,"key":"PowerPotion"},{"floor":4,"key":"PowerPotion"},{"floor":10,"key":"EssenceOfSteel"}],"is_trial":false,"path_per_floor":["M","?","M","M","M","R","E","R","T","E","M","M","?","E","R","B"],"character_chosen":"IRONCLAD","items_purchased":[],"campfire_rested":0,"item_purchase_floors":[],"current_hp_per_floor":[74,54,56,62,57,57,39,39,39,43,50,58,88,69,81,0,0],"gold":167,"neow_bonus":"ONE_RARE_RELIC","is_daily":false,"chose_seed":false,"campfire_upgraded":3,"win_rate":0.0,"timestamp":1610984578,"path_taken":["M","?","M","M","M","R","E","R","T","E","M","M","?","E","R","BOSS"],"items_purchased_type":[],"build_version":"2020-12-22","purchased_purges":0,"victory":false,"max_hp_per_floor":[80,80,80,80,80,80,80,80,80,90,90,90,90,90,90,90,90],"card_choices":[{"not_picked":["Blood for Blood","Pommel Strike"],"picked":"Intimidate","floor":1},{"not_picked":["Shrug It Off","Combust"],"picked":"Flame Barrier","floor":3},{"not_picked":["Disarm","Iron Wave"],"picked":"Cleave","floor":4},{"not_picked":["Evolve","Warcry"],"picked":"Sword Boomerang","floor":5},{"not_picked":["Wild Strike","Headbutt"],"picked":"True Grit","floor":7},{"not_picked":["Body Slam","Shockwave","Havoc"],"picked":"Reaper","floor":10},{"not_picked":["Shrug It Off","Headbutt","Searing Blow"],"picked":"Armaments","floor":11},{"not_picked":["Shrug It Off","Perfected Strike","Inflame"],"picked":"Clash","floor":12},{"not_picked":["Anger","Power Through","Clash"],"picked":"Pummel","floor":14}],"player_experience":290980,"relics_obtained":[{"floor":7,"key":"HornCleat"},{"floor":9,"key":"Question Card"},{"floor":10,"key":"Pear"},{"floor":14,"key":"Eternal Feather"}],"event_choices":[{"damage_healed":0,"gold_gain":0,"player_choice":"Take Damage","damage_taken":20,"relics_obtained":["Golden Idol"],"max_hp_gain":0,"max_hp_loss":0,"event_name":"Golden Idol","floor":2,"gold_loss":0},{"damage_healed":30,"gold_gain":0,"player_choice":"Banana","damage_taken":0,"max_hp_gain":0,"max_hp_loss":0,"event_name":"Big Fish","floor":13,"gold_loss":0}],"is_beta":false,"boss_relics":[],"items_purged_floors":[],"is_endless":false,"potions_floor_spawned":[1,3,4,10],"killed_by":"Hexaghost","ascension_level":10}}