{"host":"ojme7g6xlqwffsso","time":1610950791,"event":{"mods":["BaseMod","Downfall","Lobotomy","Minty Spire (QoL Compilation)","StSLib"],"gold_per_floor":[116,133,144,28,46,75,88,88,88,88,101,112,112,112,112,112,112],"floor_reached":16,"language":"ENG","playtime":618,"items_purged":[],"score":104,"play_id":"ef8dc5e2-ac89-4011-aea1-6ef2a6e83274","local_time":"20210118151951","is_ascension_mode":false,"campfire_choices":[{"data":"Zap","floor":8,"key":"SMITH"},{"data":"Dualcast","floor":10,"key":"SMITH"},{"data":"White Noise","floor":15,"key":"SMITH"}],"circlet_count":0,"master_deck":["Strike_B","Strike_B","Strike_B","Strike_B","Defend_B","Defend_B","Defend_B","Defend_B","Zap+1","Dualcast+1","Storm","QueenOfHatred","White Noise+1","Scarecrow","LaLuna","Doom and Gloom","Sweeping Beam","Chill","Redo+1","CherryBlossoms","MeatLantern","ShyLook","Self Repair","Compile Driver","Wellcheers","LittlePrince","Compile Driver"],"relics":["Cracked Core","CogitoBucket","Anchor","BackwardClock","Golden Idol"],"acts_visited":["Exordium"],"potions_floor_usage":[],"damage_taken":[{"damage":1,"enemies":"Cultist","floor":1,"turns":4},{"damage":1,"enemies":"Jaw Worm","floor":2,"turns":4},{"damage":2,"enemies":"2 Louse","floor":3,"turns":2},{"damage":5,"enemies":"Blue Slaver","floor":5,"turns":3},{"damage":18,"enemies":"3 Sentries","floor":6,"turns":6},{"damage":20,"enemies":"Lots of Slimes","floor":7,"turns":3},{"damage":0,"enemies":"Large Slime","floor":11,"turns":5},{"damage":0,"enemies":"Gremlin Gang","floor":12,"turns":4},{"damage":80,"enemies":"Hexaghost","floor":16,"turns":9}],"seed_played":"3391496117342468312","potions_obtained":[{"floor":2,"key":"SpeedPotion"},{"floor":5,"key":"Explosive Potion"},{"floor":6,"key":"BlessingOfTheForge"},{"floor":7,"key":"Regen Potion"}],"is_trial":false,"path_per_floor":["M","M","M","$","M","E","M","R","T","R","M","M","?","?","R","B"],"character_chosen":"DEFECT","items_purchased":["Sweeping Beam","Chill"],"campfire_rested":0,"item_purchase_floors":[4,4],"current_hp_per_floor":[74,75,73,73,74,64,50,50,50,50,75,75,57,57,57,0,0],"gold":112,"neow_bonus":"","is_daily":false,"chose_seed":false,"campfire_upgraded":3,"win_rate":0.0,"timestamp":1610950791,"path_taken":["M","?","M","?","M","E","?","R","T","R","M","M","?","?","R","BOSS"],"items_purchased_type":["Card","Card"],"build_version":"2020-12-22","purchased_purges":0,"victory":false,"max_hp_per_floor":[75,75,75,75,75,75,75,75,75,75,75,75,75,75,75,75,75],"card_choices":[{"not_picked":["Cold Snap","Gash"],"picked":"Storm","floor":1},{"not_picked":["VoidDream","Wellcheers"],"picked":"QueenOfHatred","floor":1},{"not_picked":["Ball Lightning","Steam"],"picked":"White Noise","floor":2},{"not_picked":["Murderer","PunishingBird"],"picked":"Scarecrow","floor":2},{"not_picked":["RedShoes","VoidDream"],"picked":"LaLuna","floor":3},{"not_picked":["Stack","Auto Shields"],"picked":"Doom and Gloom","floor":3},{"not_picked":["Chill","Turbo"],"picked":"Redo","floor":5},{"not_picked":["Murderer","BlackSwan"],"picked":"CherryBlossoms","floor":5},{"not_picked":["LittleHelper","PunishingBird"],"picked":"MeatLantern","floor":6},{"not_picked":["Go for the Eyes","Beam Cell","Stack"],"picked":"SKIP","floor":6},{"not_picked":["Porccubus","OSAHOGD"],"picked":"ShyLook","floor":7},{"not_picked":["Blizzard","Chaos"],"picked":"Self Repair","floor":7},{"not_picked":["Rebound","Redo"],"picked":"Compile Driver","floor":11},{"not_picked":["WallGazer","Woodsman"],"picked":"Wellcheers","floor":11},{"not_picked":["BeautyBeast","Scorched"],"picked":"LittlePrince","floor":12},{"not_picked":["Stack","Sweeping Beam"],"picked":"Compile Driver","floor":12}],"player_experience":883804,"relics_obtained":[{"floor":6,"key":"Anchor"}],"event_choices":[{"damage_healed":0,"gold_gain":0,"player_choice":"Take Damage","damage_taken":18,"relics_obtained":["Golden Idol"],"max_hp_gain":0,"max_hp_loss":0,"event_name":"Golden Idol","floor":13,"gold_loss":0},{"damage_healed":0,"gold_gain":0,"player_choice":"Grow","damage_taken":0,"max_hp_gain":0,"max_hp_loss":0,"event_name":"Living Wall","floor":14,"gold_loss":0,"cards_upgraded":["Redo"]}],"is_beta":false,"boss_relics":[],"items_purged_floors":[],"is_endless":false,"potions_floor_spawned":[2,5,6,7,11],"killed_by":"Hexaghost","ascension_level":0}}