{"host":"1ekl8hlbnopmdapi","time":1610941988,"event":{"mods":["AchievementEnabler","BaseMod","Colored Map","Colored Powertips","DeckTracker","Googly Eyes","Highlight Path","Minty Spire (QoL Compilation)","Relic Sorter","StSLib","Synergy Search"],"gold_per_floor":[15,15,15,29,48,79,79,79,79,79,112,112,122,122,122,122,122],"floor_reached":16,"language":"ENG","playtime":422,"items_purged":[],"score":135,"play_id":"98e32164-36ca-40bd-a59e-8cf39e6062d2","local_time":"20210117225308","is_ascension_mode":true,"campfire_choices":[{"floor":8,"key":"REST"},{"floor":10,"key":"RECALL"},{"floor":12,"key":"REST"},{"data":"Neutralize","floor":15,"key":"SMITH"}],"circlet_count":0,"master_deck":["Strike_G","Strike_G","Strike_G","Strike_G","Strike_G","Defend_G","Defend_G","Defend_G","Defend_G","Defend_G","Survivor","Neutralize+1","Cloak And Dagger+1","Flying Knee","Prepared","Escape Plan","Dagger Throw","Dodge and Roll"],"relics":["Ring of the Snake","Eternal Feather","Pantograph","Bottled Lightning"],"acts_visited":["Exordium"],"potions_floor_usage":[6,11,13],"damage_taken":[{"damage":0,"enemies":"2 Louse","floor":1,"turns":5},{"damage":0,"enemies":"Cultist","floor":4,"turns":4},{"damage":0,"enemies":"Jaw Worm","floor":5,"turns":4},{"damage":59,"enemies":"3 Sentries","floor":6,"turns":12},{"damage":47,"enemies":"Gremlin Nob","floor":11,"turns":5},{"damage":0,"enemies":"Large Slime","floor":13,"turns":6},{"damage":23,"enemies":"Hexaghost","floor":16,"turns":5}],"seed_played":"-1021350114231607039","potions_obtained":[{"floor":2,"key":"ColorlessPotion"},{"floor":2,"key":"Swift Potion"},{"floor":2,"key":"SpeedPotion"},{"floor":6,"key":"Explosive Potion"},{"floor":11,"key":"SteroidPotion"}],"is_trial":false,"path_per_floor":["M","?","$","M","M","E","$","R","T","R","E","R","M","?","R","B"],"character_chosen":"THE_SILENT","items_purchased":[],"campfire_rested":2,"item_purchase_floors":[],"current_hp_per_floor":[84,84,84,84,84,25,25,59,59,68,21,55,55,55,64,61,61],"gold":122,"neow_bonus":"TWENTY_PERCENT_HP_BONUS","is_daily":false,"chose_seed":false,"campfire_upgraded":1,"win_rate":0.0,"timestamp":1610941988,"path_taken":["M","?","$","M","M","E","$","R","T","R","E","R","?","?","R","BOSS"],"items_purchased_type":[],"build_version":"2020-12-22","purchased_purges":0,"victory":false,"max_hp_per_floor":[84,84,84,84,84,84,84,84,84,84,84,84,84,84,84,84,84],"card_choices":[{"not_picked":["Acrobatics","PiercingWail"],"picked":"Cloak And Dagger","floor":1},{"not_picked":["Skewer","Dagger Spray"],"picked":"Flying Knee","floor":4},{"not_picked":["Concentrate","Terror"],"picked":"Prepared","floor":5},{"not_picked":["Eviscerate","Caltrops"],"picked":"Escape Plan","floor":6},{"not_picked":["Underhanded Strike","Riddle With Holes"],"picked":"Dagger Throw","floor":11},{"not_picked":["Dash","Eviscerate"],"picked":"Dodge and Roll","floor":13}],"player_experience":463052,"relics_obtained":[{"floor":6,"key":"Eternal Feather"},{"floor":9,"key":"Pantograph"},{"floor":11,"key":"Bottled Lightning"}],"event_choices":[{"damage_healed":0,"gold_gain":0,"player_choice":"Got Potions","damage_taken":0,"max_hp_gain":0,"max_hp_loss":0,"event_name":"Lab","floor":2,"gold_loss":0},{"damage_healed":0,"gold_gain":0,"player_choice":"Grow","damage_taken":0,"max_hp_gain":0,"max_hp_loss":0,"event_name":"Living Wall","floor":14,"gold_loss":0,"cards_upgraded":["Cloak And Dagger"]}],"is_beta":false,"boss_relics":[],"items_purged_floors":[],"is_endless":false,"potions_floor_spawned":[6,11],"killed_by":"Hexaghost","ascension_level":5}}