{"host":"umf0ngzuq79hrzri","time":1610949273,"event":{"mods":["100% Spire Juice","Ascension Reborn","BaseMod","Downfall","Minty Spire (QoL Compilation)","StSLib","The Cursed","The Disciple","The Necromancer","The Servant 0.9.4"],"gold_per_floor":[99,110,110,110,110,110,110,121,121,132,145,157,157,20,31,135,135,135,135,154,170,185,185,185,85,97,108,108,25,39,73,85,85],"floor_reached":32,"language":"ENG","playtime":3282,"items_purged":["Slimebound:Defend_Slimebound"],"score":279,"play_id":"2f5af84d-b6cd-41f8-91c9-79d416185f85","local_time":"20210118005433","is_ascension_mode":true,"campfire_choices":[{"data":"Slimebound:CorrosiveSpit","floor":1,"key":"SMITH"},{"floor":9,"key":"RECALL"},{"data":"Slimebound:PrepareCrush","floor":18,"key":"SMITH"},{"floor":25,"key":"REST"}],"circlet_count":0,"master_deck":["Slimebound:Strike_Slimebound","Slimebound:Strike_Slimebound","Slimebound:Tackle+1","Slimebound:Defend_Slimebound+1","Slimebound:Defend_Slimebound","Slimebound:Defend_Slimebound","Slimebound:Split","Slimebound:CorrosiveSpit+1","Slimebound:FinishingTackle","Slimebound:SplitLeeching","Slimebound:FinishingTackle","Slimebound:Nibble","Slimebound:Chomp","Slimebound:GrowthPunch+1","downfall:Malfunctioning","Slimebound:RainOfGoop","Slimebound:SlimeSpikes","Slimebound:DouseInSlime","Slimebound:PrepareCrush+1","Writhe","Slimebound:ViciousTackle","Slimebound:SlimeSpikes","Slimebound:Prepare+1","Slimebound:Repurpose+1","Slimebound:MassFeed","Slimebound:Dissolve","Slimebound:RallyTheTroops"],"relics":["Slimebound:AbsorbEndCombat","bronze:MakeshiftBattery","Anchor","Enchiridion","Happy Flower","downfall:HeartBlessingBlue","MawBank"],"acts_visited":["Exordium","TheCity"],"potions_floor_usage":[16,16,31],"damage_taken":[{"damage":4,"enemies":"Small Slimes","floor":2,"turns":3},{"damage":0,"enemies":"Cultist","floor":5,"turns":1},{"damage":3,"enemies":"2 Louse","floor":8,"turns":4},{"damage":4,"enemies":"Blue Slaver","floor":10,"turns":4},{"damage":2,"enemies":"Large Slime","floor":11,"turns":5},{"damage":5,"enemies":"Blue Slaver","floor":12,"turns":2},{"damage":2,"enemies":"downfall:FleeingMerchant","floor":14,"turns":4},{"damage":28,"enemies":"Exordium Wildlife","floor":15,"turns":4},{"damage":33,"enemies":"WA_ARCHETYPE_RETAIN","floor":16,"turns":5},{"damage":17,"enemies":"3 Byrds","floor":20,"turns":5},{"damage":7,"enemies":"Centurion and Healer","floor":21,"turns":4},{"damage":9,"enemies":"Cultist and Chosen","floor":22,"turns":5},{"damage":14,"enemies":"3 Cultists","floor":26,"turns":5},{"damage":19,"enemies":"Centurion and Healer","floor":27,"turns":6},{"damage":11,"enemies":"downfall:FleeingMerchant","floor":29,"turns":4},{"damage":27,"enemies":"Cultist and Chosen","floor":30,"turns":5},{"damage":11,"enemies":"Gremlin Leader","floor":31,"turns":5},{"damage":5,"enemies":"3 Cultists","floor":32,"turns":2}],"seed_played":"488870423479464112","potions_obtained":[{"floor":2,"key":"CultistPotion"},{"floor":11,"key":"DistilledChaos"},{"floor":15,"key":"Slimebound:SlimyTonguePotion"},{"floor":22,"key":"SkillPotion"},{"floor":27,"key":"ColorlessPotion"},{"floor":31,"key":"FearPotion"}],"is_trial":false,"path_per_floor":["R","M","?","?","M","?","T","M","R","M","M","M","?","$","M","B",null,"R","?","M","M","M","?","T","R","M","M","?","$","M","E","M"],"character_chosen":"SLIMEBOUND","items_purchased":["Slimebound:SlimeSpikes","Slimebound:MassFeed"],"campfire_rested":1,"item_purchase_floors":[14,29],"current_hp_per_floor":[71,68,68,68,68,68,68,66,66,63,63,59,59,59,34,6,71,71,71,57,53,48,32,32,66,57,43,43,35,12,5,0,0,0],"gold":85,"neow_bonus":"TEN_PERCENT_HP_BONUS","is_daily":false,"chose_seed":false,"campfire_upgraded":2,"win_rate":0.0,"timestamp":1610949273,"path_taken":["R","M","?","?","?","?","T","M","R","M","M","M","?","?","M","BOSS","R","?","M","M","M","?","T","R","M","M","?","?","M","E","M"],"items_purchased_type":["Card","Card"],"build_version":"2020-12-22","purchased_purges":1,"victory":false,"max_hp_per_floor":[71,71,71,71,71,71,71,71,71,71,71,71,71,71,71,71,71,71,71,71,71,71,71,71,81,81,81,81,81,81,81,81,81,81],"card_choices":[{"not_picked":["Slimebound:ViciousTackle","Slimebound:SlimeSpikes"],"picked":"Slimebound:FinishingTackle","floor":2},{"not_picked":["Slimebound:Chomp","Slimebound:SplitBruiser"],"picked":"Slimebound:SplitLeeching","floor":5},{"not_picked":["Slimebound:GrowthPunch","Slimebound:BestDefense"],"picked":"Slimebound:FinishingTackle","floor":8},{"not_picked":["Slimebound:SplitAcid","Slimebound:GoopSpray"],"picked":"Slimebound:Nibble","floor":10},{"not_picked":["Slimebound:SamplingLick","Slimebound:TongueLash"],"picked":"Slimebound:Chomp","floor":11},{"not_picked":["Slimebound:LeechingTouch","Slimebound:AcidTongue"],"picked":"Slimebound:GrowthPunch","floor":12},{"not_picked":["Slimebound:SplitAcid","Slimebound:DisruptingSlam"],"picked":"Slimebound:RainOfGoop","floor":14},{"not_picked":["Slimebound:Equalize","Slimebound:LivingWall"],"picked":"Slimebound:DouseInSlime","floor":15},{"not_picked":["Slimebound:DouseInSlime","Slimebound:Overexert"],"picked":"Slimebound:PrepareCrush","floor":16},{"not_picked":["Slimebound:ForwardTackle+1","Slimebound:SplitLeeching"],"picked":"Slimebound:ViciousTackle","floor":20},{"not_picked":["Slimebound:LeechingTouch","Slimebound:PressTheAttack"],"picked":"Slimebound:SlimeSpikes","floor":21},{"not_picked":["Slimebound:Grow+1","Slimebound:SlimeSpikes","Slimebound:SplitMire"],"picked":"SKIP","floor":22},{"not_picked":["Slimebound:SlimeSpikes","Slimebound:LivingWall+1"],"picked":"Slimebound:Prepare+1","floor":26},{"not_picked":["Slimebound:RainOfGoop","Slimebound:RollThrough","Slimebound:SamplingLick"],"picked":"SKIP","floor":27},{"not_picked":["Slimebound:ComboTackle","Slimebound:ForwardTackle"],"picked":"Slimebound:Repurpose+1","floor":29},{"not_picked":["Slimebound:Gluttony","Slimebound:Prepare"],"picked":"Slimebound:Dissolve","floor":30},{"not_picked":["Slimebound:LevelUp+1","Slimebound:GoopTackle"],"picked":"Slimebound:RallyTheTroops","floor":31}],"player_experience":62941,"relics_obtained":[{"floor":23,"key":"Enchiridion"},{"floor":24,"key":"Happy Flower"},{"floor":31,"key":"MawBank"}],"event_choices":[{"damage_healed":0,"gold_gain":0,"player_choice":"Ignored","damage_taken":0,"max_hp_gain":0,"max_hp_loss":0,"event_name":"NoteForYourself","floor":4,"gold_loss":0},{"cards_removed":["Slimebound:Strike_Slimebound"],"damage_healed":0,"gold_gain":0,"player_choice":"Forget","damage_taken":0,"max_hp_gain":0,"max_hp_loss":0,"event_name":"Living Wall","floor":6,"gold_loss":0}],"is_beta":false,"boss_relics":[{"not_picked":["Fusion Hammer","SacredBark"],"picked":"bronze:MakeshiftBattery"}],"items_purged_floors":[14],"is_endless":false,"potions_floor_spawned":[2,11,15,22,27,31],"killed_by":"3 Cultists","ascension_level":0}}