{"host":"3h5qf14xt40jhha0","time":1610940058,"event":{"mods":["AlwaysNeverKeys","BaseMod","Colored Powertips","Minty Spire (QoL Compilation)","Permanent Neow","Relic Stats","StSLib"],"gold_per_floor":[114,114,134,134,134,160,178,178,178,188,205,218,245,260,260,337,337,353,12,25,44,44,71,71,102,178,178,228,257,274,285,285,363,363,377,377,395,214,214,214,243,257,330,345,362,393,410,444,444,444,444,444],"floor_reached":51,"language":"ENG","playtime":3149,"items_purged":["Defend_G","Defend_G"],"score":1597,"play_id":"2d86fd62-6fc6-4e92-9eaf-ac369b62d564","local_time":"20210117222058","is_ascension_mode":true,"campfire_choices":[{"floor":8,"key":"REST"},{"data":"Cloak And Dagger","floor":15,"key":"SMITH"},{"data":"Cloak And Dagger","floor":27,"key":"SMITH"},{"data":"Terror","floor":32,"key":"SMITH"},{"data":"Bullet Time","floor":40,"key":"SMITH"},{"floor":49,"key":"RECALL"}],"circlet_count":0,"master_deck":["AscendersBane","Strike_G+1","Defend_G","Defend_G","Defend_G","Survivor","Neutralize+1","Endless Agony","Dagger Throw","After Image","Infinite Blades","Terror+1","Cloak And Dagger+1","Cloak And Dagger+1","Corpse Explosion","Slice","Venomology","Dash+1","Acrobatics+1","Sucker Punch+1","Prepared+1","Cloak And Dagger+1","Calculated Gamble","Deflect","Bullet Time+1","Cloak And Dagger+1","Accuracy","Accuracy","PiercingWail","PiercingWail","Crippling Poison","Tactician+1"],"relics":["WristBlade","Torii","Sundial","Strawberry","Astrolabe","Gremlin Horn","Pantograph","Letter Opener","Meat on the Bone","Incense Burner","HoveringKite","Mummified Hand","Bronze Scales","Ninja Scroll"],"acts_visited":["Exordium","TheCity","TheBeyond"],"potions_floor_usage":[11,13,18,20,21,23,23,25,25,29,31,33,33,33,35,37,41,42,44,44,45,46,46,47,48,50,50,50,51,51],"damage_taken":[{"damage":0,"enemies":"Cultist","floor":1,"turns":4},{"damage":0,"enemies":"Jaw Worm","floor":3,"turns":4},{"damage":30,"enemies":"3 Sentries","floor":6,"turns":13},{"damage":0,"enemies":"Small Slimes","floor":7,"turns":4},{"damage":1,"enemies":"Blue Slaver","floor":10,"turns":4},{"damage":1,"enemies":"Exordium Thugs","floor":11,"turns":5},{"damage":0,"enemies":"Lots of Slimes","floor":12,"turns":9},{"damage":0,"enemies":"Lagavulin","floor":13,"turns":5},{"damage":2,"enemies":"3 Louse","floor":14,"turns":4},{"damage":1,"enemies":"Hexaghost","floor":16,"turns":7},{"damage":0,"enemies":"3 Byrds","floor":18,"turns":2},{"damage":4,"enemies":"Shell Parasite","floor":20,"turns":4},{"damage":23,"enemies":"Shelled Parasite and Fungi","floor":21,"turns":5},{"damage":9,"enemies":"Gremlin Leader","floor":23,"turns":6},{"damage":12,"enemies":"Slavers","floor":25,"turns":3},{"damage":11,"enemies":"Book of Stabbing","floor":29,"turns":4},{"damage":7,"enemies":"Snake Plant","floor":30,"turns":4},{"damage":1,"enemies":"Snecko","floor":31,"turns":4},{"damage":26,"enemies":"Collector","floor":33,"turns":7},{"damage":0,"enemies":"3 Shapes","floor":35,"turns":4},{"damage":47,"enemies":"3 Darklings","floor":37,"turns":4},{"damage":20,"enemies":"Nemesis","floor":41,"turns":6},{"damage":0,"enemies":"4 Shapes","floor":42,"turns":4},{"damage":6,"enemies":"Maw","floor":44,"turns":6},{"damage":1,"enemies":"Writhing Mass","floor":45,"turns":5},{"damage":25,"enemies":"Giant Head","floor":46,"turns":6},{"damage":1,"enemies":"Transient","floor":47,"turns":6},{"damage":3,"enemies":"Nemesis","floor":48,"turns":5},{"damage":61,"enemies":"Donu and Deca","floor":50,"turns":9},{"damage":45,"enemies":"Time Eater","floor":51,"turns":10}],"seed_played":"-1561868661115825998","potions_obtained":[{"floor":6,"key":"Swift Potion"},{"floor":7,"key":"DuplicationPotion"},{"floor":12,"key":"ColorlessPotion"},{"floor":16,"key":"LiquidMemories"},{"floor":21,"key":"SpeedPotion"},{"floor":25,"key":"CunningPotion"},{"floor":37,"key":"Fire Potion"},{"floor":45,"key":"CunningPotion"},{"floor":47,"key":"Weak Potion"}],"is_trial":false,"path_per_floor":["M","?","M","?","?","E","M","R","T","M","M","M","E","M","R","B",null,"M","$","M","M","?","E","$","E","T","R","?","E","M","M","R","B",null,"M","?","M","$","?","R","E","M","T","M","M","E","M","E","R","B","B"],"character_chosen":"THE_SILENT","items_purchased":["Gremlin Horn","Accuracy"],"campfire_rested":1,"item_purchase_floors":[19,38],"current_hp_per_floor":[59,64,64,43,43,13,13,34,34,33,32,32,39,37,37,36,68,68,68,64,41,35,26,26,14,14,14,14,15,20,31,31,42,69,69,69,34,34,34,34,26,38,38,44,57,44,43,40,40,16,0,0],"gold":444,"neow_bonus":"BOSS_RELIC","is_daily":false,"chose_seed":false,"campfire_upgraded":4,"win_rate":0.0,"timestamp":1610940058,"path_taken":["M","?","M","?","?","E","M","R","T","M","M","M","E","M","R","BOSS","M","$","M","M","?","E","?","E","T","R","?","E","?","M","R","BOSS","M","?","M","$","?","R","E","M","T","M","M","E","M","E","R","BOSS","BOSS"],"items_purchased_type":["Relic","Card"],"build_version":"2020-12-22","purchased_purges":2,"victory":false,"max_hp_per_floor":[66,71,71,71,71,71,71,71,71,71,71,71,78,78,78,78,78,78,78,78,78,78,78,78,78,78,78,78,78,78,78,78,78,78,78,74,74,74,74,74,74,74,74,74,74,74,74,74,74,74,74,74],"relic_stats":{"Torii":57,"Gremlin Horn":[13,17],"counters":[30,163],"Sundial":[16],"Mummified Hand":[26],"Astrolabe":["Dash","Acrobatics","Sucker Punch"],"Pantograph":75,"Bronze Scales":[105],"HoveringKite":[31],"Letter Opener":[261],"obtain_stats":[{"Torii":6,"Gremlin Horn":19,"Astrolabe":17,"HoveringKite":34,"Incense Burner":29,"Letter Opener":25,"WristBlade":0,"Sundial":9,"Mummified Hand":41,"Ninja Scroll":48,"Strawberry":13,"Pantograph":23,"Bronze Scales":46,"Ring of the Snake":0,"Meat on the Bone":26},{"Torii":3,"Gremlin Horn":11,"Astrolabe":10,"HoveringKite":19,"Incense Burner":16,"Letter Opener":15,"WristBlade":0,"Sundial":4,"Mummified Hand":22,"Ninja Scroll":28,"Strawberry":8,"Pantograph":14,"Bronze Scales":26,"Ring of the Snake":0,"Meat on the Bone":15},{"Torii":21,"Gremlin Horn":61,"Astrolabe":59,"HoveringKite":98,"Incense Burner":83,"Letter Opener":79,"WristBlade":0,"Sundial":25,"Mummified Hand":112,"Ninja Scroll":144,"Strawberry":48,"Pantograph":76,"Bronze Scales":133,"Ring of the Snake":0,"Meat on the Bone":79}],"Meat on the Bone":120},"card_choices":[{"not_picked":["Prepared","Setup"],"picked":"Endless Agony","floor":1},{"not_picked":["Acrobatics","Sucker Punch"],"picked":"Dagger Throw","floor":3},{"not_picked":["Envenom","Flying Knee"],"picked":"Infinite Blades","floor":6},{"not_picked":["Dodge and Roll","Accuracy"],"picked":"Terror","floor":7},{"not_picked":["Underhanded Strike","Sucker Punch"],"picked":"Cloak And Dagger","floor":10},{"not_picked":["Poisoned Stab","Dagger Spray"],"picked":"Cloak And Dagger","floor":11},{"not_picked":["Poisoned Stab","Well Laid Plans","Prepared"],"picked":"SKIP","floor":12},{"not_picked":["Footwork","Dagger Spray"],"picked":"Corpse Explosion","floor":13},{"not_picked":["Underhanded Strike","Prepared"],"picked":"Slice","floor":14},{"not_picked":["A Thousand Cuts","Storm of Steel"],"picked":"Venomology","floor":16},{"not_picked":["Dagger Throw","Flechettes","Dash"],"picked":"SKIP","floor":18},{"not_picked":["Expertise","Sucker Punch"],"picked":"Prepared+1","floor":20},{"not_picked":["Eviscerate","Dagger Throw+1","Underhanded Strike"],"picked":"SKIP","floor":21},{"not_picked":["Dagger Throw","Dagger Spray","Outmaneuver"],"picked":"SKIP","floor":23},{"not_picked":["Reflex","Quick Slash"],"picked":"Cloak And Dagger","floor":25},{"not_picked":["Tools of the Trade","Caltrops","PiercingWail+1"],"picked":"SKIP","floor":29},{"not_picked":["Underhanded Strike","Heel Hook+1"],"picked":"Calculated Gamble","floor":30},{"not_picked":["Sucker Punch","Prepared+1"],"picked":"Deflect","floor":31},{"not_picked":["Wraith Form v2","Storm of Steel"],"picked":"Bullet Time","floor":33},{"not_picked":["Bouncing Flask+1","Skewer","Crippling Poison"],"picked":"SKIP","floor":35},{"not_picked":["Calculated Gamble","Bouncing Flask+1"],"picked":"Cloak And Dagger+1","floor":37},{"not_picked":["Quick Slash","Slice+1","Bane"],"picked":"SKIP","floor":41},{"not_picked":["Sucker Punch+1","Backflip"],"picked":"Accuracy","floor":42},{"not_picked":["Skewer","Caltrops"],"picked":"PiercingWail","floor":44},{"not_picked":["All Out Attack","Riddle With Holes+1"],"picked":"PiercingWail","floor":45},{"not_picked":["Choke","Expertise+1","Blur"],"picked":"SKIP","floor":46},{"not_picked":["Terror","Bane"],"picked":"Crippling Poison","floor":47},{"not_picked":["Tools of the Trade","Prepared"],"picked":"Tactician+1","floor":48}],"player_experience":1350395,"relics_obtained":[{"floor":6,"key":"Torii"},{"floor":9,"key":"Sundial"},{"floor":13,"key":"Strawberry"},{"floor":23,"key":"Pantograph"},{"floor":25,"key":"Letter Opener"},{"floor":26,"key":"Meat on the Bone"},{"floor":29,"key":"Incense Burner"},{"floor":41,"key":"Mummified Hand"},{"floor":46,"key":"Bronze Scales"},{"floor":48,"key":"Ninja Scroll"}],"event_choices":[{"damage_healed":0,"gold_gain":0,"player_choice":"Donut","damage_taken":0,"max_hp_gain":5,"max_hp_loss":0,"event_name":"Big Fish","floor":2,"gold_loss":0},{"damage_healed":0,"gold_gain":0,"player_choice":"Entered Light","damage_taken":21,"max_hp_gain":0,"max_hp_loss":0,"event_name":"Shining Light","floor":4,"gold_loss":0,"cards_upgraded":["Strike_G","Neutralize"]},{"damage_healed":0,"gold_gain":0,"cards_transformed":["Strike_G"],"player_choice":"Change","damage_taken":0,"max_hp_gain":0,"max_hp_loss":0,"event_name":"Living Wall","floor":5,"gold_loss":0,"cards_obtained":["After Image"]},{"damage_healed":0,"gold_gain":0,"player_choice":"","damage_taken":6,"max_hp_gain":0,"max_hp_loss":0,"event_name":"Knowing Skull","floor":22,"potions_obtained":[],"gold_loss":0,"cards_obtained":[]},{"damage_healed":0,"gold_gain":50,"player_choice":"Pray","damage_taken":0,"max_hp_gain":0,"max_hp_loss":0,"event_name":"Golden Shrine","floor":28,"gold_loss":0},{"damage_healed":0,"gold_gain":0,"player_choice":"Max HP","damage_taken":0,"max_hp_gain":0,"max_hp_loss":4,"event_name":"Winding Halls","floor":36,"gold_loss":0},{"damage_healed":0,"gold_gain":0,"player_choice":"Forge","damage_taken":0,"max_hp_gain":0,"max_hp_loss":0,"event_name":"Accursed Blacksmith","floor":39,"gold_loss":0,"cards_upgraded":["Cloak And Dagger"]}],"is_beta":false,"boss_relics":[{"not_picked":["Velvet Choker","Tiny House"],"picked":"Astrolabe"},{"not_picked":["Empty Cage","Pandora\u0027s Box"],"picked":"HoveringKite"}],"items_purged_floors":[19,38],"is_endless":false,"potions_floor_spawned":[6,7,12,16,18,21,25,31,37,41,45,47,48],"killed_by":"Time Eater","ascension_level":20}}