{"host":"t7jgtrkwjlvtnfk1","time":1610993257,"event":{"mods":["2.2 Compatiblity","Arknights The Spire","Astrologer","BaseMod","CapriCore","Colored Map","Downfall","GungeonMod","Hermit","KOR Keyword Fix","Koishi","Lobotomy","Marisa£¨Ùöéë¡¡Øª×âÞÞ£©","Minty Spire (QoL Compilation)","Prisma Mod","Quick Restart","Rare Cards Sparkle","Replay The Spire","StSLib","Td1madao Mod","The Bug Knight","The Cursed","The Gatherer","The Immortal","The Jungle","The Necromancer","The Runesmith","WarShipGirlsR/??á´Ò³R mod"],"gold_per_floor":[111,134,134,146,161,161,141,174,197,197,209,209,224,236,236,236,236],"floor_reached":16,"language":"KOR","playtime":1218,"items_purged":[],"score":102,"play_id":"c1321c35-757b-4d26-bc5b-6a8c6e5c346f","local_time":"20210119030737","is_ascension_mode":false,"campfire_choices":[{"data":"PrismaMod:IllyaCheapAttack","floor":6,"key":"SMITH"},{"floor":10,"key":"REST"},{"floor":12,"key":"REST"},{"floor":15,"key":"REST"}],"circlet_count":0,"master_deck":["PrismaMod:IllyaCommonAttack","PrismaMod:IllyaCommonDefend","PrismaMod:IllyaCommonAttack","PrismaMod:IllyaCommonDefend","PrismaMod:IllyaCommonAttack","PrismaMod:IllyaCommonDefend","PrismaMod:IllyaCommonAttack","PrismaMod:IllyaCommonDefend","PrismaMod:IllyaCommonAttack","PrismaMod:IllyaCommonDefend+1","PrismaMod:IllyaUncommonAttack","PrismaMod:IllyaUncommonDefend","PrismaMod:IllyaGrail","Looming Evil","expansioncontent:Sear","PrismaMod:IllyaCheapAttack+1","PrismaMod:IllyaUncommonAOEAttack","PrismaMod:IllyaMinorReinForce","PrismaMod:IllyaPoisonBomb","PrismaMod:IllyaUberPoisonChannel","PrismaMod:IllyaStunPoison","PrismaMod:IllyaUberChannel","PrismaMod:IllyaAlice","PrismaMod:IllyaStunPoison"],"relics":["PrismaMod:PrismaRuby","Replay:Wax Seal","Bag of Marbles","Dream Catcher"],"acts_visited":["Exordium"],"potions_floor_usage":[8],"damage_taken":[{"damage":6,"enemies":"Cultist","floor":1,"turns":3},{"damage":0,"enemies":"Small Slimes","floor":4,"turns":2},{"damage":4,"enemies":"2 Louse","floor":5,"turns":2},{"damage":20,"enemies":"Lagavulin","floor":8,"turns":5},{"damage":0,"enemies":"Lots of Slimes","floor":11,"turns":2},{"damage":16,"enemies":"Exordium Wildlife","floor":13,"turns":4},{"damage":7,"enemies":"3 Louse","floor":14,"turns":2},{"damage":90,"enemies":"Fading Forest","floor":16,"turns":9}],"seed_played":"5754011904649602974","potions_obtained":[{"floor":1,"key":"AttackPotion"},{"floor":4,"key":"BlessingOfTheForge"},{"floor":7,"key":"ColorlessPotion"},{"floor":8,"key":"Swift Potion"},{"floor":14,"key":"DuplicationPotion"}],"is_trial":false,"path_per_floor":["M","T","?","M","M","R","?","E","T","R","M","R","M","M","R","B"],"character_chosen":"ILLYA","items_purchased":[],"campfire_rested":3,"item_purchase_floors":[],"current_hp_per_floor":[69,69,69,69,65,65,65,48,48,70,70,75,59,52,74,0,0],"gold":236,"neow_bonus":"RANDOM_EVENT","is_daily":false,"chose_seed":false,"campfire_upgraded":1,"win_rate":0.0,"timestamp":1610993257,"path_taken":["M","?","?","?","M","R","?","E","T","R","M","R","M","?","R","BOSS"],"items_purchased_type":[],"build_version":"2020-12-22","purchased_purges":0,"victory":false,"max_hp_per_floor":[75,75,75,75,75,75,75,75,75,75,75,75,75,75,75,75,75],"card_choices":[{"not_picked":["PrismaMod:IllyaPoisonBomb","PrismaMod:IllyaAOECommonAttack"],"picked":"PrismaMod:IllyaGrail","floor":1},{"not_picked":["PrismaMod:IllyaDualEvoke","PrismaMod:IllyaAssassinRevenge"],"picked":"PrismaMod:IllyaCheapAttack","floor":4},{"not_picked":["PrismaMod:IllyaUpgradeOrbs","PrismaMod:IllyaGrailKun"],"picked":"PrismaMod:IllyaUncommonAOEAttack","floor":5},{"not_picked":["PrismaMod:IllyaGrailKun","PrismaMod:IllyaAlice"],"picked":"PrismaMod:IllyaMinorReinForce","floor":8},{"not_picked":["PrismaMod:IllyaGun","PrismaMod:IllyaBlindPoisonToss"],"picked":"PrismaMod:IllyaPoisonBomb","floor":10},{"not_picked":["PrismaMod:IllyaReinForce","PrismaMod:IllyaAOECommonAttack"],"picked":"PrismaMod:IllyaUberPoisonChannel","floor":11},{"not_picked":["PrismaMod:IllyaAssassinRevenge","PrismaMod:IllyaUncommonEvoke"],"picked":"PrismaMod:IllyaStunPoison","floor":12},{"not_picked":["PrismaMod:IllyaUncommonDefend","PrismaMod:IllyaGun"],"picked":"PrismaMod:IllyaUberChannel","floor":13},{"not_picked":["PrismaMod:IllyaEvokeAll","PrismaMod:IllyaGrail"],"picked":"PrismaMod:IllyaAlice","floor":14},{"not_picked":["PrismaMod:IllyaMinorReinForce","PrismaMod:IllyaRussianRoulette"],"picked":"PrismaMod:IllyaStunPoison","floor":15}],"player_experience":11693,"relics_obtained":[{"floor":2,"key":"Replay:Wax Seal"},{"floor":8,"key":"Bag of Marbles"},{"floor":9,"key":"Dream Catcher"}],"event_choices":[{"damage_healed":0,"gold_gain":0,"player_choice":"2 cards matched","damage_taken":0,"max_hp_gain":0,"max_hp_loss":0,"event_name":"Match and Keep!","floor":3,"gold_loss":0,"cards_obtained":["Looming Evil","expansioncontent:Sear"]},{"damage_healed":0,"gold_gain":0,"player_choice":"Bought 1 Potion","damage_taken":0,"max_hp_gain":0,"max_hp_loss":0,"event_name":"The Woman in Blue","floor":7,"gold_loss":0}],"is_beta":false,"boss_relics":[],"items_purged_floors":[],"is_endless":false,"potions_floor_spawned":[1,4,8,14],"killed_by":"Fading Forest","ascension_level":0}}