{"host":"6eo4thp7fob519hm","time":1610979803,"event":{"mods":["BaseMod","Block Reminder","Colored Map","Colored Powertips","DeckTracker","Googly Eyes","Highlight Path","Minty Spire (QoL Compilation)","Quick Restart"],"gold_per_floor":[118,68,68,82,102,102,132,132,132,152,172,172,182,25,25,130,130,143,107,120,120,134,168,83,83,108,108,108,108,126,161,161,259,259,278,291,144,163,179,179,179,205,259,259,259,259],"floor_reached":45,"language":"ENG","playtime":2629,"items_purged":[],"score":508,"play_id":"e32f555e-b7f5-41d1-bf28-777a93d15ab6","local_time":"20210118195323","is_ascension_mode":false,"campfire_choices":[{"data":"Uppercut","floor":6,"key":"SMITH"},{"floor":8,"key":"REST"},{"floor":15,"key":"REST"},{"floor":25,"key":"REST"},{"floor":27,"key":"REST"},{"floor":32,"key":"REST"},{"floor":40,"key":"REST"},{"floor":44,"key":"REST"}],"circlet_count":0,"master_deck":["Bash+1","CurseOfTheBell","Heavy Blade","Cleave","Uppercut+1","Headbutt","Dual Wield","Spot Weakness","Flex","Offering","Flex","Intimidate","Spot Weakness","Flex","Demon Form","Necronomicurse","Bloodletting+1","Flex+1","Offering+1","Pommel Strike","Shockwave+1","Disarm+1","Burning Pact+1","Hemokinesis","Pommel Strike","Dual Wield+1","Feed","Rage+1","Chrysalis+1"],"relics":["Calling Bell","Boot","White Beast Statue","Ice Cream","Pocketwatch","Prayer Wheel","Nunchaku","Fusion Hammer","Toxic Egg 2","Sundial","Bronze Scales","Art of War","Necronomicon","Potion Belt","Pandora\u0027s Box","ClockworkSouvenir","InkBottle","Ancient Tea Set"],"acts_visited":["Exordium","TheCity","TheBeyond"],"potions_floor_usage":[7,7,11,16,16,16,22,23,31,33,35,38,42],"damage_taken":[{"damage":1,"enemies":"Cultist","floor":1,"turns":3},{"damage":5,"enemies":"Small Slimes","floor":4,"turns":3},{"damage":7,"enemies":"2 Louse","floor":5,"turns":2},{"damage":22,"enemies":"3 Sentries","floor":7,"turns":6},{"damage":8,"enemies":"Lots of Slimes","floor":10,"turns":3},{"damage":6,"enemies":"Exordium Wildlife","floor":11,"turns":2},{"damage":8,"enemies":"Large Slime","floor":13,"turns":4},{"damage":54,"enemies":"The Guardian","floor":16,"turns":8},{"damage":16,"enemies":"Chosen","floor":18,"turns":3},{"damage":24,"enemies":"2 Thieves","floor":20,"turns":3},{"damage":6,"enemies":"Shelled Parasite and Fungi","floor":22,"turns":2},{"damage":21,"enemies":"Gremlin Leader","floor":23,"turns":4},{"damage":5,"enemies":"Chosen and Byrds","floor":30,"turns":3},{"damage":51,"enemies":"Slavers","floor":31,"turns":5},{"damage":16,"enemies":"Champ","floor":33,"turns":5},{"damage":28,"enemies":"3 Darklings","floor":35,"turns":3},{"damage":18,"enemies":"Orb Walker","floor":36,"turns":3},{"damage":20,"enemies":"Spire Growth","floor":38,"turns":2},{"damage":29,"enemies":"4 Shapes","floor":39,"turns":3},{"damage":32,"enemies":"Giant Head","floor":42,"turns":6},{"damage":47,"enemies":"Transient","floor":45,"turns":3}],"seed_played":"2793288699115461703","potions_obtained":[{"floor":1,"key":"Weak Potion"},{"floor":4,"key":"DistilledChaos"},{"floor":5,"key":"Swift Potion"},{"floor":7,"key":"Strength Potion"},{"floor":10,"key":"Block Potion"},{"floor":11,"key":"ElixirPotion"},{"floor":16,"key":"SpeedPotion"},{"floor":18,"key":"SpeedPotion"},{"floor":20,"key":"EssenceOfSteel"},{"floor":22,"key":"ColorlessPotion"},{"floor":23,"key":"SpeedPotion"},{"floor":30,"key":"ColorlessPotion"},{"floor":31,"key":"Energy Potion"},{"floor":33,"key":"BlessingOfTheForge"},{"floor":35,"key":"Swift Potion"},{"floor":36,"key":"Energy Potion"},{"floor":38,"key":"FairyPotion"},{"floor":39,"key":"GamblersBrew"},{"floor":42,"key":"BlessingOfTheForge"}],"is_trial":false,"path_per_floor":["M","?","?","M","M","R","E","R","T","M","M","?","M","$","R","B",null,"M","$","M","?","M","E","?","R","T","R","?","?","M","E","R","B",null,"M","M","$","M","M","R","?","E","T","R","M"],"character_chosen":"IRONCLAD","items_purchased":["Nunchaku","Spot Weakness","ClockworkSouvenir"],"campfire_rested":7,"item_purchase_floors":[14,19,37],"current_hp_per_floor":[79,79,79,74,67,67,45,69,69,61,55,55,47,47,71,17,80,64,64,40,40,34,13,13,37,37,61,45,71,66,15,39,23,80,52,34,34,14,20,45,45,13,13,38,0,0],"gold":259,"neow_bonus":"BOSS_RELIC","is_daily":false,"chose_seed":false,"campfire_upgraded":1,"win_rate":0.0,"timestamp":1610979803,"path_taken":["M","?","?","M","?","R","E","R","T","M","M","?","M","$","R","BOSS","M","?","M","?","M","E","?","R","T","R","?","?","M","E","R","BOSS","M","M","$","M","M","R","?","E","T","R","M"],"items_purchased_type":["Relic","Card","Relic"],"build_version":"2020-12-22","purchased_purges":0,"victory":false,"max_hp_per_floor":[80,80,80,80,80,80,80,80,80,80,80,80,80,80,80,80,80,80,80,80,80,80,80,80,80,80,80,80,80,80,80,80,80,80,80,80,80,80,86,86,86,86,86,86,86,86],"card_choices":[{"not_picked":["Power Through","Seeing Red"],"picked":"Heavy Blade","floor":1},{"not_picked":["True Grit","Body Slam"],"picked":"Cleave","floor":4},{"not_picked":["Disarm","Pommel Strike"],"picked":"Uppercut","floor":5},{"not_picked":["Feel No Pain","Hemokinesis"],"picked":"Headbutt","floor":7},{"not_picked":["Twin Strike","Rage"],"picked":"Dual Wield","floor":10},{"not_picked":["Sword Boomerang","Pummel","Anger"],"picked":"SKIP","floor":10},{"not_picked":["Brutality","Body Slam","Heavy Blade"],"picked":"SKIP","floor":11},{"not_picked":["True Grit","Burning Pact","Body Slam"],"picked":"SKIP","floor":11},{"not_picked":["Clothesline","Entrench"],"picked":"Spot Weakness","floor":13},{"not_picked":["True Grit","Wild Strike"],"picked":"Flex","floor":13},{"not_picked":["Corruption","Double Tap"],"picked":"Offering","floor":16},{"not_picked":["Shrug It Off","Sword Boomerang+1"],"picked":"Flex","floor":18},{"not_picked":["Sword Boomerang","Clothesline"],"picked":"Intimidate","floor":18},{"not_picked":["Thunderclap","Wild Strike"],"picked":"Flex","floor":20},{"not_picked":["Intimidate","Flame Barrier+1","Blood for Blood"],"picked":"SKIP","floor":20},{"not_picked":["Twin Strike","Headbutt","Shrug It Off+1"],"picked":"SKIP","floor":22},{"not_picked":["Whirlwind","Wild Strike","Anger"],"picked":"SKIP","floor":22},{"not_picked":["Whirlwind","Power Through+1"],"picked":"Demon Form","floor":23},{"not_picked":["Pommel Strike","Dual Wield+1"],"picked":"Bloodletting+1","floor":30},{"not_picked":["Twin Strike","Hemokinesis","Metallicize+1"],"picked":"SKIP","floor":30},{"not_picked":["Bloodletting+1","Metallicize"],"picked":"Flex+1","floor":31},{"not_picked":["Fiend Fire","Immolate"],"picked":"Offering+1","floor":33},{"not_picked":["Heavy Blade","Wild Strike","Iron Wave"],"picked":"SKIP","floor":35},{"not_picked":["Clothesline+1","Second Wind+1","Warcry+1"],"picked":"SKIP","floor":35},{"not_picked":["Clash+1","Armaments+1"],"picked":"Rage+1","floor":36},{"not_picked":["Perfected Strike+1","Battle Trance+1","Sever Soul"],"picked":"SKIP","floor":36},{"not_picked":["Armaments+1","Warcry+1","Thunderclap"],"picked":"SKIP","floor":38},{"not_picked":["Shockwave+1","Wild Strike+1","Reckless Charge+1"],"picked":"SKIP","floor":38},{"not_picked":["Fiend Fire","Entrench+1","Rupture+1"],"picked":"SKIP","floor":39},{"not_picked":["Clash+1","Sword Boomerang+1","Iron Wave+1"],"picked":"SKIP","floor":39},{"not_picked":["Panacea+1","Secret Technique+1"],"picked":"Chrysalis+1","floor":41},{"not_picked":["Flame Barrier+1","Anger+1","Bludgeon"],"picked":"SKIP","floor":42}],"player_experience":575530,"relics_obtained":[{"floor":0,"key":"Boot"},{"floor":0,"key":"White Beast Statue"},{"floor":0,"key":"Ice Cream"},{"floor":7,"key":"Pocketwatch"},{"floor":9,"key":"Prayer Wheel"},{"floor":23,"key":"Sundial"},{"floor":26,"key":"Art of War"},{"floor":28,"key":"Necronomicon"},{"floor":31,"key":"Potion Belt"},{"floor":42,"key":"InkBottle"},{"floor":43,"key":"Ancient Tea Set"}],"event_choices":[{"cards_removed":["Defend_R"],"damage_healed":0,"gold_gain":0,"player_choice":"Card Removal","damage_taken":0,"max_hp_gain":0,"max_hp_loss":0,"event_name":"The Cleric","floor":2,"gold_loss":50},{"damage_healed":0,"gold_gain":0,"player_choice":"Forge","damage_taken":0,"max_hp_gain":0,"max_hp_loss":0,"event_name":"Accursed Blacksmith","floor":3,"gold_loss":0,"cards_upgraded":["Bash"]},{"damage_healed":0,"gold_gain":0,"player_choice":"Ignored","damage_taken":0,"max_hp_gain":0,"max_hp_loss":0,"event_name":"NoteForYourself","floor":12,"gold_loss":0},{"damage_healed":0,"gold_gain":0,"player_choice":"Opened","damage_taken":0,"relics_obtained":["Toxic Egg 2"],"max_hp_gain":0,"max_hp_loss":0,"event_name":"The Mausoleum","floor":21,"gold_loss":0},{"damage_healed":0,"gold_gain":0,"player_choice":"Obtained Relic","damage_taken":0,"relics_obtained":["Bronze Scales"],"max_hp_gain":0,"max_hp_loss":0,"event_name":"Addict","floor":24,"gold_loss":85},{"damage_healed":0,"gold_gain":0,"player_choice":"Obtained Book","damage_taken":16,"max_hp_gain":0,"max_hp_loss":0,"event_name":"Cursed Tome","floor":28,"gold_loss":0},{"damage_healed":26,"gold_gain":0,"player_choice":"Heal","damage_taken":0,"max_hp_gain":0,"max_hp_loss":0,"event_name":"The Library","floor":29,"gold_loss":0},{"damage_healed":0,"gold_gain":0,"player_choice":"Memory 1","damage_taken":0,"max_hp_gain":0,"max_hp_loss":0,"event_name":"SensoryStone","floor":41,"gold_loss":0}],"is_beta":false,"boss_relics":[{"not_picked":["Mark of Pain","Sozu"],"picked":"Fusion Hammer"},{"not_picked":["Black Star","SacredBark"],"picked":"Pandora\u0027s Box"}],"items_purged_floors":[],"is_endless":false,"potions_floor_spawned":[1,4,5,7,10,11,13,16,18,20,22,23,30,31,33,35,36,38,39,42],"killed_by":"Transient","ascension_level":0}}