{"host":"54jr43vd79817238","time":1610956096,"event":{"mods":["100% Spire Juice","ATMod(阿瑾Mod)","Act Like it!","Arknights The Spire","Aspiration","BaseMod","CapriCore","Dota2Spire","Friendly Minions","Gensokyo","Hallownest","Hermit","Jedi Mod","KinomotoSakuraMod(木之本樱)","Koishi","Lobotomy","LobotomyExtend","Mari Mod (Legacy)","Mari\u0027s V1 Patch","Marisa（F雨　魔理沙）","Minty Spire (QoL Compilation)","MostiFishMod","Quarter Circle Forward PUNCH!","Replay The Spire","Robot Space Explorer","RumiaBox-露米娅的神秘盒子","Spicy Shops","StSLib","TestMod","The Dragon Tamer","The Marked","WarShipGirlsR/战舰少女R mod","Yakumo Yukari mod","Youmu（魂魄妖梦）","vexMod","【遗物卡牌】REMEMod"],"gold_per_floor":[118,118,118,137,157,157,172,87,87,104,104,104,104,114,114,89,89,104,115,8,8,19,51,62,62,62,75,75,95,124,139,139,1,1,11,0,19,71,86,106,106,106,106,231,231,304,351,403,403,442,442,442,442,65,123,168],"floor_reached":57,"language":"ZHS","playtime":2698,"items_purged":["Moonworks:Strike"],"score":1632,"play_id":"c577e69c-383e-4609-ad48-1d241b31d3ff","local_time":"20210118154816","is_ascension_mode":false,"campfire_choices":[{"floor":11,"key":"RECALL"},{"data":"Moonworks:SubspaceTunnel","floor":15,"key":"SMITH"},{"data":"AT_DarkMatter","floor":25,"key":"SMITH"},{"data":"Moonworks:NicePresent","floor":28,"key":"SMITH"},{"floor":32,"key":"REST"},{"data":"Moonworks:CrystalBarrier","floor":42,"key":"SMITH"},{"data":"Moonworks:MetallicMonocoque","floor":49,"key":"SMITH"},{"data":"Moonworks:EvilSpyWorkPreparation","floor":53,"key":"SMITH"}],"circlet_count":0,"master_deck":["Moonworks:Strike","Moonworks:Strike","Moonworks:Defend","Moonworks:Defend","Moonworks:Defend","Moonworks:Ambush","Moonworks:LongDistanceShot","AT_DarkMatter+1","Moonworks:SakisCookie","Moonworks:NicePresent+1","Moonworks:CookingTime","Moonworks:SubspaceTunnel+1","Moonworks:JonathanRush","Moonworks:AnotherUltimateWeapon","Moonworks:JonathanRush+1","Moonworks:EvilSpyWorkPreparation+1","Moonworks:JonathanRush","Moonworks:WindyEnchantment","Moonworks:JonathanRush+1","Moonworks:Flamethrower+1","Moonworks:RocketCannon","Moonworks:FullSpeedAlicianrone","Moonworks:DeployBits+1","Moonworks:StarBlastingFuse","Moonworks:JonathanRush+1","Moonworks:Heat300Percent+1","Moonworks:TacticalRetreat+1","Moonworks:CloudOfSeagulls+1","Moonworks:CrystalBarrier+1","Moonworks:NicePresent+1","Moonworks:MetallicMonocoque+1","Moonworks:EvilSpyWorkPreparation"],"relics":["Moonworks:BrokenBomb","Moonworks:Homemark","testmod-TestBox","DaveBox","REME_ComplimentaryCards","AT_ATBox","aspiration:Nostalgia","Memoryfragments_purpleEX","BirthdayGift-Tetrahedron","testmod-BouquetWithThorns","Hallownest:DreamNailRelic","DTMod:PactStone","Dota2Spire:AghanimScepter","Empty Cage","AT_RedTearstoneRing","Dota2Spire:PowerTreads","Bottled Lightning","Simple Rune","Dota2Spire:Bloodstone","Red Mask","jedi:firstaidkit","REME_ArchaeologicalTools","Whetstone","Membership Card","Boot","Dota2Spire:ArmletOfMordiggian","Civilization","jedi:crownofsimplicity"],"acts_visited":["Hallownest:Greenpath","TheCity","TheBeyond","TheEnding"],"potions_floor_usage":[16,16,31,31,37,56,56],"damage_taken":[{"damage":2,"enemies":"2_ Uuma","floor":1,"turns":2},{"damage":2,"enemies":"Hallownest:2_Baldur","floor":4,"turns":2},{"damage":2,"enemies":"Hallownest:monsterHuskGuard","floor":5,"turns":2},{"damage":0,"enemies":"Hallownest:monsterFoolEater","floor":7,"turns":2},{"damage":18,"enemies":"Hallownest:eliteVengeflyKing","floor":8,"turns":4},{"damage":0,"enemies":"Hallownest:Wandering_and_Horned","floor":10,"turns":2},{"damage":0,"enemies":"Hallownest:Guard_and_Warrior","floor":14,"turns":2},{"damage":0,"enemies":"Hallownest:BossBrokenVessel","floor":16,"turns":5},{"damage":0,"enemies":"Spheric Guardian","floor":18,"turns":2},{"damage":0,"enemies":"Chosen","floor":19,"turns":3},{"damage":0,"enemies":"Snake Plant","floor":20,"turns":2},{"damage":0,"enemies":"Cultist and Chosen","floor":22,"turns":2},{"damage":20,"enemies":"Slavers","floor":23,"turns":3},{"damage":0,"enemies":"3 Cultists","floor":24,"turns":2},{"damage":0,"enemies":"Snecko","floor":27,"turns":2},{"damage":0,"enemies":"Centurion and Healer","floor":29,"turns":2},{"damage":14,"enemies":"Gremlin Leader","floor":30,"turns":2},{"damage":17,"enemies":"Snake Plant","floor":31,"turns":2},{"damage":1,"enemies":"Pondfish","floor":33,"turns":4},{"damage":12,"enemies":"3 Shapes","floor":35,"turns":2},{"damage":0,"enemies":"Orb Walker","floor":37,"turns":2},{"damage":0,"enemies":"2 Orb Walkers","floor":38,"turns":2},{"damage":0,"enemies":"Spire Growth","floor":39,"turns":2},{"damage":0,"enemies":"Writhing Mass","floor":40,"turns":3},{"damage":18,"enemies":"Nemesis","floor":44,"turns":3},{"damage":3,"enemies":"Transient","floor":46,"turns":5},{"damage":6,"enemies":"3 Darklings","floor":47,"turns":3},{"damage":0,"enemies":"Maw","floor":48,"turns":3},{"damage":8,"enemies":"Replay:Hell Engine","floor":50,"turns":4},{"damage":5,"enemies":"Shield and Spear","floor":55,"turns":3},{"damage":19,"enemies":"The Heart","floor":56,"turns":5}],"seed_played":"-5200289314879967664","potions_obtained":[{"floor":7,"key":"BlessingOfTheForge"},{"floor":8,"key":"LifebloodPotion"},{"floor":16,"key":"REME_GoldPotion"},{"floor":22,"key":"ColorlessPotion"},{"floor":23,"key":"AttackPotion"},{"floor":29,"key":"Death Potion"},{"floor":33,"key":"Regen Potion"},{"floor":35,"key":"jedi:StrikingPotion"},{"floor":37,"key":"jedi:StrikingPotion"}],"is_trial":false,"path_per_floor":["M","$","?","M","M","?","M","E","T","M","R","?","?","M","R","B",null,"M","M","M","?","M","E","M","R","T","M","R","M","E","M","R","B",null,"M","?","M","?","M","M","?","R","T","E","$","M","M","M","R","B",null,null,"R","$","E","B",null],"character_chosen":"THE_STARBREAKER","items_purchased":["Membership Card","Boot","Dota2Spire:ArmletOfMordiggian","Civilization"],"campfire_rested":1,"item_purchase_floors":[54,54,54,54],"current_hp_per_floor":[58,58,58,56,54,54,54,38,38,41,41,41,47,50,50,53,60,60,60,60,60,60,41,43,43,43,43,43,43,31,16,34,39,60,50,50,60,60,60,60,60,60,60,42,42,41,35,35,35,36,36,60,60,60,57,49],"gold":168,"neow_bonus":"NOSTALGIA","is_daily":false,"chose_seed":false,"campfire_upgraded":6,"win_rate":0.0,"timestamp":1610956096,"path_taken":["M","$","?","?","M","?","M","E","T","M","R","?","?","?","R","BOSS","M","M","M","?","M","E","M","R","T","M","R","M","E","M","R","BOSS","M","?","M","?","?","M","?","R","T","E","$","M","M","M","R","BOSS","R","$","E","BOSS"],"items_purchased_type":["Relic","Relic","Relic","Relic"],"build_version":"2020-12-22","purchased_purges":1,"victory":true,"max_hp_per_floor":[60,60,60,60,60,60,60,60,60,60,60,60,60,60,60,60,60,60,60,60,60,60,60,60,60,60,60,60,60,60,60,60,60,60,60,60,60,60,60,60,60,60,60,60,60,60,60,60,60,60,60,60,60,60,62,65],"card_choices":[{"not_picked":["Moonworks:ImOnFire","Moonworks:JonathanRush"],"picked":"Moonworks:SakisCookie","floor":1},{"not_picked":["Moonworks:ImOnFire","Moonworks:Poppoformation"],"picked":"Moonworks:NicePresent","floor":4},{"not_picked":["Moonworks:ImOnFire","Moonworks:IndiscriminateFireSupport","Moonworks:AwakeningOfTalent"],"picked":"SKIP","floor":5},{"not_picked":["Moonworks:IndiscriminateFireSupport","Moonworks:NicePresent","Moonworks:ImOnFire"],"picked":"SKIP","floor":7},{"not_picked":["Moonworks:IndiscriminateFireSupport","Moonworks:LulusLuckyEgg"],"picked":"Moonworks:CookingTime","floor":8},{"not_picked":["Moonworks:ExtendedPhotonRifle","Moonworks:AwakeningOfTalent"],"picked":"Moonworks:SubspaceTunnel","floor":10},{"not_picked":["Moonworks:Assault","Moonworks:ImOnFire"],"picked":"Moonworks:JonathanRush","floor":14},{"not_picked":["Moonworks:OutOfAmmo","Moonworks:SinkOrSwim"],"picked":"Moonworks:AnotherUltimateWeapon","floor":16},{"not_picked":["Moonworks:ImOnFire","Moonworks:LulusLuckyEgg+1"],"picked":"Moonworks:JonathanRush+1","floor":18},{"not_picked":["Moonworks:LuckyCharm+1","Moonworks:ScrambledEve"],"picked":"Moonworks:EvilSpyWorkPreparation","floor":19},{"not_picked":["Moonworks:ForcedRevival","Moonworks:BigBangBell"],"picked":"Moonworks:JonathanRush","floor":20},{"not_picked":["Moonworks:EvilSpyWorkPreparation+1","Moonworks:Flamethrower+1"],"picked":"Moonworks:WindyEnchantment","floor":22},{"not_picked":["Moonworks:Poppoformation","Moonworks:Assault+1","Moonworks:BigMagnum+1"],"picked":"SKIP","floor":23},{"not_picked":["Moonworks:EvilSpyWorkPreparation+1","Moonworks:IndiscriminateFireSupport"],"picked":"Moonworks:JonathanRush","floor":24},{"not_picked":["Moonworks:LulusLuckyEgg+1","Moonworks:Dash"],"picked":"Moonworks:Flamethrower+1","floor":27},{"not_picked":["Moonworks:JonathanRush+1","Moonworks:BindingChains+1"],"picked":"Moonworks:RocketCannon","floor":29},{"not_picked":["Moonworks:Poppoformation","Moonworks:NicePresent"],"picked":"Moonworks:FullSpeedAlicianrone","floor":30},{"not_picked":["Moonworks:CookingTime","Moonworks:BigMagnum"],"picked":"Moonworks:DeployBits+1","floor":31},{"not_picked":["Moonworks:HolyNight","Moonworks:PlushieMaster"],"picked":"Moonworks:StarBlastingFuse","floor":33},{"not_picked":["Moonworks:Assault+1","Moonworks:SakisCookie"],"picked":"Moonworks:JonathanRush","floor":35},{"not_picked":["Moonworks:RagingMadness","Moonworks:TreasureThief"],"picked":"Moonworks:Heat300Percent+1","floor":37},{"not_picked":["Moonworks:Dash","Moonworks:NicePresent"],"picked":"Moonworks:TacticalRetreat+1","floor":38},{"not_picked":["Moonworks:BigMagnum+1","Moonworks:LulusLuckyEgg"],"picked":"Moonworks:CloudOfSeagulls+1","floor":39},{"not_picked":["Moonworks:ScrambledEve","Moonworks:Assault","Moonworks:Poppoformation"],"picked":"SKIP","floor":40},{"not_picked":[],"picked":"Moonworks:CrystalBarrier","floor":41},{"not_picked":["Moonworks:BigMagnum","Moonworks:DeployBits","Moonworks:ReproductionOfRecords"],"picked":"SKIP","floor":44},{"not_picked":["Moonworks:Assault+1","Moonworks:ReflectiveShell"],"picked":"Moonworks:NicePresent+1","floor":46},{"not_picked":["Moonworks:BigMagnum+1","Moonworks:SakisCookie+1","Moonworks:DeployBits"],"picked":"SKIP","floor":47},{"not_picked":["Moonworks:SakisCookie","Moonworks:IndiscriminateFireSupport+1"],"picked":"Moonworks:MetallicMonocoque","floor":48},{"not_picked":["Moonworks:SakisCookie+1","Moonworks:BigMagnum+1"],"picked":"Moonworks:EvilSpyWorkPreparation","floor":55}],"player_experience":242571,"relics_obtained":[{"floor":8,"key":"Dota2Spire:AghanimScepter"},{"floor":21,"key":"AT_RedTearstoneRing"},{"floor":23,"key":"Dota2Spire:PowerTreads"},{"floor":26,"key":"Bottled Lightning"},{"floor":30,"key":"Simple Rune"},{"floor":38,"key":"jedi:firstaidkit"},{"floor":43,"key":"REME_ArchaeologicalTools"},{"floor":44,"key":"Whetstone"},{"floor":55,"key":"jedi:crownofsimplicity"}],"event_choices":[{"damage_healed":0,"gold_gain":0,"player_choice":"Swap Relic","damage_taken":0,"relics_obtained":["aspiration:Nostalgia"],"max_hp_gain":0,"max_hp_loss":0,"event_name":"给自己的盒子","floor":6,"relics_lost":["aspiration:Nostalgia"],"gold_loss":0},{"damage_healed":0,"gold_gain":0,"player_choice":"Relic","damage_taken":0,"max_hp_gain":0,"max_hp_loss":0,"event_name":"Wheel of Change","floor":21,"gold_loss":0},{"damage_healed":0,"gold_gain":0,"player_choice":"Paid","damage_taken":0,"relics_obtained":["Red Mask"],"max_hp_gain":0,"max_hp_loss":0,"event_name":"Tomb of Lord Red Mask","floor":36,"gold_loss":11},{"damage_healed":0,"gold_gain":0,"player_choice":"Fight","damage_taken":0,"max_hp_gain":0,"max_hp_loss":0,"event_name":"Mysterious Sphere","floor":38,"gold_loss":0}],"is_beta":false,"boss_relics":[{"not_picked":["testmod-Recursion","SacredBark"],"picked":"Empty Cage"},{"not_picked":["REME_LowDesire","Pandora\u0027s Box"],"picked":"Dota2Spire:Bloodstone"}],"items_purged_floors":[54],"is_endless":false,"potions_floor_spawned":[7,8,16,22,23,27,29,30,33,35,37,46,48],"ascension_level":0}}