{"host":"baymyijz6sxaqj5s","time":1610978330,"event":{"mods":["AchievementEnabler","BaseMod","Colored Map","Colored Powertips","DeckTracker","Highlight Path","KOR Keyword Fix","Keyboard Shortcuts","Minty Spire (QoL Compilation)","StSLib","SuperFastMode","everything is the same but u backflip on backflip"],"gold_per_floor":[116,191,171,186,198,198,214,168,168,187,187,187,204,219,219,219,219],"floor_reached":16,"language":"KOR","playtime":438,"items_purged":[],"score":103,"play_id":"de81c528-3921-45e2-b6e9-6f912026fb24","local_time":"20210118225850","is_ascension_mode":true,"campfire_choices":[{"data":"Shrug It Off","floor":6,"key":"SMITH"},{"data":"Heavy Blade","floor":11,"key":"SMITH"},{"data":"Shrug It Off","floor":15,"key":"SMITH"}],"circlet_count":0,"master_deck":["Strike_R","Strike_R","Strike_R","Strike_R","Strike_R","Defend_R","Defend_R","Defend_R","Defend_R","Bash","Sword Boomerang","Shrug It Off+1","Disarm","Heavy Blade+1","Shrug It Off+1","Limit Break"],"relics":["Burning Blood","Torii"],"acts_visited":["Exordium"],"potions_floor_usage":[7,13,16],"damage_taken":[{"damage":19,"enemies":"Jaw Worm","floor":1,"turns":5},{"damage":4,"enemies":"Small Slimes","floor":4,"turns":3},{"damage":0,"enemies":"Cultist","floor":5,"turns":4},{"damage":9,"enemies":"2 Fungi Beasts","floor":7,"turns":5},{"damage":5,"enemies":"Gremlin Gang","floor":10,"turns":7},{"damage":12,"enemies":"Blue Slaver","floor":13,"turns":6},{"damage":1,"enemies":"3 Louse","floor":14,"turns":5},{"damage":62,"enemies":"Slime Boss","floor":16,"turns":10}],"seed_played":"-5116907279912159505","potions_obtained":[{"floor":3,"key":"Energy Potion"},{"floor":10,"key":"LiquidMemories"},{"floor":13,"key":"BloodPotion"}],"is_trial":false,"path_per_floor":["M","?","?","M","M","R","M","$","T","M","R","?","M","M","R","B"],"character_chosen":"IRONCLAD","items_purchased":["Shrug It Off"],"campfire_rested":0,"item_purchase_floors":[8],"current_hp_per_floor":[75,64,64,66,72,72,69,69,69,70,70,70,64,69,69,24,24],"gold":219,"neow_bonus":"TEN_PERCENT_HP_BONUS","is_daily":false,"chose_seed":false,"campfire_upgraded":3,"win_rate":0.0,"timestamp":1610978330,"path_taken":["M","?","?","?","M","R","M","$","T","M","R","?","M","M","R","BOSS"],"items_purchased_type":["Card"],"build_version":"2020-12-22","purchased_purges":0,"victory":false,"max_hp_per_floor":[88,88,88,88,88,88,88,88,88,88,88,88,88,88,88,88,88],"card_choices":[{"not_picked":["Headbutt","Perfected Strike"],"picked":"Sword Boomerang","floor":1},{"not_picked":["Wild Strike","Thunderclap"],"picked":"Shrug It Off","floor":4},{"not_picked":["Twin Strike","Dual Wield"],"picked":"Disarm","floor":5},{"not_picked":["Headbutt","Bludgeon"],"picked":"Heavy Blade","floor":7},{"not_picked":["Cleave","Sword Boomerang","Second Wind"],"picked":"SKIP","floor":10},{"not_picked":["Perfected Strike","Armaments","Clash"],"picked":"SKIP","floor":13},{"not_picked":["Feel No Pain","Clothesline","Rampage"],"picked":"SKIP","floor":14}],"player_experience":52680,"relics_obtained":[{"floor":9,"key":"Torii"}],"event_choices":[{"damage_healed":0,"gold_gain":75,"player_choice":"Gather Gold","damage_taken":11,"max_hp_gain":0,"max_hp_loss":0,"event_name":"World of Goop","floor":2,"gold_loss":0},{"damage_healed":0,"gold_gain":0,"player_choice":"Bought 1 Potion","damage_taken":0,"max_hp_gain":0,"max_hp_loss":0,"event_name":"The Woman in Blue","floor":3,"gold_loss":0},{"damage_healed":0,"gold_gain":0,"player_choice":"1 cards matched","damage_taken":0,"max_hp_gain":0,"max_hp_loss":0,"event_name":"Match and Keep!","floor":12,"gold_loss":0,"cards_obtained":["Limit Break"]}],"is_beta":false,"boss_relics":[],"items_purged_floors":[],"is_endless":false,"potions_floor_spawned":[10,13],"killed_by":"Slime Boss","ascension_level":2}}