{"host":"9n6i2vl93jt4o42q","time":1610970147,"event":{"mods":["BaseMod","Minty Spire (QoL Compilation)","Relic Stats"],"gold_per_floor":[112,262,280,4,20,45,45,45,68,82,112,112,134,147,147,220,220,234,253,272,272,290,320,320,335,335,32,32,44,44,44,44,116,116,134,149,160,0,0,26,26,67,113,131,131,131,131],"floor_reached":46,"language":"ENG","playtime":5524,"items_purged":["Doubt","MasterReality"],"score":1145,"play_id":"5d083d76-d841-40ec-8354-a304f5c43141","local_time":"20210118124227","is_ascension_mode":true,"campfire_choices":[{"data":"Eruption","floor":7.0,"key":"SMITH"},{"data":"MasterReality","floor":12.0,"key":"SMITH"},{"data":"Vault","floor":15.0,"key":"SMITH"},{"floor":24.0,"key":"REST"},{"floor":28.0,"key":"REST"},{"data":"Protect","floor":30.0,"key":"SMITH"},{"floor":32.0,"key":"REST"},{"floor":41.0,"key":"REST"},{"floor":45.0,"key":"RECALL"}],"circlet_count":0,"master_deck":["AscendersBane","Strike_P+1","Defend_P","Defend_P","Defend_P","Eruption+1","Vigilance","Judgement","MasterReality+1","Consecrate","BowlingBash","Prostrate","CutThroughFate","EmptyFist","Meditate","Vault+1","CarveReality+1","Perseverance","DeceiveReality","Establishment","Pray","Collect","Protect+1","BattleHymn","Evaluate+1","Crescendo+1","Parasite","Evaluate+1"],"relics":["PureWater","Damaru","Strawberry","Orichalcum","Darkstone Periapt","Odd Mushroom","Busted Crown","Peace Pipe","Pear","Bag of Preparation","VioletLotus","Red Mask","CeramicFish","Whetstone"],"acts_visited":["Exordium","TheCity","TheBeyond"],"potions_floor_usage":[46],"damage_taken":[{"damage":0.0,"enemies":"Jaw Worm","floor":1.0,"turns":1.0},{"damage":0.0,"enemies":"Small Slimes","floor":3.0,"turns":2.0},{"damage":0.0,"enemies":"Cultist","floor":5.0,"turns":4.0},{"damage":9.0,"enemies":"3 Sentries","floor":6.0,"turns":7.0},{"damage":0.0,"enemies":"2 Fungi Beasts","floor":10.0,"turns":2.0},{"damage":5.0,"enemies":"Gremlin Nob","floor":11.0,"turns":4.0},{"damage":0.0,"enemies":"The Mushroom Lair","floor":13.0,"turns":2.0},{"damage":11.0,"enemies":"Blue Slaver","floor":14.0,"turns":3.0},{"damage":3.0,"enemies":"The Guardian","floor":16.0,"turns":9.0},{"damage":17.0,"enemies":"3 Byrds","floor":18.0,"turns":4.0},{"damage":0.0,"enemies":"Spheric Guardian","floor":19.0,"turns":1.0},{"damage":20.0,"enemies":"Shelled Parasite and Fungi","floor":20.0,"turns":6.0},{"damage":16.0,"enemies":"Snake Plant","floor":22.0,"turns":3.0},{"damage":5.0,"enemies":"Gremlin Leader","floor":23.0,"turns":9.0},{"damage":20.0,"enemies":"Centurion and Healer","floor":25.0,"turns":5.0},{"damage":5.0,"enemies":"3 Cultists","floor":29.0,"turns":6.0},{"damage":17.0,"enemies":"Automaton","floor":33.0,"turns":9.0},{"damage":13.0,"enemies":"3 Darklings","floor":35.0,"turns":5.0},{"damage":5.0,"enemies":"3 Shapes","floor":36.0,"turns":6.0},{"damage":45.0,"enemies":"Writhing Mass","floor":37.0,"turns":5.0},{"damage":0.0,"enemies":"Giant Head","floor":40.0,"turns":6.0},{"damage":16.0,"enemies":"Nemesis","floor":42.0,"turns":7.0},{"damage":5.0,"enemies":"Transient","floor":44.0,"turns":7.0},{"damage":23,"enemies":"Maw","floor":46,"turns":6}],"seed_played":"3142408700204500089","potions_obtained":[{"floor":3.0,"key":"EssenceOfSteel"},{"floor":5.0,"key":"BlessingOfTheForge"},{"floor":10.0,"key":"Fire Potion"},{"floor":18.0,"key":"Ancient Potion"},{"floor":20.0,"key":"ColorlessPotion"},{"floor":29.0,"key":"SteroidPotion"},{"floor":33.0,"key":"Fire Potion"},{"floor":37.0,"key":"Block Potion"},{"floor":42.0,"key":"Explosive Potion"},{"floor":44.0,"key":"DistilledChaos"}],"is_trial":false,"path_per_floor":["M","?","M","$","M","E","R","?","T","M","E","R","?","M","R","B",null,"M","M","M","?","M","E","R","M","T","$","R","M","R","?","R","B",null,"M","M","M","?","?","E","R","E","T","M","R","M"],"character_chosen":"WATCHER","items_purchased":["Damaru","Prostrate","Bag of Preparation","BattleHymn"],"campfire_rested":4,"item_purchase_floors":[4,4,27,27],"current_hp_per_floor":[43,43,43,43,43,41,41,41,41,41,36,36,36,25,25,22,62,45,45,25,25,9,4,26,6,16,16,41,36,36,24,49,32,72,59,54,15,15,15,15,42,26,26,21,21,0,0],"gold":131,"neow_bonus":"TRANSFORM_TWO_CARDS","is_daily":false,"chose_seed":false,"campfire_upgraded":4,"win_rate":0.0,"timestamp":1610970147,"path_taken":["M","?","M","$","M","E","R","?","T","?","E","R","?","M","R","BOSS","M","M","M","?","M","E","R","M","T","$","R","M","R","?","R","BOSS","M","M","?","?","?","E","R","E","T","M","R","M"],"items_purchased_type":["Relic","Card","Relic","Card"],"build_version":"2020-12-22","purchased_purges":2,"victory":false,"max_hp_per_floor":[68,68,68,68,68,75,75,75,75,75,75,75,75,75,75,75,75,75,75,75,75,75,75,75,75,85,85,85,85,85,85,85,85,85,85,85,91,91,91,91,91,91,91,91,91,91,91],"relic_stats":{"Darkstone Periapt":6,"Peace Pipe":0,"Busted Crown":28,"counters":[24,119],"CeramicFish":9,"VioletLotus":[12],"Bag of Preparation":[18],"Whetstone":["Strike_P","CarveReality"],"Orichalcum":[90],"obtain_stats":[{"Darkstone Periapt":11,"Pear":26,"CeramicFish":40,"Damaru":4,"Bag of Preparation":27,"Whetstone":42,"Orichalcum":9,"Odd Mushroom":13,"Peace Pipe":23,"Busted Crown":17,"Strawberry":6,"VioletLotus":34,"Red Mask":38,"PureWater":0},{"Darkstone Periapt":6,"Pear":15,"CeramicFish":21,"Damaru":2,"Bag of Preparation":15,"Whetstone":22,"Orichalcum":4,"Odd Mushroom":7,"Peace Pipe":14,"Busted Crown":9,"Strawberry":4,"VioletLotus":17,"Red Mask":20,"PureWater":0},{"Darkstone Periapt":20,"Pear":62,"CeramicFish":99,"Damaru":3,"Bag of Preparation":62,"Whetstone":106,"Orichalcum":14,"Odd Mushroom":22,"Peace Pipe":57,"Busted Crown":34,"Strawberry":14,"VioletLotus":77,"Red Mask":93,"PureWater":0}]},"card_choices":[{"not_picked":["ThirdEye","Prostrate"],"picked":"Consecrate","floor":1.0},{"not_picked":["Wireheading","PathToVictory"],"picked":"BowlingBash","floor":3.0},{"not_picked":["FlurryOfBlows","Halt"],"picked":"CutThroughFate","floor":5.0},{"not_picked":["BowlingBash","Halt"],"picked":"EmptyFist","floor":6.0},{"not_picked":["Study","BowlingBash"],"picked":"Conclude","floor":10.0},{"not_picked":["FlurryOfBlows","Ragnarok"],"picked":"CarveReality","floor":11.0},{"not_picked":["FlyingSleeves","CarveReality"],"picked":"Perseverance","floor":13.0},{"not_picked":["FlurryOfBlows","Consecrate"],"picked":"DeceiveReality","floor":14.0},{"not_picked":["Scrawl","ConjureBlade"],"picked":"Establishment","floor":16.0},{"not_picked":["BowlingBash"],"picked":"SKIP","floor":18.0},{"not_picked":[],"picked":"Pray","floor":19.0},{"not_picked":["Halt"],"picked":"SKIP","floor":20.0},{"not_picked":["Meditate"],"picked":"SKIP","floor":22.0},{"not_picked":["ClearTheMind"],"picked":"SKIP","floor":23.0},{"not_picked":[],"picked":"Protect","floor":25.0},{"not_picked":[],"picked":"Evaluate+1","floor":29.0},{"not_picked":[],"picked":"Crescendo+1","floor":35.0},{"not_picked":["FollowUp+1"],"picked":"SKIP","floor":36.0},{"not_picked":["SandsOfTime"],"picked":"SKIP","floor":37.0},{"not_picked":["Conclude"],"picked":"SKIP","floor":40.0},{"not_picked":[],"picked":"Evaluate+1","floor":42.0},{"not_picked":["FearNoEvil"],"picked":"SKIP","floor":44.0}],"player_experience":2108014,"relics_obtained":[{"floor":6.0,"key":"Strawberry"},{"floor":9.0,"key":"Orichalcum"},{"floor":11.0,"key":"Darkstone Periapt"},{"floor":13.0,"key":"Odd Mushroom"},{"floor":23.0,"key":"Peace Pipe"},{"floor":26.0,"key":"Pear"},{"floor":40.0,"key":"CeramicFish"},{"floor":42.0,"key":"Whetstone"}],"event_choices":[{"damage_healed":0.0,"max_hp_gain":0.0,"max_hp_loss":0.0,"gold_gain":150.0,"event_name":"Liars Game","player_choice":"AGREE","floor":2.0,"gold_loss":0.0,"damage_taken":0.0,"cards_obtained":["Doubt"]},{"damage_healed":0.0,"max_hp_gain":0.0,"max_hp_loss":0.0,"gold_gain":0.0,"event_name":"Match and Keep!","player_choice":"2 cards matched","floor":8.0,"gold_loss":0.0,"damage_taken":0.0,"cards_obtained":["Meditate","Vault"]},{"damage_healed":0.0,"max_hp_gain":0.0,"max_hp_loss":0.0,"gold_gain":0.0,"event_name":"Mushrooms","player_choice":"Fought Mushrooms","floor":13.0,"gold_loss":0.0,"damage_taken":0.0},{"damage_healed":0.0,"max_hp_gain":0.0,"max_hp_loss":0.0,"gold_gain":0.0,"cards_transformed":["Strike_P","Strike_P"],"event_name":"Drug Dealer","player_choice":"Became Test Subject","floor":21.0,"gold_loss":0.0,"damage_taken":0.0,"cards_obtained":["MasterReality","Collect"]},{"damage_healed":0.0,"max_hp_gain":0.0,"max_hp_loss":0.0,"gold_gain":0.0,"event_name":"Wheel of Change","player_choice":"Damaged","floor":31.0,"gold_loss":0.0,"damage_taken":12.0},{"damage_healed":0.0,"max_hp_gain":0.0,"max_hp_loss":0.0,"gold_gain":0.0,"event_name":"Tomb of Lord Red Mask","player_choice":"Paid","floor":38.0,"gold_loss":160.0,"damage_taken":0.0,"relics_obtained":["Red Mask"]},{"cards_removed":["Conclude"],"damage_healed":0.0,"max_hp_gain":0.0,"max_hp_loss":0.0,"gold_gain":0.0,"event_name":"Falling","player_choice":"Removed Attack","floor":39.0,"gold_loss":0.0,"damage_taken":0.0}],"is_beta":false,"boss_relics":[{"not_picked":["Philosopher\u0027s Stone","Runic Dome"],"picked":"Busted Crown"},{"not_picked":["Sozu","Cursed Key"],"picked":"VioletLotus"}],"items_purged_floors":[4,27],"is_endless":false,"potions_floor_spawned":[3,5,10,18,20,29,33,37,42,44],"killed_by":"Maw","ascension_level":20}}