{"host":"7tqog9fnhs0gxmti","time":1610965505,"event":{"mods":["AchievementEnabler","Act Like it!","BaseMod","Beaked The Cultist","Colored Map","Colored Powertips","Highlight Path","Koishi","Minty Spire (QoL Compilation)","Reimu??????","Robot Space Explorer","StSLib","The Gatherer","everything is the same but u backflip on backflip"],"gold_per_floor":[117,35,110,70,70,106,106,31,331,372,322,347,363,401,401,532,532,525,539,539,564,589,589,589,603,603,603,603],"floor_reached":27,"language":"ENG","playtime":1094,"items_purged":["Injury"],"score":321,"play_id":"699b729d-4064-41b7-9ed7-e362502ce008","local_time":"20210118182505","is_ascension_mode":false,"campfire_choices":[{"data":"MikOfLucky:ReiMu","floor":7,"key":"SMITH"},{"data":"FoulBorder2:ReiMu","floor":15,"key":"SMITH"},{"floor":23,"key":"REST"}],"circlet_count":0,"master_deck":["Strike_Lin:ReiMu","Strike_Lin:ReiMu","Strike_Lin:ReiMu","Defend_Lin:ReiMu","Defend_Lin:ReiMu","Defend_Lin:ReiMu","Defend_Lin:ReiMu","NB:ReiMu","Stagnation:ReiMu","OrbThrow:ReiMu","FoulBorder2:ReiMu+1","MikOfLucky:ReiMu+1","Enchanting:ReiMu","Amulet:ReiMu","Conquer:ReiMu","KamiRite:ReiMu","Conquer:ReiMu+1","WonderfulDomain:ReiMu","FoulBorder2:ReiMu","Crusade:ReiMu","Shame"],"relics":["FlyPower:ReiMu","NeowsBlessing","PaintedHorse:ReiMu","Golden Idol","Ancient Tea Set","Old Coin","Singing Bowl","Odd Mushroom","Cursed Key","PureWhite:ReiMu"],"acts_visited":["Exordium","TheCity"],"potions_floor_usage":[],"damage_taken":[{"damage":0,"enemies":"Cultist","floor":1,"turns":1},{"damage":0,"enemies":"Gremlin Nob","floor":6,"turns":1},{"damage":0,"enemies":"3 Sentries","floor":10,"turns":1},{"damage":1,"enemies":"2 Louse","floor":12,"turns":4},{"damage":1,"enemies":"Small Slimes","floor":13,"turns":5},{"damage":21,"enemies":"The Mushroom Lair","floor":14,"turns":7},{"damage":0,"enemies":"Hexaghost","floor":16,"turns":9},{"damage":11,"enemies":"2 Thieves","floor":18,"turns":4},{"damage":0,"enemies":"Chosen","floor":19,"turns":6},{"damage":45,"enemies":"3 Cultists","floor":21,"turns":5},{"damage":2,"enemies":"Snecko","floor":22,"turns":5},{"damage":18,"enemies":"Centurion and Healer","floor":25,"turns":6},{"damage":30,"enemies":"Gremlin Leader","floor":27,"turns":2}],"seed_played":"-1291430957794274553","potions_obtained":[{"floor":6,"key":"PinkPotion:ReiMu"},{"floor":13,"key":"ColorlessPotion"},{"floor":16,"key":"SteroidPotion"},{"floor":22,"key":"SkillPotion"}],"is_trial":false,"path_per_floor":["M","$","?","?","?","E","R","$","T","E","?","M","M","?","R","B",null,"M","M","?","M","M","R","?","M","T","E"],"character_chosen":"REIMU","items_purchased":["FoulBorder2:ReiMu"],"campfire_rested":1,"item_purchase_floors":[2],"current_hp_per_floor":[65,65,54,54,54,54,54,54,54,54,54,55,54,33,33,33,67,58,58,69,24,22,42,42,24,24,0,0],"gold":603,"neow_bonus":"THREE_ENEMY_KILL","is_daily":false,"chose_seed":false,"campfire_upgraded":2,"win_rate":0.0,"timestamp":1610965505,"path_taken":["M","$","?","?","?","E","R","$","T","E","?","M","M","?","R","BOSS","M","M","?","?","M","R","?","?","T","E"],"items_purchased_type":["Card"],"build_version":"2020-12-22","purchased_purges":1,"victory":false,"max_hp_per_floor":[65,65,65,65,65,65,65,65,65,65,65,67,67,67,67,67,67,69,69,69,69,69,69,69,69,69,69,69],"card_choices":[{"not_picked":["CareerPray:ReiMu","Enchanting:ReiMu"],"picked":"OrbThrow:ReiMu","floor":1},{"not_picked":["YinYangSange:ReiMu","AlertArray:ReiMu"],"picked":"MikOfLucky:ReiMu","floor":6},{"not_picked":["KamiSacrifice:ReiMu","SubAcupoint:ReiMu"],"picked":"Enchanting:ReiMu","floor":10},{"not_picked":["CareerPray:ReiMu","Meditation:ReiMu","Intuition:ReiMu"],"picked":"Singing Bowl","floor":12},{"not_picked":["Mountainwind:ReiMu","RainPray2:ReiMu"],"picked":"Amulet:ReiMu","floor":13},{"not_picked":["SafetyPray:ReiMu","Meditation:ReiMu"],"picked":"Conquer:ReiMu","floor":14},{"not_picked":["CeremonyResonance:ReiMu","Determination:ReiMu"],"picked":"KamiRite:ReiMu","floor":16},{"not_picked":["FineLineFantasy:ReiMu","CareerPray:ReiMu","CollectionFlower2:ReiMu+1"],"picked":"Singing Bowl","floor":18},{"not_picked":["OrbThrow:ReiMu","SafetyPray:ReiMu"],"picked":"Conquer:ReiMu+1","floor":19},{"not_picked":["CareerPray:ReiMu+1","AlertArray:ReiMu"],"picked":"WonderfulDomain:ReiMu","floor":21},{"not_picked":["SafetyPray:ReiMu+1","CareerPray:ReiMu+1"],"picked":"FoulBorder2:ReiMu","floor":22},{"not_picked":["WonderfulDomain:ReiMu","Amulet:ReiMu+1"],"picked":"Crusade:ReiMu","floor":25}],"player_experience":776519,"relics_obtained":[{"floor":6,"key":"Ancient Tea Set"},{"floor":9,"key":"Old Coin"},{"floor":10,"key":"Singing Bowl"},{"floor":14,"key":"Odd Mushroom"},{"floor":26,"key":"PureWhite:ReiMu"}],"event_choices":[{"damage_healed":0,"gold_gain":75,"player_choice":"Gather Gold","damage_taken":11,"max_hp_gain":0,"max_hp_loss":0,"event_name":"World of Goop","floor":3,"gold_loss":0},{"damage_healed":0,"gold_gain":0,"player_choice":"Donate","damage_taken":0,"relics_obtained":["PaintedHorse:ReiMu"],"max_hp_gain":0,"max_hp_loss":0,"event_name":"yidonshenshe","floor":4,"gold_loss":40},{"damage_healed":0,"gold_gain":0,"player_choice":"Take Wound","damage_taken":0,"relics_obtained":["Golden Idol"],"max_hp_gain":0,"max_hp_loss":0,"event_name":"Golden Idol","floor":5,"gold_loss":0,"cards_obtained":["Injury"]},{"cards_removed":["Strike_Lin:ReiMu"],"damage_healed":0,"gold_gain":0,"player_choice":"Card Removal","damage_taken":0,"max_hp_gain":0,"max_hp_loss":0,"event_name":"The Cleric","floor":11,"gold_loss":50},{"damage_healed":0,"gold_gain":0,"player_choice":"Fought Mushrooms","damage_taken":0,"max_hp_gain":0,"max_hp_loss":0,"event_name":"Mushrooms","floor":14,"gold_loss":0},{"damage_healed":11,"gold_gain":0,"player_choice":"Full Heal","damage_taken":0,"max_hp_gain":0,"max_hp_loss":0,"event_name":"Wheel of Change","floor":20,"gold_loss":0},{"damage_healed":0,"gold_gain":0,"player_choice":"Bought 0 Potions","damage_taken":0,"max_hp_gain":0,"max_hp_loss":0,"event_name":"The Woman in Blue","floor":24,"gold_loss":0}],"is_beta":false,"boss_relics":[{"not_picked":["Tiny House","Snecko Eye"],"picked":"Cursed Key"}],"items_purged_floors":[8],"is_endless":false,"potions_floor_spawned":[6,13,16,22],"killed_by":"Gremlin Leader","ascension_level":0}}