{"host":"7xbu8gt067z192g2","time":1610958720,"event":{"mods":["BaseMod","Better Note","BetterRewards","Colored Map","Colored Powertips","Googly Eyes","Highlight Path","Infinite Spire","Minty Spire (QoL Compilation)","Rare Cards Sparkle","Replay The Spire","StSLib","The Bladedancer","The Construct","The Cursed","The Hierophant","The Valiant","The Wild Card"],"gold_per_floor":[119,119,119,44,44,79,79,94,94,144,209,34,53,53,53,154,154,72,89,5,5,5,5,32,44,56,68,5,15,43,107,107,107,107,126,126,126,82,0,72,72,86,137,137,11,11,29,41,41,145,145,46,16,23,23,32,44,44,74,74,74,72,72,72,91,91,176,176,77,89,41,41,41,41,41,101,101,132,158,153,65,365,365,249,249,315,315,318,299,140,140,135,135,126,126,126,127,127,22,20,47,47,15,15,21,12,12,16,16,45,45,62,135,135,163,163,172,178,178,235,235,234,234,76,76,69,69,69,69,69,69,68,71,75,76,76,151,151,145,147,147,179,31,31,35,53,53,46,36,26,35,35,35,118,118,118,8,33,0],"floor_reached":160,"language":"ENG","playtime":12006,"items_purged":["Regret","Writhe","Hallucinations","Shame","Injury","Regret","Rainbow","Defragment","Hallucinations","ReplayTheSpireMod:Doomed","Time Bomb","Clumsy"],"score":6006,"play_id":"00ab5ff1-82a0-4dbf-8c24-5edc119d16dd","local_time":"20210118033200","is_ascension_mode":true,"campfire_choices":[{"floor":7.0,"key":"DIG"},{"floor":15.0,"key":"DIG"},{"floor":23.0,"key":"DIG"},{"floor":25.0,"key":"DIG"},{"floor":32.0,"key":"REST"},{"floor":44,"key":"DIG"},{"floor":46,"key":"DIG"},{"floor":49,"key":"DIG"},{"floor":61,"key":"DIG"},{"floor":63,"key":"DIG"},{"floor":66,"key":"DIG"},{"floor":82,"key":"DIG"},{"floor":85,"key":"DIG"},{"floor":93,"key":"DIG"},{"floor":95,"key":"DIG"},{"floor":102,"key":"DIG"},{"floor":111,"key":"DIG"},{"floor":114,"key":"DIG"},{"floor":119,"key":"DIG"},{"floor":127,"key":"DIG"},{"floor":136,"key":"DIG"},{"floor":144,"key":"DIG"},{"floor":153,"key":"DIG"},{"floor":156,"key":"DIG"}],"circlet_count":0,"master_deck":["Zap","Dualcast+1","Panic Button","theWildCard:Scathach","Storm","Defragment+1","Rainbow","Heatsinks","Compile Driver","Mirror Shield","Conserve Battery+1","Chaos","Coolheaded+1","Seek","Thunder Strike","Coolheaded+1","infinitespire:Oblivion+1","Tempest+1","Apotheosis","Heatsinks","Defragment+1","Seek","Static Discharge","Machine Learning","CurseOfTheBell","FIFO Queue","Meteor Strike+1","Echo Form","Recycle","Panic Button","Time Bomb","Double Energy","infinitespire:FutureSight","Echo Form","Crystallizer","Biased Cognition","ReplayTheSpireMod:Faulty Equipment","infinitespire:UltimateForm","Multi-Cast","Defragment+1","Creative AI","Electrodynamics","infinitespire:Execution","Lockon+1","Biased Cognition","Loop+1","Enlightenment","Genetic Algorithm","infinitespire:TheBestDefense","ReplayTheSpireMod:Faulty Equipment","Fission","infinitespire:Punishment+1","Blizzard+1","White Noise","Tempest+1","Biased Cognition"],"relics":["Cracked Core","NeowsBlessing","Oddly Smooth Stone","Ice Cream","Shovel","Matryoshka","Tiny Chest","Ring of Greed","ReplayTheSpireMod:Ring of Collecting","The Courier","Replay:Wax Seal","MealTicket","PreservedInsect","Raider\u0027s Mask","Pocketwatch","Philosopher\u0027s Stone","Membership Card","Mummified Hand","Carrot","Kunai","ReplayTheSpireMod:Ring of Addiction","Chameleon Ring","White Beast Statue","MawBank","Bottled Lightning","ReplayTheSpireMod:Ring of Challenge","Replay:WaspNest","Replay:Accelerometer","Inserter","construct:BoolHorns","Ring of Shattering","construct:FoamFinger","Red Mask","Boot","Ring of Peace","infinitespire:Beetle Shell","Replay:Baseball","Mirror","War Paint","Calling Bell","Bronze Scales","infinitespire:Broken Mirror","Girya","ReplayTheSpireMod:Lightbulb","Ring of Fury","Ginger","Onion Ring","Counterbalance","ReplayFunnel","Symbiotic Virus","Omamori","Pandora\u0027s Box","infinitespire:Lucky Rock","Lizard Tail","infinitespire:Bottled Soul","ReplayTheSpireMod:Ring of Exchange","Juzu Bracelet","Durian","Ring of Hypnosis","infinitespire:Eraser","Whetstone","Strawberry","Nunchaku","infinitespire:CursedDice","Old Coin","Ancient Tea Set","Anchor","Cables","DataDisk","infinitespire:Satchel","infinitespire:EmpoweringShard","Torii","Molten Egg 2","Bag of Preparation","Chemical X","Pantograph","InkBottle","Quantum Egg","Bag of Marbles","Prayer Wheel","Shuriken","Replay:Arrowhead","infinitespire:SolderingIron","NlothsMask","ReplayTheSpireMod:Ninjato","Runic Dome","Ornamental Fan","Turnip","Smiling Mask","Bottled Tornado","Blue Candle","infinitespire:WardingShard","Replay:Bottled Snecko","infinitespire:EvilPickle","Black Star","OrangePellets","StoneCalendar","Iron Hammer","Divine Protection","Replay:Bottled Eggs","Winged Necklace","Replay:Bottled Steam","Pear","Regal Pillow","Emotion Chip","SlaversCollar","Replay:Bottled Flurry","Pen Nib","Lantern","infinitespire:BottledMercury"],"acts_visited":["Exordium","TheCity","TheBeyond","Exordium","TheCity","TheBeyond","Exordium","TheCity","TheBeyond","TheEnding"],"potions_floor_usage":[50,50,50,50,50,50,59,70,78,78,142,142,142,142,142,149,154],"damage_taken":[{"damage":0.0,"enemies":"Cultist","floor":1.0,"turns":1.0},{"damage":0.0,"enemies":"Gremlin Nob","floor":6.0,"turns":1.0},{"damage":0.0,"enemies":"2 Louse","floor":8.0,"turns":1.0},{"damage":25.0,"enemies":"3 Sentries","floor":11.0,"turns":10.0},{"damage":14.0,"enemies":"Jaw Worm","floor":13.0,"turns":3.0},{"damage":35.0,"enemies":"Slime Boss","floor":16.0,"turns":11.0},{"damage":24.0,"enemies":"Shell Parasite","floor":18.0,"turns":8.0},{"damage":32.0,"enemies":"2 Thieves","floor":19.0,"turns":5.0},{"damage":1.0,"enemies":"Cultist and Chosen","floor":24.0,"turns":6.0},{"damage":3.0,"enemies":"Shelled Parasite and Fungi","floor":29.0,"turns":5.0},{"damage":0.0,"enemies":"Book of Stabbing","floor":30.0,"turns":5.0},{"damage":20.0,"enemies":"Chosen and Byrds","floor":31.0,"turns":5.0},{"damage":40.0,"enemies":"Champ","floor":33.0,"turns":11.0},{"damage":7.0,"enemies":"Orb Walker","floor":35.0,"turns":4.0},{"damage":6.0,"enemies":"infinitespire:Three Voidlings","floor":36.0,"turns":5.0},{"damage":40.0,"enemies":"Nightmare_Alpha","floor":36.0,"turns":11.0},{"damage":3,"enemies":"3 Shapes","floor":38,"turns":4},{"damage":9,"enemies":"R_Hoarder","floor":40,"turns":8},{"damage":31,"enemies":"Spire Growth","floor":42,"turns":6},{"damage":10,"enemies":"4 Shapes","floor":47,"turns":3},{"damage":0,"enemies":"Maw","floor":48,"turns":6},{"damage":0,"enemies":"Awakened One","floor":50,"turns":8},{"damage":0,"enemies":"Cultist","floor":52,"turns":2},{"damage":0,"enemies":"Jaw Worm","floor":54,"turns":2},{"damage":0,"enemies":"2 Louse","floor":56,"turns":1},{"damage":0,"enemies":"Lagavulin","floor":57,"turns":2},{"damage":0,"enemies":"3 Sentries","floor":59,"turns":3},{"damage":0,"enemies":"Blue Slaver","floor":62,"turns":2},{"damage":0,"enemies":"Lagavulin","floor":65,"turns":2},{"damage":0,"enemies":"Slime Boss","floor":67,"turns":3},{"damage":0,"enemies":"3 Byrds","floor":69,"turns":2},{"damage":0,"enemies":"Spheric Guardian","floor":70,"turns":1},{"damage":0,"enemies":"Centurion and Healer","floor":71,"turns":2},{"damage":12,"enemies":"Book of Stabbing","floor":76,"turns":2},{"damage":0,"enemies":"Gremlin Leader","floor":78,"turns":5},{"damage":10,"enemies":"Book of Stabbing","floor":80,"turns":3},{"damage":0,"enemies":"Automaton","floor":86,"turns":3},{"damage":0,"enemies":"Orb Walker","floor":88,"turns":1},{"damage":0,"enemies":"3 Shapes","floor":89,"turns":2},{"damage":0,"enemies":"3 Darklings","floor":92,"turns":2},{"damage":0,"enemies":"Spire Growth","floor":94,"turns":3},{"damage":0,"enemies":"Giant Head","floor":97,"turns":3},{"damage":0,"enemies":"4 Shapes","floor":100,"turns":1},{"damage":0,"enemies":"Maw","floor":101,"turns":3},{"damage":0,"enemies":"Donu and Deca","floor":103,"turns":3},{"damage":0,"enemies":"2 Louse","floor":105,"turns":1},{"damage":0,"enemies":"Cultist","floor":106,"turns":2},{"damage":0,"enemies":"Small Slimes","floor":108,"turns":1},{"damage":0,"enemies":"Nightmare","floor":110,"turns":1},{"damage":0,"enemies":"Gremlin Nob","floor":112,"turns":1},{"damage":0,"enemies":"Lagavulin","floor":115,"turns":1},{"damage":0,"enemies":"Blue Slaver","floor":117,"turns":1},{"damage":0,"enemies":"Red Slaver","floor":118,"turns":1},{"damage":0,"enemies":"Fading Forest","floor":120,"turns":4},{"damage":0,"enemies":"2 Thieves","floor":122,"turns":2},{"damage":0,"enemies":"3 Byrds","floor":123,"turns":2},{"damage":0,"enemies":"Cultist and Chosen","floor":126,"turns":2},{"damage":0,"enemies":"Centurion and Healer","floor":132,"turns":2},{"damage":0,"enemies":"3 Cultists","floor":133,"turns":2},{"damage":0,"enemies":"Gremlin Leader","floor":134,"turns":2},{"damage":0,"enemies":"Snake Plant","floor":135,"turns":1},{"damage":0,"enemies":"Pondfish","floor":137,"turns":3},{"damage":0,"enemies":"3 Darklings","floor":139,"turns":2},{"damage":0,"enemies":"3 Shapes","floor":140,"turns":2},{"damage":0,"enemies":"2 Orb Walkers","floor":142,"turns":3},{"damage":0,"enemies":"Sphere and 2 Shapes","floor":145,"turns":1},{"damage":0,"enemies":"Nightmare","floor":146,"turns":1},{"damage":0,"enemies":"Writhing Mass","floor":148,"turns":2},{"damage":0,"enemies":"Transient","floor":149,"turns":3},{"damage":0,"enemies":"Spire Growth","floor":150,"turns":2},{"damage":0,"enemies":"Giant Head","floor":151,"turns":3},{"damage":0,"enemies":"Time Eater","floor":154,"turns":3},{"damage":0,"enemies":"Shield and Spear","floor":158,"turns":3},{"damage":11,"enemies":"The Heart","floor":159,"turns":6}],"seed_played":"-5865673105794595369","potions_obtained":[{"floor":6.0,"key":"LiquidBronze"},{"floor":11.0,"key":"SteroidPotion"},{"floor":22.0,"key":"Strength Potion"},{"floor":22.0,"key":"Adrenaline Potion"},{"floor":22.0,"key":"SpeedPotion"},{"floor":24.0,"key":"EssenceOfSteel"},{"floor":29.0,"key":"EssenceOfSteel"},{"floor":30.0,"key":"Venom Potion"},{"floor":31.0,"key":"BlessingOfTheForge"},{"floor":33.0,"key":"Fire Potion"},{"floor":35.0,"key":"FocusPotion"},{"floor":36,"key":"CultistPotion"},{"floor":38,"key":"Elixir"},{"floor":42,"key":"EntropicBrew"},{"floor":50,"key":"PowerPotion"},{"floor":52,"key":"Doom Potion"},{"floor":54,"key":"Fire Potion"},{"floor":59,"key":"DuplicationPotion"},{"floor":71,"key":"Energy Potion"},{"floor":86,"key":"SteroidPotion"},{"floor":88,"key":"PotionOfCapacity"},{"floor":103,"key":"EntropicBrew"},{"floor":133,"key":"Death Potion"},{"floor":145,"key":"SkillPotion"},{"floor":146,"key":"Weak Potion"},{"floor":149,"key":"AttackPotion"},{"floor":154,"key":"Energy Potion"}],"is_trial":false,"path_per_floor":["M","?","?","$","?","E","R","M","T","?","?","$","M","$","R","B",null,"M","M","$","?","T","R","M","R","T","?","$","M","E","M","R","B",null,"M","?","T","M","?","E","?","M","T","R","$","R","M","M","R","B",null,"M","$","M","?","M","E","T","E","T","R","M","R","AVR","E","R","B",null,"M","M","M","T","PTL","PTL","?","E","T","E","T","E","$","R","?","$","R","B",null,"M","M","$","?","M","R","M","R","T","E","?","$","M","M","R","B",null,"M","M","AVR","M","T","NM","R","E","T","R","E","?","M","M","R_BF","B",null,"M","M","$","?","M","R","AVR","?","T","T","M","M","E","M","R","B",null,"M","M","AVR","?","$","R","M","NM","T","M","M","M","E","$","R","B",null,"R","$","E","B",null],"character_chosen":"DEFECT","items_purchased":["PreservedInsect","Raider\u0027s Mask","Rainbow","Heatsinks","Membership Card","Mummified Hand","Carrot","Apotheosis","Heatsinks","Defragment","FIFO Queue","Ancient Tea Set","Anchor","Defragment","Defragment","Molten Egg 2","Ornamental Fan","Loop+1","Swift Strike+1","Iron Hammer","Pen Nib"],"campfire_rested":1,"item_purchase_floors":[12,12,12,12,20,20,20,45,45,45,53,84,84,90,90,99,124,124,124,143,157],"current_hp_per_floor":[75,75,68,68,68,68,68,68,68,68,43,58,44,59,59,24,75,51,19,34,34,34,34,33,33,33,33,48,45,45,25,46,6,73,66,33,33,30,30,21,62,31,31,31,46,46,36,36,36,36,56,56,56,54,54,54,52,52,52,52,52,52,50,50,50,48,48,48,46,46,46,46,46,44,44,37,37,37,44,34,49,49,49,52,50,50,50,48,48,48,35,35,35,35,35,35,35,35,42,40,40,40,38,38,38,36,36,36,34,34,34,32,32,32,30,30,30,28,28,28,26,26,26,24,24,24,22,22,22,20,20,20,18,18,18,16,16,16,14,14,14,12,12,12,12,10,10,10,8,8,18,18,16,16,16,16,16,14,3],"gold":0,"neow_bonus":"THREE_ENEMY_KILL","is_daily":false,"chose_seed":false,"campfire_upgraded":0,"win_rate":0.0,"timestamp":1610958720,"path_taken":["M","?","?","$","?","E","R","M","T","?","?","$","M","$","R","BOSS","M","M","$","?","?","R","M","R","T","?","$","M","E","M","R","BOSS","M","?","?","M","?","E","?","M","T","R","$","R","M","M","R","BOSS","M","$","M","?","M","E","?","E","T","R","M","R","AVR","E","R","BOSS","M","M","?","?","PTL","PTL","?","E","?","E","T","E","$","R","?","$","R","BOSS","M","M","$","?","M","R","M","R","T","E","?","$","M","M","R","BOSS","M","M","AVR","M","?","NM","R","E","T","R","E","?","M","M","R_BF","BOSS","M","M","$","?","M","R","AVR","?","T","?","M","M","E","M","R","BOSS","M","M","AVR","?","$","R","M","NM","T","M","M","M","E","$","R","BOSS","R","$","E","BOSS"],"items_purchased_type":["Relic","Relic","Card","Card","Relic","Relic","Relic","Card","Card","Card","Card","Relic","Relic","Card","Card","Relic","Relic","Card","Card","Relic","Relic"],"build_version":"2020-12-22","purchased_purges":12,"victory":true,"max_hp_per_floor":[75,75,75,75,75,75,75,75,75,75,75,75,75,75,75,75,75,75,75,75,75,75,75,75,75,75,75,73,73,73,73,73,73,73,73,73,73,73,73,71,62,62,60,60,60,58,58,58,56,56,56,56,56,54,54,54,52,52,52,52,52,52,50,50,50,48,48,48,46,46,46,46,46,44,44,49,47,47,54,54,54,52,52,52,50,50,50,48,48,48,46,46,46,44,44,44,42,42,42,40,40,40,38,38,38,36,36,36,34,34,34,32,32,32,30,30,30,28,28,28,26,26,26,24,24,24,22,22,22,20,20,20,18,18,18,16,16,16,14,14,14,12,12,12,12,10,10,10,8,8,18,18,16,16,16,16,16,14,14],"card_choices":[{"not_picked":["Melter","FTL"],"picked":"Panic Button","floor":1.0},{"not_picked":["Consume","ReplaySort"],"picked":"Storm","floor":6.0},{"not_picked":["Ball Lightning","Turbo"],"picked":"Defragment","floor":8.0},{"not_picked":["Hologram","Cold Snap"],"picked":"Compile Driver","floor":13.0},{"not_picked":["Amplify","All For One"],"picked":"Mirror Shield","floor":16.0},{"not_picked":["Steam","Sunder","ReplayTheSpireMod:GoodbyeWorld+1"],"picked":"SKIP","floor":18.0},{"not_picked":["Sweeping Beam","Go for the Eyes+1"],"picked":"Conserve Battery+1","floor":19.0},{"not_picked":["Conserve Battery","Turbo+1","Redo"],"picked":"SKIP","floor":24.0},{"not_picked":["Conserve Battery","Turbo+1","Redo"],"picked":"SKIP","floor":24.0},{"not_picked":["Hyperbeam","Barrage"],"picked":"Coolheaded","floor":29.0},{"not_picked":["Redo","Go for the Eyes","Scrape+1"],"picked":"SKIP","floor":30.0},{"not_picked":["BasicCrystalCard","Turbo+1"],"picked":"Seek","floor":31.0},{"not_picked":["ReplayTheSpireMod:Omega Cannon","ReplayTheSpireMod:Fabricate Wheel"],"picked":"Thunder Strike","floor":33.0},{"not_picked":["Go for the Eyes","Barrage"],"picked":"Coolheaded+1","floor":35.0},{"not_picked":["infinitespire:FutureSight","infinitespire:Collect"],"picked":"infinitespire:Oblivion","floor":36},{"not_picked":["Turbo+1","ReplaySort"],"picked":"Tempest+1","floor":36},{"not_picked":["Gash","Coolheaded+1","Leap+1"],"picked":"SKIP","floor":38},{"not_picked":["Sweeping Beam","Tempest+1","Leap+1"],"picked":"SKIP","floor":40},{"not_picked":["ReplayTheSpireMod:Repulse+1","BasicCrystalCard","Coolheaded"],"picked":"SKIP","floor":42},{"not_picked":["Steam","Panic Button"],"picked":"Seek","floor":47},{"not_picked":["Glacier+1","ReplayTheSpireMod:GoodbyeWorld"],"picked":"Static Discharge","floor":48},{"not_picked":["Rainbow","ReplayTheSpireMod:Omega Cannon"],"picked":"Machine Learning","floor":50},{"not_picked":["Streamline","Rebound","FTL"],"picked":"SKIP","floor":52},{"not_picked":["ReplayTheSpireMod:Reroute Power","Rebound"],"picked":"Time Bomb","floor":54},{"not_picked":["Go for the Eyes","Conserve Battery","Rip and Tear"],"picked":"SKIP","floor":56},{"not_picked":["Conserve Battery","Genetic Algorithm","Steam"],"picked":"SKIP","floor":57},{"not_picked":["ReplayTheSpireMod:Omega Cannon","Core Surge","Turbo"],"picked":"SKIP","floor":59},{"not_picked":["Compile Driver","Panic Button"],"picked":"Capacitor","floor":62},{"not_picked":["Time Bomb","Conserve Battery","Redo"],"picked":"SKIP","floor":65},{"not_picked":["ReplayTheSpireMod:Omega Cannon","Amplify"],"picked":"Echo Form","floor":67},{"not_picked":["Barrage","Gash+1","Auto Shields"],"picked":"SKIP","floor":69},{"not_picked":["Conserve Battery","Turbo"],"picked":"Crystallizer","floor":70},{"not_picked":["Hologram","Echo Form","Coolheaded"],"picked":"SKIP","floor":71},{"not_picked":["Skim","Go for the Eyes","Coolheaded"],"picked":"SKIP","floor":76},{"not_picked":["Compile Driver","Coolheaded","Leap"],"picked":"SKIP","floor":78},{"not_picked":["Leap","Blizzard"],"picked":"Biased Cognition","floor":80},{"not_picked":["infinitespire:Gouge","infinitespire:Fortify"],"picked":"infinitespire:UltimateForm","floor":86},{"not_picked":["ReplayRNGCard","Core Surge"],"picked":"Multi-Cast","floor":86},{"not_picked":["Steam+1","Cold Snap+1","Sweeping Beam+1"],"picked":"SKIP","floor":88},{"not_picked":["Panic Button","Steam+1","Coolheaded"],"picked":"SKIP","floor":89},{"not_picked":["Conserve Battery","Leap+1","Steam Power"],"picked":"SKIP","floor":92},{"not_picked":["Coolheaded+1","Sunder","Streamline+1"],"picked":"SKIP","floor":94},{"not_picked":["Sweeping Beam","Skim+1","FTL"],"picked":"SKIP","floor":97},{"not_picked":["ReplayTheSpireMod:GoodbyeWorld+1","Self Repair"],"picked":"Creative AI","floor":100},{"not_picked":["Gash+1","Turbo","ReplayTheSpireMod:Calculation Training+1"],"picked":"SKIP","floor":101},{"not_picked":["Amplify","ReplayTheSpireMod:Fabricate Wheel"],"picked":"Electrodynamics","floor":103},{"not_picked":["Gash+1","Crystallizer","Capacitor"],"picked":"SKIP","floor":105},{"not_picked":["Turbo","Cold Snap+1","Coolheaded"],"picked":"SKIP","floor":106},{"not_picked":["ReplayTheSpireMod:Calculation Training","Double Energy","Coolheaded"],"picked":"SKIP","floor":108},{"not_picked":["Melter+1","Streamline+1"],"picked":"Lockon+1","floor":110},{"not_picked":["Consume","Compile Driver+1","Ball Lightning+1"],"picked":"SKIP","floor":112},{"not_picked":["Gash+1","Ball Lightning+1","Go for the Eyes+1"],"picked":"SKIP","floor":115},{"not_picked":["All For One+1","Compile Driver+1","FIFO Queue"],"picked":"SKIP","floor":117},{"not_picked":["Turbo","FTL+1","Consume"],"picked":"SKIP","floor":117},{"not_picked":["Turbo","Gash+1","Hello World"],"picked":"SKIP","floor":118},{"not_picked":["Conserve Battery","Compile Driver+1","FIFO Queue"],"picked":"SKIP","floor":118},{"not_picked":["Amplify","Seek"],"picked":"Biased Cognition","floor":120},{"not_picked":["Steam Power+1","Gash+1","Streamline+1"],"picked":"SKIP","floor":122},{"not_picked":["Leap","Static Discharge","ReplayTheSpireMod:Repulse"],"picked":"SKIP","floor":122},{"not_picked":["Coolheaded","Go for the Eyes+1","Sweeping Beam+1"],"picked":"SKIP","floor":123},{"not_picked":["Cold Snap+1","Redo","Stack"],"picked":"SKIP","floor":123},{"not_picked":["Hyperbeam+1","Auto Shields","Conserve Battery"],"picked":"SKIP","floor":126},{"not_picked":["Tempest","Redo+1","Gash+1"],"picked":"SKIP","floor":126},{"not_picked":["Fusion+1","ReplayTheSpireMod:Calculation Training","ReplayTheSpireMod:Reroute Power"],"picked":"SKIP","floor":132},{"not_picked":["FTL+1","Turbo+1","Sunder+1"],"picked":"SKIP","floor":132},{"not_picked":["Reinforced Body","Mirror Shield","Stack"],"picked":"SKIP","floor":133},{"not_picked":["ReplayTheSpireMod:System Scan+1","Streamline+1","Lockon+1"],"picked":"SKIP","floor":133},{"not_picked":["Streamline+1","Sweeping Beam+1","White Noise"],"picked":"SKIP","floor":134},{"not_picked":["Leap","Stack","Double Energy"],"picked":"SKIP","floor":135},{"not_picked":["Cold Snap+1","Conserve Battery","Redo"],"picked":"SKIP","floor":135},{"not_picked":["Machine Learning","Thunder Strike+1"],"picked":"Fission","floor":137},{"not_picked":["Panic Button+1","Sweeping Beam+1","Crystallizer+1"],"picked":"SKIP","floor":139},{"not_picked":["ReplayTheSpireMod:GoodbyeWorld","Lockon+1","Beam Cell+1"],"picked":"SKIP","floor":139},{"not_picked":["Rip and Tear+1","Beam Cell+1","Glacier+1"],"picked":"SKIP","floor":140},{"not_picked":["Turbo+1","Static Discharge+1","Streamline+1"],"picked":"SKIP","floor":140},{"not_picked":["Cold Snap+1","Aggregate","Rebound+1"],"picked":"SKIP","floor":145},{"not_picked":["Turbo","Ball Lightning+1","Doom and Gloom+1"],"picked":"SKIP","floor":145},{"not_picked":["infinitespire:DeathsTouch","infinitespire:Starlight"],"picked":"infinitespire:Punishment","floor":146},{"not_picked":["Go for the Eyes+1","Steam+1"],"picked":"Blizzard+1","floor":146},{"not_picked":["BasicCrystalCard+1","Reinforced Body","Doom and Gloom+1"],"picked":"SKIP","floor":148},{"not_picked":["FTL+1","Stack+1","ReplayTheSpireMod:GoodbyeWorld"],"picked":"SKIP","floor":148},{"not_picked":["Storm+1","ReplaySolidLightProjector+1"],"picked":"White Noise","floor":149},{"not_picked":["Seek","Genetic Algorithm","Defragment"],"picked":"SKIP","floor":149},{"not_picked":["Loop+1","Stack"],"picked":"Tempest+1","floor":150},{"not_picked":["Fusion+1","Skim","Steam Power+1"],"picked":"SKIP","floor":150},{"not_picked":["Turbo+1","ReplaySolidLightProjector"],"picked":"Biased Cognition","floor":151},{"not_picked":["Redo+1","Auto Shields","Force Field"],"picked":"SKIP","floor":158}],"player_experience":196664,"relics_obtained":[{"floor":6.0,"key":"Shovel"},{"floor":7.0,"key":"Matryoshka"},{"floor":9.0,"key":"Tiny Chest"},{"floor":10.0,"key":"Ring of Greed"},{"floor":10.0,"key":"ReplayTheSpireMod:Ring of Collecting"},{"floor":10.0,"key":"The Courier"},{"floor":10.0,"key":"Replay:Wax Seal"},{"floor":15.0,"key":"Pocketwatch"},{"floor":22.0,"key":"Kunai"},{"floor":22.0,"key":"ReplayTheSpireMod:Ring of Addiction"},{"floor":22.0,"key":"Chameleon Ring"},{"floor":22.0,"key":"White Beast Statue"},{"floor":23.0,"key":"MawBank"},{"floor":25.0,"key":"Bottled Lightning"},{"floor":26.0,"key":"ReplayTheSpireMod:Ring of Challenge"},{"floor":26.0,"key":"Replay:WaspNest"},{"floor":30.0,"key":"Replay:Accelerometer"},{"floor":36,"key":"construct:BoolHorns"},{"floor":37,"key":"Ring of Shattering"},{"floor":37,"key":"construct:FoamFinger"},{"floor":40,"key":"Boot"},{"floor":43,"key":"Ring of Peace"},{"floor":43,"key":"infinitespire:Beetle Shell"},{"floor":44,"key":"Replay:Baseball"},{"floor":46,"key":"Mirror"},{"floor":49,"key":"War Paint"},{"floor":51,"key":"Bronze Scales"},{"floor":51,"key":"infinitespire:Broken Mirror"},{"floor":51,"key":"Girya"},{"floor":57,"key":"ReplayTheSpireMod:Lightbulb"},{"floor":58,"key":"Ring of Fury"},{"floor":58,"key":"Ginger"},{"floor":59,"key":"Onion Ring"},{"floor":59,"key":"Counterbalance"},{"floor":60,"key":"ReplayFunnel"},{"floor":61,"key":"Symbiotic Virus"},{"floor":63,"key":"Omamori"},{"floor":65,"key":"Lizard Tail"},{"floor":66,"key":"infinitespire:Bottled Soul"},{"floor":72,"key":"ReplayTheSpireMod:Ring of Exchange"},{"floor":72,"key":"Juzu Bracelet"},{"floor":76,"key":"Durian"},{"floor":77,"key":"Ring of Hypnosis"},{"floor":77,"key":"infinitespire:Eraser"},{"floor":78,"key":"Whetstone"},{"floor":79,"key":"Strawberry"},{"floor":80,"key":"Nunchaku"},{"floor":80,"key":"infinitespire:CursedDice"},{"floor":82,"key":"Old Coin"},{"floor":85,"key":"Cables"},{"floor":93,"key":"DataDisk"},{"floor":95,"key":"infinitespire:Satchel"},{"floor":96,"key":"infinitespire:EmpoweringShard"},{"floor":97,"key":"Torii"},{"floor":102,"key":"Bag of Preparation"},{"floor":109,"key":"InkBottle"},{"floor":110,"key":"Quantum Egg"},{"floor":111,"key":"Bag of Marbles"},{"floor":112,"key":"Prayer Wheel"},{"floor":113,"key":"Shuriken"},{"floor":114,"key":"Replay:Arrowhead"},{"floor":115,"key":"infinitespire:SolderingIron"},{"floor":119,"key":"ReplayTheSpireMod:Ninjato"},{"floor":127,"key":"Turnip"},{"floor":130,"key":"Bottled Tornado"},{"floor":131,"key":"Blue Candle"},{"floor":134,"key":"infinitespire:WardingShard"},{"floor":136,"key":"Replay:Bottled Snecko"},{"floor":142,"key":"StoneCalendar"},{"floor":144,"key":"Divine Protection"},{"floor":146,"key":"Replay:Bottled Eggs"},{"floor":146,"key":"Winged Necklace"},{"floor":147,"key":"Replay:Bottled Steam"},{"floor":151,"key":"Pear"},{"floor":151,"key":"Regal Pillow"},{"floor":153,"key":"Emotion Chip"},{"floor":156,"key":"Replay:Bottled Flurry"},{"floor":158,"key":"Lantern"},{"floor":158,"key":"infinitespire:BottledMercury"}],"event_choices":[{"damage_healed":0.0,"max_hp_gain":0.0,"max_hp_loss":0.0,"gold_gain":0.0,"event_name":"Big Fish","player_choice":"Box","floor":2.0,"gold_loss":0.0,"damage_taken":0.0,"relics_obtained":["Oddly Smooth Stone"],"cards_obtained":["Regret"]},{"damage_healed":0.0,"max_hp_gain":0.0,"max_hp_loss":0.0,"gold_gain":0.0,"event_name":"Scrap Ooze","player_choice":"Success","floor":3.0,"gold_loss":0.0,"damage_taken":7.0,"relics_obtained":["Ice Cream"]},{"damage_healed":0.0,"max_hp_gain":0.0,"max_hp_loss":0.0,"gold_gain":30.0,"event_name":"Dead Adventurer","player_choice":"Searched \u00273\u0027 times","floor":11.0,"gold_loss":0.0,"damage_taken":0.0,"relics_obtained":["MealTicket"]},{"damage_healed":0.0,"max_hp_gain":0.0,"max_hp_loss":0.0,"gold_gain":0.0,"cards_transformed":["Voices","Strike_B"],"event_name":"Drug Dealer","player_choice":"Became Test Subject","floor":21.0,"gold_loss":0.0,"damage_taken":0.0,"cards_obtained":["Shame","Chaos"]},{"cards_removed":["Delirium"],"damage_healed":0.0,"max_hp_gain":0.0,"max_hp_loss":0.0,"gold_gain":0.0,"event_name":"Back to Basics","player_choice":"Elegance","floor":27.0,"gold_loss":0.0,"damage_taken":0.0},{"cards_removed":["Regret"],"damage_healed":0,"gold_gain":0,"player_choice":"Elegance","damage_taken":0,"max_hp_gain":0,"max_hp_loss":0,"event_name":"Back to Basics","floor":36,"gold_loss":0},{"damage_healed":0,"gold_gain":0,"player_choice":"Paid","damage_taken":0,"relics_obtained":["Red Mask"],"max_hp_gain":0,"max_hp_loss":0,"event_name":"Tomb of Lord Red Mask","floor":39,"gold_loss":82},{"damage_healed":62,"gold_gain":0,"player_choice":"Heal","damage_taken":0,"max_hp_gain":0,"max_hp_loss":9,"event_name":"The Moai Head","floor":41,"gold_loss":0},{"cards_removed":["Doubt"],"damage_healed":0,"gold_gain":0,"player_choice":"Forget","damage_taken":0,"max_hp_gain":0,"max_hp_loss":0,"event_name":"Living Wall","floor":55,"gold_loss":0},{"damage_healed":0,"gold_gain":0,"player_choice":"Ignored","damage_taken":0,"max_hp_gain":0,"max_hp_loss":0,"event_name":"Vampires","floor":75,"gold_loss":0},{"cards_removed":["Decay"],"damage_healed":0,"gold_gain":0,"player_choice":"Elegance","damage_taken":0,"max_hp_gain":0,"max_hp_loss":0,"event_name":"Back to Basics","floor":83,"gold_loss":0},{"cards_removed":["Capacitor"],"damage_healed":0,"gold_gain":0,"player_choice":"Removed Power","damage_taken":0,"max_hp_gain":0,"max_hp_loss":0,"event_name":"Falling","floor":98,"gold_loss":0},{"damage_healed":0,"gold_gain":0,"player_choice":"Trade","damage_taken":0,"relics_obtained":["NlothsMask"],"max_hp_gain":0,"max_hp_loss":0,"event_name":"FaceTrader","floor":116,"gold_loss":0},{"damage_healed":0,"gold_gain":0,"cards_transformed":["Swift Strike","ReplayTheSpireMod:Calculation Training"],"player_choice":"Became Test Subject","damage_taken":0,"max_hp_gain":0,"max_hp_loss":0,"event_name":"Drug Dealer","floor":125,"gold_loss":0,"cards_obtained":["Enlightenment","Genetic Algorithm"]},{"damage_healed":0,"gold_gain":0,"player_choice":"Ignored","damage_taken":0,"max_hp_gain":0,"max_hp_loss":0,"event_name":"Ghosts","floor":129,"gold_loss":0},{"damage_healed":0,"gold_gain":0,"player_choice":"Fight","damage_taken":0,"max_hp_gain":0,"max_hp_loss":0,"event_name":"Mysterious Sphere","floor":142,"gold_loss":0}],"is_beta":false,"boss_relics":[{"not_picked":["ChewingGum","construct:ClawGrip"],"picked":"Philosopher\u0027s Stone"},{"not_picked":["Replay:Drink Me","FrozenCore"],"picked":"Inserter"},{"not_picked":["Snecko Heart","Tiny House"],"picked":"Calling Bell"},{"not_picked":["Honey Jar","Snecko Eye","ReplayTheSpireMod:DimensionalGlitch"]},{"not_picked":["infinitespire:Chaos","infinitespire:Cupcake","Painkiller Herb"]},{"not_picked":["Runic Capacitor","Busted Crown"],"picked":"Chemical X"},{"not_picked":["infinitespire:Cupcake","ChewingGum"],"picked":"Runic Dome"},{"not_picked":["ReplayTheSpireMod:SealedPack","Nuclear Battery"],"picked":"Black Star"},{"not_picked":["construct:ClawGrip","ReplayTheSpireMod:DimensionalGlitch"],"picked":"SlaversCollar"}],"items_purged_floors":[4,12,20,28,64,81,90,107,128,141,143,157],"is_endless":true,"potions_floor_spawned":[6,11,24,29,30,31,33,35,36,36,38,40,42,47,48,50,52,54,56,57,59,62,65,67,69,70,71,76,78,80,86,88,89,92,94,97,100,101,103,105,106,108,110,112,115,117,118,120,122,123,126,132,133,134,135,137,139,140,142,145,146,148,149,150,151,154,158,159],"ascension_level":2}}