{"host":"9n6i2vl93jt4o42q","time":1610983038,"event":{"mods":["BaseMod","Minty Spire (QoL Compilation)","Relic Stats"],"gold_per_floor":[117,135,149,33,33,33,69,69,92,108,14,45,79,79,79,169,169,147,161,177,177,193,193,224,224,269,312,332,38,62,76,76,171,171,184,202,12,76,76,76,101,144,198,198,198],"floor_reached":44,"language":"ENG","playtime":6923,"items_purged":["Defend_R","Strike_R"],"score":1176,"play_id":"db3c2b0c-a523-4bf5-ac40-a7bf8eb2de79","local_time":"20210118161718","is_ascension_mode":true,"campfire_choices":[{"data":"Uppercut","floor":6.0,"key":"SMITH"},{"data":"Armaments","floor":8.0,"key":"SMITH"},{"data":"Barricade","floor":15.0,"key":"SMITH"},{"floor":23.0,"key":"REST"},{"floor":25.0,"key":"REST"},{"floor":32.0,"key":"REST"},{"floor":40,"key":"RECALL"}],"circlet_count":0,"master_deck":["AscendersBane","Strike_R","Strike_R+1","Strike_R+1","Defend_R","Defend_R","Defend_R","Bash","Wild Strike","Disarm","Shrug It Off","Bloodletting","Uppercut+1","Armaments+1","Shrug It Off","True Grit","Rupture","Ghostly Armor","Barricade+1","Feed","Armaments","Hemokinesis","Headbutt+1","Inflame","Thunderclap","Immolate","Power Through+1","Impervious","Twin Strike","Iron Wave+1","Pummel+1","Reaper","Shrug It Off","Spot Weakness","Evolve"],"relics":["Burning Blood","Golden Idol","Red Skull","Whetstone","Odd Mushroom","MealTicket","Fusion Hammer","Self Forming Clay","Pen Nib","Anchor","Mark of Pain","Gambling Chip","Juzu Bracelet"],"acts_visited":["Exordium","TheCity","TheBeyond"],"potions_floor_usage":[38,42,42,44],"damage_taken":[{"damage":2.0,"enemies":"Cultist","floor":1.0,"turns":4.0},{"damage":9.0,"enemies":"Jaw Worm","floor":2.0,"turns":4.0},{"damage":10.0,"enemies":"Small Slimes","floor":3.0,"turns":3.0},{"damage":24.0,"enemies":"Gremlin Nob","floor":7.0,"turns":4.0},{"damage":4.0,"enemies":"Blue Slaver","floor":10.0,"turns":3.0},{"damage":19.0,"enemies":"The Mushroom Lair","floor":12.0,"turns":5.0},{"damage":23.0,"enemies":"3 Sentries","floor":13.0,"turns":11.0},{"damage":15.0,"enemies":"Hexaghost","floor":16.0,"turns":16.0},{"damage":5.0,"enemies":"2 Thieves","floor":18.0,"turns":4.0},{"damage":9.0,"enemies":"3 Byrds","floor":19.0,"turns":12.0},{"damage":14.0,"enemies":"Snake Plant","floor":20.0,"turns":6.0},{"damage":12.0,"enemies":"Centurion and Healer","floor":22.0,"turns":9.0},{"damage":62.0,"enemies":"Book of Stabbing","floor":24.0,"turns":7.0},{"damage":20.0,"enemies":"Gremlin Leader","floor":27.0,"turns":7.0},{"damage":2.0,"enemies":"Cultist and Chosen","floor":28.0,"turns":9.0},{"damage":13.0,"enemies":"Chosen and Byrds","floor":30.0,"turns":5.0},{"damage":12.0,"enemies":"Snake Plant","floor":31.0,"turns":3.0},{"damage":6.0,"enemies":"Champ","floor":33.0,"turns":17.0},{"damage":29,"enemies":"3 Darklings","floor":35,"turns":9},{"damage":32,"enemies":"Orb Walker","floor":36,"turns":6},{"damage":58,"enemies":"2 Orb Walkers","floor":38,"turns":5},{"damage":23,"enemies":"Spire Growth","floor":41,"turns":4},{"damage":18,"enemies":"Nemesis","floor":42,"turns":9},{"damage":97,"enemies":"Giant Head","floor":44,"turns":8}],"seed_played":"-5514563715626244900","potions_obtained":[{"floor":1.0,"key":"LiquidMemories"},{"floor":7.0,"key":"SneckoOil"},{"floor":10.0,"key":"LiquidMemories"},{"floor":16.0,"key":"FearPotion"},{"floor":18.0,"key":"LiquidMemories"},{"floor":22.0,"key":"ColorlessPotion"},{"floor":28.0,"key":"Block Potion"},{"floor":33.0,"key":"Swift Potion"},{"floor":39,"key":"Weak Potion"},{"floor":42,"key":"Energy Potion"}],"is_trial":false,"path_per_floor":["M","M","M","$","?","R","E","R","T","M","$","?","E","?","R","B",null,"M","M","M","?","M","R","E","R","T","E","M","$","M","M","R","B",null,"M","M","$","?","?","R","M","E","T","E"],"character_chosen":"IRONCLAD","items_purchased":["Bloodletting","Uppercut","True Grit","Rupture","Impervious","Twin Strike","Evolve"],"campfire_rested":3,"item_purchase_floors":[4,4,11,11,29,29,37],"current_hp_per_floor":[79,76,72,72,72,72,54,54,54,56,56,43,26,26,26,17,60,64,64,56,56,53,77,21,45,45,31,38,53,50,44,71,71,85,82,61,76,41,41,41,27,37,37,0,0],"gold":198,"neow_bonus":"TEN_PERCENT_HP_BONUS","is_daily":false,"chose_seed":false,"campfire_upgraded":3,"win_rate":0.0,"timestamp":1610983038,"path_taken":["M","M","M","$","?","R","E","R","T","M","$","?","E","?","R","BOSS","M","M","?","?","M","R","E","R","T","E","M","$","M","?","R","BOSS","M","?","$","?","?","R","M","E","T","E"],"items_purchased_type":["Card","Card","Card","Card","Card","Card","Card"],"build_version":"2020-12-22","purchased_purges":2,"victory":false,"max_hp_per_floor":[82,82,82,82,74,74,74,74,74,74,74,74,74,74,74,74,74,77,80,80,80,83,83,83,83,83,83,86,86,90,90,90,90,90,93,93,93,93,93,93,96,96,96,96,96],"relic_stats":{"counters":[24,170],"Golden Idol":134,"Self Forming Clay":[93],"Gambling Chip":[10],"MealTicket":30,"Pen Nib":[12],"Juzu Bracelet":0,"Whetstone":["Strike_R","Strike_R"],"obtain_stats":[{"Golden Idol":5,"Self Forming Clay":24,"Pen Nib":26,"Juzu Bracelet":42,"Whetstone":9,"Odd Mushroom":12,"Burning Blood":0,"Anchor":27,"Gambling Chip":38,"MealTicket":13,"Fusion Hammer":17,"Mark of Pain":34,"Red Skull":7},{"Golden Idol":3,"Self Forming Clay":13,"Pen Nib":13,"Juzu Bracelet":23,"Whetstone":4,"Odd Mushroom":6,"Burning Blood":0,"Anchor":14,"Gambling Chip":21,"MealTicket":7,"Fusion Hammer":8,"Mark of Pain":18,"Red Skull":4},{"Golden Idol":11,"Self Forming Clay":88,"Pen Nib":88,"Juzu Bracelet":162,"Whetstone":15,"Odd Mushroom":23,"Burning Blood":0,"Anchor":95,"Gambling Chip":149,"MealTicket":34,"Fusion Hammer":50,"Mark of Pain":129,"Red Skull":15}],"Burning Blood":138},"card_choices":[{"not_picked":["Evolve","Heavy Blade"],"picked":"Wild Strike","floor":1.0},{"not_picked":["Inflame","Pommel Strike"],"picked":"Disarm","floor":2.0},{"not_picked":["Flex","Thunderclap"],"picked":"Shrug It Off","floor":3.0},{"not_picked":["Entrench","Dual Wield"],"picked":"Armaments","floor":7.0},{"not_picked":["Heavy Blade","Clothesline"],"picked":"Shrug It Off","floor":10.0},{"not_picked":["Dark Embrace","Entrench"],"picked":"Ghostly Armor","floor":12.0},{"not_picked":["Anger","Intimidate"],"picked":"Barricade","floor":13.0},{"not_picked":["Double Tap","Exhume"],"picked":"Feed","floor":16.0},{"not_picked":["True Grit","Heavy Blade"],"picked":"Armaments","floor":18.0},{"not_picked":["Havoc","Cleave"],"picked":"Hemokinesis","floor":19.0},{"not_picked":["Intimidate","Armaments"],"picked":"Headbutt+1","floor":20.0},{"not_picked":["Dropkick+1","Havoc"],"picked":"Immolate","floor":22.0},{"not_picked":["Heavy Blade","Cleave","Sever Soul"],"picked":"SKIP","floor":24.0},{"not_picked":["Offering","Thunderclap+1"],"picked":"Power Through+1","floor":27.0},{"not_picked":["Rampage","Anger","Cleave"],"picked":"SKIP","floor":28.0},{"not_picked":["Hemokinesis","Warcry+1"],"picked":"Iron Wave+1","floor":30.0},{"not_picked":["Heavy Blade","Body Slam"],"picked":"Pummel+1","floor":31.0},{"not_picked":["Immolate","Corruption"],"picked":"Reaper","floor":33.0},{"not_picked":["Bloodletting","Uppercut"],"picked":"Shrug It Off","floor":35},{"not_picked":["Heavy Blade","Hemokinesis"],"picked":"Spot Weakness","floor":36},{"not_picked":["Heavy Blade","Carnage","Spot Weakness"],"picked":"SKIP","floor":41},{"not_picked":["Hemokinesis","Warcry","Shrug It Off"],"picked":"SKIP","floor":42}],"player_experience":2113538,"relics_obtained":[{"floor":7.0,"key":"Red Skull"},{"floor":9.0,"key":"Whetstone"},{"floor":12.0,"key":"Odd Mushroom"},{"floor":13.0,"key":"MealTicket"},{"floor":24.0,"key":"Self Forming Clay"},{"floor":26.0,"key":"Pen Nib"},{"floor":27.0,"key":"Anchor"},{"floor":38,"key":"Gambling Chip"},{"floor":42,"key":"Juzu Bracelet"}],"event_choices":[{"damage_healed":0.0,"max_hp_gain":0.0,"max_hp_loss":8.0,"gold_gain":0.0,"event_name":"Golden Idol","player_choice":"Lose Max HP","floor":5.0,"gold_loss":0.0,"damage_taken":0.0,"relics_obtained":["Golden Idol"]},{"damage_healed":0.0,"max_hp_gain":0.0,"max_hp_loss":0.0,"gold_gain":0.0,"event_name":"Mushrooms","player_choice":"Fought Mushrooms","floor":12.0,"gold_loss":0.0,"damage_taken":0.0},{"cards_removed":["Strike_R"],"damage_healed":0.0,"max_hp_gain":0.0,"max_hp_loss":0.0,"gold_gain":0.0,"event_name":"Bonfire Elementals","player_choice":"Offered Basic","floor":14.0,"gold_loss":0.0,"damage_taken":0.0},{"damage_healed":0.0,"max_hp_gain":0.0,"max_hp_loss":0.0,"gold_gain":0.0,"event_name":"Match and Keep!","player_choice":"2 cards matched","floor":21.0,"gold_loss":0.0,"damage_taken":0.0,"cards_obtained":["Inflame","Thunderclap"]},{"damage_healed":0,"gold_gain":0,"player_choice":"Fight","damage_taken":0,"max_hp_gain":0,"max_hp_loss":0,"event_name":"Mysterious Sphere","floor":38,"gold_loss":0},{"damage_healed":0,"gold_gain":0,"player_choice":"Got Potions","damage_taken":0,"max_hp_gain":0,"max_hp_loss":0,"event_name":"Lab","floor":39,"gold_loss":0}],"is_beta":false,"boss_relics":[{"not_picked":["Tiny House","Snecko Eye"],"picked":"Fusion Hammer"},{"not_picked":["Busted Crown","Sozu"],"picked":"Mark of Pain"}],"items_purged_floors":[29,37],"is_endless":false,"potions_floor_spawned":[1,7,10,16,18,22,28,33,35,42],"killed_by":"Giant Head","ascension_level":20}}