{"host":"p25bz88bsavvfmyg","time":1610932499,"event":{"mods":["BaseMod","Minty Spire (QoL Compilation)","Permanent Neow","StSLib"],"gold_per_floor":[117,42,42,66,89,89,133,158,158,158,158],"floor_reached":10,"language":"ENG","playtime":279,"items_purged":["Strike_R"],"score":105,"play_id":"8f6258c2-15d1-4b12-830c-d1a68c9e0c6d","local_time":"20210118021459","is_ascension_mode":true,"campfire_choices":[{"data":"Sword Boomerang","floor":6,"key":"SMITH"}],"circlet_count":0,"master_deck":["AscendersBane","Strike_R","Strike_R+1","Strike_R","Strike_R","Defend_R","Defend_R","Defend_R","Defend_R","Bash+1","Sword Boomerang+1","Thunderclap","Battle Trance"],"relics":["Burning Blood","Whetstone","Golden Idol","Potion Belt","Pear"],"acts_visited":["Exordium"],"potions_floor_usage":[7,8],"damage_taken":[{"damage":0,"enemies":"Cultist","floor":1,"turns":3},{"damage":10,"enemies":"Small Slimes","floor":4,"turns":3},{"damage":0,"enemies":"2 Louse","floor":5,"turns":2},{"damage":37,"enemies":"Lagavulin","floor":7,"turns":7},{"damage":18,"enemies":"Exordium Thugs","floor":8,"turns":4},{"damage":30,"enemies":"3 Sentries","floor":10,"turns":4}],"seed_played":"-6259171398228382104","potions_obtained":[{"floor":5,"key":"Explosive Potion"},{"floor":7,"key":"SneckoOil"}],"is_trial":false,"path_per_floor":["M","$","?","M","M","R","E","M","T","E"],"character_chosen":"IRONCLAD","items_purchased":[],"campfire_rested":0,"item_purchase_floors":[],"current_hp_per_floor":[78,78,58,54,60,60,29,17,27,0,0],"gold":158,"neow_bonus":"RANDOM_COMMON_RELIC","is_daily":false,"chose_seed":false,"campfire_upgraded":1,"win_rate":0.0,"timestamp":1610932499,"path_taken":["M","?","?","M","M","R","E","M","T","E"],"items_purchased_type":[],"build_version":"2020-12-22","purchased_purges":1,"victory":false,"max_hp_per_floor":[80,80,80,80,80,80,80,80,90,90,90],"card_choices":[{"not_picked":["Twin Strike","Body Slam"],"picked":"Sword Boomerang","floor":1},{"not_picked":["Perfected Strike","Clash"],"picked":"Thunderclap","floor":4},{"not_picked":["Cleave","Dark Embrace","Clash"],"picked":"SKIP","floor":5},{"not_picked":["Power Through","Dropkick"],"picked":"Battle Trance","floor":7},{"not_picked":["Second Wind","Wild Strike","Flex"],"picked":"SKIP","floor":8}],"player_experience":475706,"relics_obtained":[{"floor":7,"key":"Potion Belt"},{"floor":9,"key":"Pear"}],"event_choices":[{"damage_healed":0,"gold_gain":0,"player_choice":"Take Damage","damage_taken":20,"relics_obtained":["Golden Idol"],"max_hp_gain":0,"max_hp_loss":0,"event_name":"Golden Idol","floor":3,"gold_loss":0}],"is_beta":false,"boss_relics":[],"items_purged_floors":[2],"is_endless":false,"potions_floor_spawned":[5,7],"killed_by":"3 Sentries","ascension_level":11}}