{"host":"9tzam4717zt8ei1o","time":1610976382,"event":{"mods":["BaseMod","Colored Map","Keyboard Shortcuts","Minty Spire (QoL Compilation)","Quick Restart","StSLib","SuperFastMode"],"gold_per_floor":[109,55,55,3,18,45,120,154,154,166,166,186,186,186,186,284,284,295,150,150,50,50,50,65,65,112,127,162,177,207,122,122,219,219,239,259,47,0,0,0,32,52,52,52,52,17,17,49,49,49,49,49,4,30,30],"floor_reached":56,"language":"KOR","playtime":1349,"items_purged":["Strike_G","Strike_G","Defend_G"],"score":1676,"play_id":"e742dd36-9220-468b-9954-d7e261b7c5fe","local_time":"20210118222622","is_ascension_mode":true,"campfire_choices":[{"data":"Prepared","floor":11.0,"key":"SMITH"},{"data":"Acrobatics","floor":15.0,"key":"SMITH"},{"data":"Tactician","floor":23.0,"key":"SMITH"},{"data":"Eviscerate","floor":25.0,"key":"SMITH"},{"data":"Calculated Gamble","floor":32.0,"key":"SMITH"},{"data":"Expertise","floor":40.0,"key":"SMITH"},{"data":"Finesse","floor":44,"key":"SMITH"},{"floor":49,"key":"RECALL"},{"data":"Reflex","floor":52,"key":"SMITH"}],"circlet_count":0,"master_deck":["Defend_G+1","Defend_G+1","Survivor","Neutralize","Dagger Throw","Prepared+1","Acrobatics+1","Underhanded Strike","Eviscerate+1","Escape Plan","Tactician+1","Well Laid Plans+1","Calculated Gamble+1","Dash","Escape Plan+1","Terror+1","Wraith Form v2+1","Expertise+1","Finesse+1","Reflex+1","Footwork+1","Madness"],"relics":["Ring of the Snake","NeowsBlessing","Frozen Egg 2","Bronze Scales","Pen Nib","Empty Cage","War Paint","Blue Candle","CaptainsWheel","Pantograph","Cursed Key","Membership Card","Red Mask","Boot","Lantern","Gremlin Horn"],"acts_visited":["Exordium","TheCity","TheBeyond","TheEnding"],"potions_floor_usage":[55,55],"damage_taken":[{"damage":0.0,"enemies":"Jaw Worm","floor":1.0,"turns":1.0},{"damage":0.0,"enemies":"2 Louse","floor":5.0,"turns":1.0},{"damage":0.0,"enemies":"3 Sentries","floor":6.0,"turns":1.0},{"damage":7.0,"enemies":"Lagavulin","floor":8.0,"turns":5.0},{"damage":0.0,"enemies":"Small Slimes","floor":10.0,"turns":2.0},{"damage":0.0,"enemies":"2 Fungi Beasts","floor":12.0,"turns":3.0},{"damage":30.0,"enemies":"Slime Boss","floor":16.0,"turns":10.0},{"damage":0.0,"enemies":"3 Byrds","floor":18.0,"turns":3.0},{"damage":9.0,"enemies":"Shell Parasite","floor":24.0,"turns":2.0},{"damage":2.0,"enemies":"Snecko","floor":27.0,"turns":3.0},{"damage":0.0,"enemies":"Book of Stabbing","floor":28.0,"turns":3.0},{"damage":11.0,"enemies":"Centurion and Healer","floor":29.0,"turns":4.0},{"damage":0.0,"enemies":"Slavers","floor":30.0,"turns":2.0},{"damage":7.0,"enemies":"Automaton","floor":33.0,"turns":10.0},{"damage":1.0,"enemies":"3 Darklings","floor":35.0,"turns":8.0},{"damage":0.0,"enemies":"Orb Walker","floor":36.0,"turns":2.0},{"damage":0.0,"enemies":"Reptomancer","floor":41.0,"turns":3.0},{"damage":5.0,"enemies":"Transient","floor":42.0,"turns":5.0},{"damage":0,"enemies":"Giant Head","floor":48,"turns":1},{"damage":0,"enemies":"Donu and Deca","floor":50,"turns":3},{"damage":0,"enemies":"Shield and Spear","floor":54,"turns":3},{"damage":14,"enemies":"The Heart","floor":55,"turns":6}],"seed_played":"833389198393683769","potions_obtained":[{"floor":5.0,"key":"DistilledChaos"},{"floor":8.0,"key":"Dexterity Potion"},{"floor":16.0,"key":"FearPotion"},{"floor":27.0,"key":"Dexterity Potion"},{"floor":30.0,"key":"Energy Potion"},{"floor":35.0,"key":"DistilledChaos"},{"floor":54,"key":"Dexterity Potion"}],"is_trial":false,"path_per_floor":["M","$","?","$","M","E","?","E","T","M","R","M","?","?","R","B",null,"M","$","?","$","?","R","M","R","T","M","E","M","E","?","R","B",null,"M","M","$","?","?","R","E","M","T","R","?","$","?","E","R","B",null,"R","$","E","B",null],"character_chosen":"THE_SILENT","items_purchased":["Prepared","Acrobatics","Well Laid Plans+1","Membership Card","Reflex","Madness"],"campfire_rested":0,"item_purchase_floors":[2,4,19,37,46,53],"current_hp_per_floor":[70,70,63,63,63,63,52,45,45,45,45,45,33,38,38,8,75,75,75,75,75,75,75,66,66,66,64,64,53,53,53,53,68,75,74,74,74,74,74,74,74,69,69,69,69,69,69,69,69,71,71,71,71,71,57],"gold":30,"neow_bonus":"THREE_ENEMY_KILL","is_daily":false,"chose_seed":false,"campfire_upgraded":8,"win_rate":0.0,"timestamp":1610976382,"path_taken":["M","$","?","$","M","E","?","E","T","M","R","M","?","?","R","BOSS","M","$","?","$","?","R","M","R","T","?","E","M","E","?","R","BOSS","M","M","$","?","?","R","E","M","T","R","?","$","?","E","R","BOSS","R","$","E","BOSS"],"items_purchased_type":["Card","Card","Card","Relic","Card","Card"],"build_version":"2020-12-22","purchased_purges":3,"victory":true,"max_hp_per_floor":[70,70,70,70,70,70,70,70,70,70,70,70,70,75,75,75,75,75,75,75,75,75,75,75,75,75,75,75,75,75,75,75,75,75,75,75,75,75,75,75,75,75,75,75,71,71,71,71,71,71,71,71,71,71,71],"card_choices":[{"not_picked":["Deflect","Dodge and Roll"],"picked":"Dagger Throw","floor":1.0},{"not_picked":["Underhanded Strike","Bane","Backflip"],"picked":"SKIP","floor":5.0},{"not_picked":["Bane","Backflip"],"picked":"Underhanded Strike","floor":5.0},{"not_picked":["Quick Slash","Poisoned Stab"],"picked":"Eviscerate","floor":6.0},{"not_picked":["Bane","Dash","Crippling Poison"],"picked":"SKIP","floor":8.0},{"not_picked":["Crippling Poison","All Out Attack"],"picked":"Escape Plan","floor":10.0},{"not_picked":["Malaise","Poisoned Stab"],"picked":"Tactician","floor":12.0},{"not_picked":["Cloak And Dagger","Bane+1","Deadly Poison"],"picked":"SKIP","floor":18.0},{"not_picked":["Outmaneuver","Poisoned Stab","Quick Slash"],"picked":"SKIP","floor":24.0},{"not_picked":["Outmaneuver","Poisoned Stab","Quick Slash"],"picked":"SKIP","floor":24.0},{"not_picked":["Skewer","Tactician"],"picked":"Escape Plan+1","floor":27.0},{"not_picked":["Dagger Throw","Escape Plan","Underhanded Strike"],"picked":"SKIP","floor":28.0},{"not_picked":["Well Laid Plans+1","Dagger Spray"],"picked":"Terror+1","floor":29.0},{"not_picked":["Endless Agony","Corpse Explosion","Crippling Poison"],"picked":"SKIP","floor":30.0},{"not_picked":["Burst","Die Die Die"],"picked":"Wraith Form v2+1","floor":33.0},{"not_picked":["Expertise","Caltrops+1","Cloak And Dagger"],"picked":"SKIP","floor":35.0},{"not_picked":["Caltrops+1","Cloak And Dagger"],"picked":"Expertise","floor":35.0},{"not_picked":["Prepared","Predator+1","Dagger Throw"],"picked":"SKIP","floor":36.0},{"not_picked":["Good Instincts","Magnetism+1"],"picked":"Finesse","floor":39.0},{"not_picked":["Slice","Blade Dance+1","Masterful Stab+1"],"picked":"SKIP","floor":41.0},{"not_picked":["Tactician","Cloak And Dagger","Underhanded Strike+1"],"picked":"SKIP","floor":42.0},{"not_picked":["Well Laid Plans+1","Flying Knee+1"],"picked":"Footwork+1","floor":48},{"not_picked":["Slice","Crippling Poison","Endless Agony"],"picked":"SKIP","floor":54}],"player_experience":78264,"relics_obtained":[{"floor":6.0,"key":"Frozen Egg 2"},{"floor":8.0,"key":"Bronze Scales"},{"floor":26.0,"key":"War Paint"},{"floor":28.0,"key":"Blue Candle"},{"floor":30.0,"key":"CaptainsWheel"},{"floor":41.0,"key":"Boot"},{"floor":48,"key":"Lantern"},{"floor":54,"key":"Gremlin Horn"}],"event_choices":[{"cards_removed":["Strike_G"],"damage_healed":0.0,"max_hp_gain":0.0,"max_hp_loss":0.0,"gold_gain":0.0,"event_name":"Golden Wing","player_choice":"Card Removal","floor":3.0,"gold_loss":0.0,"damage_taken":7.0},{"damage_healed":0.0,"max_hp_gain":0.0,"max_hp_loss":0.0,"gold_gain":75.0,"event_name":"World of Goop","player_choice":"Gather Gold","floor":7.0,"gold_loss":0.0,"damage_taken":11.0},{"damage_healed":0.0,"max_hp_gain":0.0,"max_hp_loss":0.0,"gold_gain":0.0,"event_name":"Scrap Ooze","player_choice":"Success","floor":13.0,"gold_loss":0.0,"damage_taken":12.0,"relics_obtained":["Pen Nib"]},{"damage_healed":0.0,"max_hp_gain":5.0,"max_hp_loss":0.0,"gold_gain":0.0,"event_name":"Big Fish","player_choice":"Donut","floor":14.0,"gold_loss":0.0,"damage_taken":0.0},{"damage_healed":0.0,"max_hp_gain":0.0,"max_hp_loss":0.0,"gold_gain":0.0,"event_name":"The Library","player_choice":"Read","floor":20.0,"gold_loss":0.0,"damage_taken":0.0,"cards_obtained":["Calculated Gamble"]},{"damage_healed":0.0,"max_hp_gain":0.0,"max_hp_loss":0.0,"gold_gain":0.0,"cards_transformed":["Defend_G"],"event_name":"Transmorgrifier","player_choice":"Transformed","floor":22.0,"gold_loss":0.0,"damage_taken":0.0,"cards_obtained":["Dash"]},{"damage_healed":0.0,"max_hp_gain":0.0,"max_hp_loss":0.0,"gold_gain":0.0,"event_name":"Addict","player_choice":"Obtained Relic","floor":31.0,"gold_loss":85.0,"damage_taken":0.0,"relics_obtained":["Pantograph"]},{"damage_healed":0.0,"max_hp_gain":0.0,"max_hp_loss":0.0,"gold_gain":0.0,"event_name":"Tomb of Lord Red Mask","player_choice":"Paid","floor":38.0,"gold_loss":47.0,"damage_taken":0.0,"relics_obtained":["Red Mask"]},{"damage_healed":0.0,"max_hp_gain":0.0,"max_hp_loss":0.0,"gold_gain":0.0,"event_name":"SensoryStone","player_choice":"Memory 1","floor":39.0,"gold_loss":0.0,"damage_taken":0.0},{"damage_healed":0,"gold_gain":0,"player_choice":"Max HP","damage_taken":0,"max_hp_gain":0,"max_hp_loss":4,"event_name":"Winding Halls","floor":45,"gold_loss":0},{"cards_removed":["Defend_G"],"damage_healed":0,"gold_gain":0,"player_choice":"Purged","damage_taken":0,"max_hp_gain":0,"max_hp_loss":0,"event_name":"Purifier","floor":47,"gold_loss":0}],"is_beta":false,"boss_relics":[{"not_picked":["Coffee Dripper","Black Star"],"picked":"Empty Cage"},{"not_picked":["Pandora\u0027s Box","Velvet Choker"],"picked":"Cursed Key"}],"items_purged_floors":[19,21,37],"is_endless":false,"potions_floor_spawned":[5,8,16,27,30,35,48,54],"ascension_level":4}}