{"host":"8d3fefv2347kqkpz","time":1610995055,"event":{"mods":["100% Spire Juice","AchievementEnabler","Act Like it!","Aspiration","BaseMod","Better Vampires","Colored Map","Colored Powertips","Conspire","GifTheSpireLib","Highlight Path","Mimic Mod","Minty Spire (QoL Compilation)","Quick Restart","Reimu£®≤©¿ˆ¡È√Œ£©","Relic Stats","Remilia£®¿Ÿ√◊¿Ú—«£©","Replay The Spire","Spicy Shops","StSLib","The Gatherer","The Jungle","The Senshi","The Servant 0.9.4","Waifu the Spire","vexMod"],"gold_per_floor":[117,17,17,17,51,89,114,114,114,39,54,54],"floor_reached":11,"language":"ZHS","playtime":381,"items_purged":["Strike_R"],"score":71,"play_id":"a7a51c5f-1e64-4a9a-a838-59af17bb757d","local_time":"20210119023735","is_ascension_mode":false,"campfire_choices":[{"data":"Shrug It Off","floor":8,"key":"SMITH"}],"circlet_count":0,"master_deck":["Strike_R","Strike_R","Strike_R","Strike_R","Defend_R","Defend_R","Defend_R","Defend_R","Bash","Shrug It Off+1","conspire:SpireCoStock","conspire:SpireCoStock","Disarm","Ghostly Armor"],"relics":["Burning Blood","Anchor","Mirror"],"acts_visited":["Exordium"],"potions_floor_usage":[],"damage_taken":[{"damage":6,"enemies":"Small Slimes","floor":1,"turns":5},{"damage":9,"enemies":"2 Louse","floor":5,"turns":4},{"damage":16,"enemies":"Replay:BlueRogue","floor":6,"turns":13},{"damage":3,"enemies":"Jaw Worm","floor":7,"turns":6},{"damage":16,"enemies":"Lagavulin","floor":11,"turns":9}],"seed_played":"-299235058472070353","potions_obtained":[{"floor":6,"key":"Swift Potion"}],"is_trial":false,"path_per_floor":["M","?","?","?","M","E","M","R","T","$","E"],"character_chosen":"IRONCLAD","items_purchased":[],"campfire_rested":0,"item_purchase_floors":[],"current_hp_per_floor":[88,88,88,93,90,80,83,83,83,83,67,67],"gold":54,"neow_bonus":"TEN_PERCENT_HP_BONUS","is_daily":false,"chose_seed":false,"campfire_upgraded":1,"win_rate":0.0,"timestamp":1610995055,"path_taken":["M","?","?","?","M","E","M","R","T","?","E"],"items_purchased_type":[],"build_version":"2020-12-22","purchased_purges":1,"victory":false,"max_hp_per_floor":[88,88,88,93,93,93,93,93,93,93,93,93],"relic_stats":{"counters":[5,37],"obtain_stats":[{"Anchor":6,"Mirror":9,"Burning Blood":0},{"Anchor":3,"Mirror":4,"Burning Blood":0},{"Anchor":22,"Mirror":28,"Burning Blood":0}],"Burning Blood":24},"card_choices":[{"not_picked":["Cleave","ReplayTheSpireMod:Strike From Hell"],"picked":"Shrug It Off","floor":1},{"not_picked":["Anger","Thunderclap","ReplayTheSpireMod:Muscle Training"],"picked":"SKIP","floor":5},{"not_picked":["Inflame","Run Through"],"picked":"Disarm","floor":6},{"not_picked":["Clothesline","Flex"],"picked":"Ghostly Armor","floor":7}],"player_experience":95583,"relics_obtained":[{"floor":6,"key":"Anchor"},{"floor":9,"key":"Mirror"}],"event_choices":[{"damage_healed":0,"gold_gain":0,"player_choice":"Invest 2","damage_taken":0,"max_hp_gain":0,"max_hp_loss":0,"event_name":"conspire:Investor","floor":2,"gold_loss":0},{"damage_healed":0,"gold_gain":0,"player_choice":"Disagree","damage_taken":0,"max_hp_gain":0,"max_hp_loss":0,"event_name":"conspire:LoneGhost","floor":3,"gold_loss":0},{"damage_healed":0,"gold_gain":0,"player_choice":"Donut","damage_taken":0,"max_hp_gain":5,"max_hp_loss":0,"event_name":"Big Fish","floor":4,"gold_loss":0}],"is_beta":false,"boss_relics":[],"items_purged_floors":[10],"is_endless":false,"potions_floor_spawned":[6],"killed_by":"Lagavulin","ascension_level":0}}