{"host":"jnjxzd6rarbui4j8","time":1610944733,"event":{"mods":["AchievementEnabler","BaseMod","Colored Map","Highlight Path","Minty Spire (QoL Compilation)","Relic Stats","StSLib"],"gold_per_floor":[111,126,106,122,139,139,166,196,220,220,239,270,285,311,311,388,388,406,331,345,359,40,40,75,75,75,102,102,202,220,232,232,309,309,319,335,351,351,363,396,415,451,451,491,48,0,0,19,19,19,19,19],"floor_reached":51,"language":"ENG","playtime":7933,"items_purged":["Strike_G"],"score":1673,"play_id":"9f4e1eb7-06ea-4be1-bed8-419422a36149","local_time":"20210117233853","is_ascension_mode":true,"campfire_choices":[{"data":"Blade Dance","floor":6.0,"key":"SMITH"},{"data":"Terror","floor":10.0,"key":"SMITH"},{"data":"Envenom","floor":15.0,"key":"SMITH"},{"data":"Accuracy","floor":23.0,"key":"SMITH"},{"floor":32.0,"key":"REST"},{"floor":49,"key":"RECALL"}],"circlet_count":0,"master_deck":["AscendersBane","Strike_G","Defend_G","Defend_G+1","Defend_G","Defend_G","Survivor","Neutralize","Blade Dance+1","Quick Slash","Infinite Blades","Terror+1","Envenom+1","Footwork+1","Acrobatics","Accuracy+1","Escape Plan","Blade Dance","Accuracy+1","Accuracy","Leg Sweep","Acrobatics","Shame","Dagger Spray+1","Blade Dance","Backflip+1","After Image","Calculated Gamble","Backflip","Dodge and Roll+1","Footwork+1","Escape Plan","Escape Plan","Night Terror","Blur"],"relics":["WristBlade","Ancient Tea Set","Lantern","Bag of Marbles","Orichalcum","Cursed Key","Vajra","Akabeko","Darkstone Periapt","Toy Ornithopter","Calipers","Molten Egg 2","Black Star","CeramicFish","InkBottle","Snake Skull","War Paint","Regal Pillow","Frozen Egg 2","Mummified Hand","Red Mask"],"acts_visited":["Exordium","TheCity","TheBeyond"],"potions_floor_usage":[50,51],"damage_taken":[{"damage":1.0,"enemies":"Small Slimes","floor":1.0,"turns":5.0},{"damage":0.0,"enemies":"Cultist","floor":2.0,"turns":2.0},{"damage":0.0,"enemies":"2 Louse","floor":4.0,"turns":3.0},{"damage":1.0,"enemies":"Blue Slaver","floor":5.0,"turns":3.0},{"damage":7.0,"enemies":"3 Sentries","floor":7.0,"turns":6.0},{"damage":11.0,"enemies":"Large Slime","floor":11.0,"turns":4.0},{"damage":5.0,"enemies":"Lagavulin","floor":12.0,"turns":4.0},{"damage":3.0,"enemies":"Exordium Wildlife","floor":13.0,"turns":2.0},{"damage":18.0,"enemies":"Gremlin Nob","floor":14.0,"turns":4.0},{"damage":6.0,"enemies":"Hexaghost","floor":16.0,"turns":6.0},{"damage":0.0,"enemies":"Spheric Guardian","floor":18.0,"turns":1.0},{"damage":6.0,"enemies":"2 Thieves","floor":20.0,"turns":4.0},{"damage":5.0,"enemies":"Sentry and Sphere","floor":21.0,"turns":5.0},{"damage":19.0,"enemies":"Book of Stabbing","floor":24.0,"turns":3.0},{"damage":14.0,"enemies":"Gremlin Leader","floor":27.0,"turns":4.0},{"damage":13.0,"enemies":"Colosseum Slavers","floor":29.0,"turns":4.0},{"damage":0.0,"enemies":"Colosseum Nobs","floor":29.0,"turns":3.0},{"damage":0.0,"enemies":"Centurion and Healer","floor":30.0,"turns":3.0},{"damage":0.0,"enemies":"Chosen and Byrds","floor":31.0,"turns":2.0},{"damage":9.0,"enemies":"Champ","floor":33.0,"turns":6.0},{"damage":0.0,"enemies":"3 Shapes","floor":35.0,"turns":2.0},{"damage":8.0,"enemies":"3 Darklings","floor":36.0,"turns":3.0},{"damage":11.0,"enemies":"Writhing Mass","floor":37.0,"turns":4.0},{"damage":7.0,"enemies":"Sphere and 2 Shapes","floor":39.0,"turns":7.0},{"damage":0.0,"enemies":"Nemesis","floor":40.0,"turns":5.0},{"damage":0.0,"enemies":"4 Shapes","floor":41.0,"turns":8.0},{"damage":0.0,"enemies":"Reptomancer","floor":42.0,"turns":2.0},{"damage":0,"enemies":"Giant Head","floor":44,"turns":4},{"damage":0,"enemies":"Spire Growth","floor":48,"turns":2},{"damage":20,"enemies":"Time Eater","floor":50,"turns":10},{"damage":55,"enemies":"Awakened One","floor":51,"turns":6}],"seed_played":"2735548071867921171","potions_obtained":[{"floor":2.0,"key":"DuplicationPotion"},{"floor":3.0,"key":"EssenceOfSteel"},{"floor":7.0,"key":"ColorlessPotion"},{"floor":11.0,"key":"Block Potion"},{"floor":12.0,"key":"Fruit Juice"},{"floor":16.0,"key":"PowerPotion"},{"floor":21.0,"key":"EssenceOfSteel"},{"floor":24.0,"key":"Dexterity Potion"},{"floor":29.0,"key":"Explosive Potion"},{"floor":33.0,"key":"Weak Potion"},{"floor":36.0,"key":"SkillPotion"},{"floor":39.0,"key":"Swift Potion"},{"floor":44,"key":"DuplicationPotion"}],"is_trial":false,"path_per_floor":["M","M","?","M","M","R","E","?","T","R","M","E","M","E","R","B",null,"M","?","M","M","$","R","E","?","T","E","?","?","M","M","R","B",null,"M","M","M","?","M","E","M","E","T","E","$","?","?","M","R","B","B"],"character_chosen":"THE_SILENT","items_purchased":["Vajra","Accuracy","Mummified Hand","Night Terror","GhostInAJar"],"campfire_rested":1,"item_purchase_floors":[22,22,45,45,45],"current_hp_per_floor":[58,58,58,58,57,57,50,50,50,50,39,34,31,13,13,7,51,51,51,45,45,45,45,26,26,26,12,18,5,5,5,28,24,64,64,61,55,55,48,58,58,58,58,58,58,58,58,58,58,43,0,0],"gold":19,"neow_bonus":"BOSS_RELIC","is_daily":false,"chose_seed":false,"campfire_upgraded":4,"win_rate":0.0,"timestamp":1610944733,"path_taken":["M","M","?","?","M","R","E","?","T","R","M","E","M","E","R","BOSS","M","?","M","M","$","R","E","?","T","E","?","?","?","M","R","BOSS","M","M","M","?","M","E","M","E","T","E","$","?","?","M","R","BOSS","BOSS"],"items_purchased_type":["Relic","Card","Relic","Card","Potion"],"build_version":"2020-12-22","purchased_purges":1,"victory":false,"max_hp_per_floor":[66,66,66,66,66,66,66,66,66,66,66,66,66,66,66,66,66,66,66,66,71,71,71,71,71,71,71,77,77,77,77,77,77,77,77,77,77,77,77,77,77,77,77,77,77,77,77,77,77,77,77,77],"relic_stats":{"Darkstone Periapt":6,"Regal Pillow":0,"counters":[31,127],"CeramicFish":45,"Snake Skull":[16],"Orichalcum":[84],"War Paint":["Backflip","Defend_G"],"Cursed Key":0,"Mummified Hand":[16],"Black Star":3,"obtain_stats":[{"Darkstone Periapt":27,"Lantern":8,"Regal Pillow":44,"Calipers":29,"CeramicFish":40,"Vajra":22,"Snake Skull":42,"Orichalcum":14,"War Paint":42,"Frozen Egg 2":44,"Ancient Tea Set":7,"Cursed Key":17,"Akabeko":24,"WristBlade":0,"Mummified Hand":45,"Molten Egg 2":29,"Bag of Marbles":12,"Black Star":34,"Red Mask":46,"Toy Ornithopter":28,"InkBottle":40,"Ring of the Snake":0},{"Darkstone Periapt":15,"Lantern":5,"Regal Pillow":28,"Calipers":17,"CeramicFish":25,"Vajra":13,"Snake Skull":27,"Orichalcum":9,"War Paint":27,"Frozen Egg 2":28,"Ancient Tea Set":5,"Cursed Key":10,"Akabeko":14,"WristBlade":0,"Mummified Hand":28,"Molten Egg 2":17,"Bag of Marbles":7,"Black Star":20,"Red Mask":28,"Toy Ornithopter":15,"InkBottle":25,"Ring of the Snake":0},{"Darkstone Periapt":56,"Lantern":19,"Regal Pillow":109,"Calipers":63,"CeramicFish":95,"Vajra":49,"Snake Skull":105,"Orichalcum":33,"War Paint":105,"Frozen Egg 2":109,"Ancient Tea Set":19,"Cursed Key":39,"Akabeko":52,"WristBlade":0,"Mummified Hand":109,"Molten Egg 2":63,"Bag of Marbles":27,"Black Star":74,"Red Mask":109,"Toy Ornithopter":56,"InkBottle":95,"Ring of the Snake":0}],"Toy Ornithopter":35,"InkBottle":[21]},"card_choices":[{"not_picked":["Poisoned Stab","Prepared"],"picked":"Blade Dance","floor":1.0},{"not_picked":["Outmaneuver","Setup"],"picked":"Quick Slash","floor":2.0},{"not_picked":["Outmaneuver","Prepared"],"picked":"Infinite Blades","floor":4.0},{"not_picked":["Dagger Throw","PiercingWail"],"picked":"Terror","floor":5.0},{"not_picked":["Caltrops","Deflect"],"picked":"Envenom","floor":7.0},{"not_picked":["Deflect","Backflip"],"picked":"Footwork","floor":11.0},{"not_picked":["Storm of Steel","Terror"],"picked":"Acrobatics","floor":12.0},{"not_picked":["PiercingWail","Skewer"],"picked":"Accuracy","floor":13.0},{"not_picked":["Dagger Spray","Quick Slash"],"picked":"Escape Plan","floor":14.0},{"not_picked":["Prepared","Sucker Punch","Slice"],"picked":"SKIP","floor":18.0},{"not_picked":["Cloak And Dagger","Dodge and Roll"],"picked":"Blade Dance","floor":20.0},{"not_picked":["Cloak And Dagger","Prepared"],"picked":"Accuracy+1","floor":21.0},{"not_picked":["Quick Slash+1","Sucker Punch","Bullet Time"],"picked":"SKIP","floor":24.0},{"not_picked":["Bane","Poisoned Stab","Outmaneuver"],"picked":"SKIP","floor":27.0},{"not_picked":["Deflect","Blur"],"picked":"Dagger Spray+1","floor":29.0},{"not_picked":["Heel Hook+1","All Out Attack+1"],"picked":"Blade Dance","floor":30.0},{"not_picked":["Acrobatics","Poisoned Stab+1"],"picked":"Backflip","floor":31.0},{"not_picked":["Malaise","A Thousand Cuts"],"picked":"After Image","floor":33.0},{"not_picked":["Setup+1","PiercingWail"],"picked":"Calculated Gamble","floor":35.0},{"not_picked":["Dodge and Roll","Poisoned Stab+1"],"picked":"Backflip","floor":36.0},{"not_picked":["Dagger Throw+1","Heel Hook+1","Poisoned Stab+1"],"picked":"SKIP","floor":37.0},{"not_picked":["Dagger Throw+1","Dagger Spray+1"],"picked":"Dodge and Roll+1","floor":39.0},{"not_picked":["Outmaneuver","Underhanded Strike+1","Sucker Punch+1"],"picked":"SKIP","floor":40.0},{"not_picked":["Predator+1","Terror+1"],"picked":"Footwork+1","floor":41.0},{"not_picked":["Eviscerate+1","Concentrate"],"picked":"Escape Plan","floor":42.0},{"not_picked":["PiercingWail","Flying Knee+1"],"picked":"Escape Plan","floor":44},{"not_picked":["PiercingWail","Prepared"],"picked":"Blur","floor":48}],"player_experience":2492151,"relics_obtained":[{"floor":7.0,"key":"Ancient Tea Set"},{"floor":12.0,"key":"Bag of Marbles"},{"floor":14.0,"key":"Orichalcum"},{"floor":24.0,"key":"Akabeko"},{"floor":27.0,"key":"Darkstone Periapt"},{"floor":29.0,"key":"Calipers"},{"floor":29.0,"key":"Molten Egg 2"},{"floor":40.0,"key":"CeramicFish"},{"floor":40.0,"key":"InkBottle"},{"floor":42.0,"key":"Snake Skull"},{"floor":42.0,"key":"War Paint"},{"floor":44,"key":"Regal Pillow"},{"floor":44,"key":"Frozen Egg 2"}],"event_choices":[{"damage_healed":0.0,"max_hp_gain":0.0,"max_hp_loss":0.0,"gold_gain":0.0,"event_name":"The Woman in Blue","player_choice":"Bought 1 Potion","floor":3.0,"gold_loss":0.0,"damage_taken":0.0},{"damage_healed":0.0,"max_hp_gain":0.0,"max_hp_loss":0.0,"gold_gain":30.0,"event_name":"Dead Adventurer","player_choice":"Searched \u00273\u0027 times","floor":8.0,"gold_loss":0.0,"damage_taken":0.0,"relics_obtained":["Lantern"]},{"cards_removed":["Strike_G"],"damage_healed":0.0,"max_hp_gain":0.0,"max_hp_loss":0.0,"gold_gain":0.0,"event_name":"Beggar","player_choice":"Gave Gold","floor":19.0,"gold_loss":75.0,"damage_taken":0.0},{"damage_healed":0.0,"max_hp_gain":0.0,"max_hp_loss":0.0,"gold_gain":0.0,"cards_transformed":["Strike_G","Strike_G"],"event_name":"Drug Dealer","player_choice":"Became Test Subject","floor":25.0,"gold_loss":0.0,"damage_taken":0.0,"cards_obtained":["Leg Sweep","Acrobatics"]},{"damage_healed":0.0,"max_hp_gain":0.0,"max_hp_loss":0.0,"gold_gain":0.0,"event_name":"Addict","player_choice":"Stole Relic","floor":28.0,"gold_loss":0.0,"damage_taken":0.0,"relics_obtained":["Toy Ornithopter"],"cards_obtained":["Shame"]},{"damage_healed":0.0,"max_hp_gain":0.0,"max_hp_loss":0.0,"gold_gain":0.0,"event_name":"Colosseum","player_choice":"Fight","floor":29.0,"gold_loss":0.0,"damage_taken":0.0},{"damage_healed":0.0,"max_hp_gain":0.0,"max_hp_loss":0.0,"gold_gain":0.0,"event_name":"Colosseum","player_choice":"Fought Nobs","floor":29.0,"gold_loss":0.0,"damage_taken":0.0},{"cards_removed":["Defend_G"],"damage_healed":0.0,"max_hp_gain":0.0,"max_hp_loss":0.0,"gold_gain":0.0,"event_name":"Falling","player_choice":"Removed Skill","floor":38.0,"gold_loss":0.0,"damage_taken":0.0},{"damage_healed":0,"gold_gain":0,"player_choice":"Paid","damage_taken":0,"relics_obtained":["Red Mask"],"max_hp_gain":0,"max_hp_loss":0,"event_name":"Tomb of Lord Red Mask","floor":46,"gold_loss":48},{"damage_healed":0,"gold_gain":0,"player_choice":"Upgraded","damage_taken":0,"max_hp_gain":0,"max_hp_loss":0,"event_name":"Upgrade Shrine","floor":47,"gold_loss":0,"cards_upgraded":["Footwork"]}],"is_beta":false,"boss_relics":[{"not_picked":["Fusion Hammer","Velvet Choker"],"picked":"Cursed Key"},{"not_picked":["Calling Bell","Sozu"],"picked":"Black Star"}],"items_purged_floors":[22],"is_endless":false,"potions_floor_spawned":[2,4,7,11,12,16,21,24,29,33,36,39,44],"killed_by":"Awakened One","ascension_level":20}}