{"host":"ydg0vn0pu4pubmdt","time":1610933044,"event":{"mods":["AchievementEnabler","BaseMod","Colored Map","Gold Saver","Minty Spire (QoL Compilation)","Quick Restart","SuperFastMode"],"gold_per_floor":[111,124,143,157,14,42,42,72,97,107,127,127,147,147,147,273,273,297,297,312,312,312,312,312],"floor_reached":23,"language":"KOR","playtime":576,"items_purged":["Strike_G"],"score":284,"play_id":"d2ffd041-4af3-4c13-a4c1-5ade50998694","local_time":"20210118102404","is_ascension_mode":true,"campfire_choices":[{"data":"Dagger Spray","floor":7.0,"key":"SMITH"},{"floor":15.0,"key":"REST"}],"circlet_count":0,"master_deck":["Strike_G","Strike_G","Defend_G","Defend_G","Defend_G","Defend_G","Survivor","Neutralize","Bullet Time","Quick Slash","Dagger Spray+1","Well Laid Plans","Masterful Stab","Escape Plan","Poisoned Stab","Grand Finale","Backflip","Underhanded Strike","Acrobatics","Writhe"],"relics":["Ring of the Snake","PreservedInsect","Vajra","Snake Skull","Tiny Chest","Golden Idol","Empty Cage","White Beast Statue","Matryoshka"],"acts_visited":["Exordium","TheCity"],"potions_floor_usage":[],"damage_taken":[{"damage":6.0,"enemies":"Jaw Worm","floor":1.0,"turns":4.0},{"damage":2.0,"enemies":"Cultist","floor":2.0,"turns":5.0},{"damage":0.0,"enemies":"Small Slimes","floor":3.0,"turns":2.0},{"damage":0.0,"enemies":"3 Louse","floor":4.0,"turns":2.0},{"damage":25.0,"enemies":"Lagavulin","floor":6.0,"turns":8.0},{"damage":8.0,"enemies":"Gremlin Nob","floor":8.0,"turns":3.0},{"damage":0.0,"enemies":"2 Fungi Beasts","floor":10.0,"turns":2.0},{"damage":16.0,"enemies":"Exordium Wildlife","floor":11.0,"turns":3.0},{"damage":0.0,"enemies":"Looter","floor":13.0,"turns":3.0},{"damage":23.0,"enemies":"Hexaghost","floor":16.0,"turns":11.0},{"damage":29.0,"enemies":"3 Byrds","floor":18.0,"turns":5.0},{"damage":0.0,"enemies":"Chosen","floor":20.0,"turns":3.0},{"damage":23,"enemies":"Snake Plant","floor":23,"turns":3}],"seed_played":"-5193808043275792220","potions_obtained":[{"floor":3.0,"key":"Block Potion"},{"floor":4.0,"key":"Fire Potion"},{"floor":8.0,"key":"BlessingOfTheForge"},{"floor":10.0,"key":"SkillPotion"},{"floor":16.0,"key":"ColorlessPotion"},{"floor":18.0,"key":"Strength Potion"}],"is_trial":false,"path_per_floor":["M","M","M","M","$","E","R","E","T","M","M","?","M","?","R","B",null,"M","?","M","T","?","M"],"character_chosen":"THE_SILENT","items_purchased":["Well Laid Plans"],"campfire_rested":1,"item_purchase_floors":[5],"current_hp_per_floor":[57,55,55,55,55,30,30,22,22,22,6,6,6,6,25,2,49,20,20,20,20,20,0,0],"gold":312,"neow_bonus":"ONE_RANDOM_RARE_CARD","is_daily":false,"chose_seed":false,"campfire_upgraded":1,"win_rate":0.0,"timestamp":1610933044,"path_taken":["M","M","M","M","$","E","R","E","T","M","M","?","?","?","R","BOSS","M","?","M","?","?","M"],"items_purchased_type":["Card"],"build_version":"2020-12-22","purchased_purges":1,"victory":false,"max_hp_per_floor":[70,70,70,70,70,70,70,70,70,70,70,70,70,65,65,65,65,65,65,65,65,65,65,65],"card_choices":[{"not_picked":["Deflect","Flying Knee","Bane"],"picked":"SKIP","floor":1.0},{"not_picked":["Underhanded Strike","PiercingWail"],"picked":"Quick Slash","floor":2.0},{"not_picked":["Blade Dance","Cloak And Dagger"],"picked":"Dagger Spray","floor":3.0},{"not_picked":["Tools of the Trade","Outmaneuver","Dodge and Roll"],"picked":"SKIP","floor":4.0},{"not_picked":["Catalyst","Bouncing Flask"],"picked":"Masterful Stab","floor":6.0},{"not_picked":["Doppelganger","Heel Hook","Dagger Throw"],"picked":"SKIP","floor":8.0},{"not_picked":["Backstab","Flying Knee"],"picked":"Escape Plan","floor":10.0},{"not_picked":["Sucker Punch","Bane","Outmaneuver"],"picked":"SKIP","floor":11.0},{"not_picked":["Blade Dance","Leg Sweep"],"picked":"Poisoned Stab","floor":13.0},{"not_picked":["Night Terror","Storm of Steel"],"picked":"Grand Finale","floor":16.0},{"not_picked":["Deadly Poison","Poisoned Stab"],"picked":"Backflip","floor":18.0},{"not_picked":["Prepared+1","Distraction"],"picked":"Acrobatics","floor":20.0}],"player_experience":468217,"relics_obtained":[{"floor":6.0,"key":"PreservedInsect"},{"floor":8.0,"key":"Vajra"},{"floor":9.0,"key":"Snake Skull"},{"floor":12.0,"key":"Tiny Chest"},{"floor":21.0,"key":"White Beast Statue"}],"event_choices":[{"damage_healed":0.0,"max_hp_gain":0.0,"max_hp_loss":0.0,"gold_gain":0.0,"event_name":"Wheel of Change","player_choice":"Relic","floor":12.0,"gold_loss":0.0,"damage_taken":0.0},{"damage_healed":0.0,"max_hp_gain":0.0,"max_hp_loss":5.0,"gold_gain":0.0,"event_name":"Golden Idol","player_choice":"Lose Max HP","floor":14.0,"gold_loss":0.0,"damage_taken":0.0,"relics_obtained":["Golden Idol"]},{"damage_healed":0.0,"max_hp_gain":0.0,"max_hp_loss":0.0,"gold_gain":0.0,"cards_transformed":["Strike_G"],"event_name":"Transmorgrifier","player_choice":"Transformed","floor":19.0,"gold_loss":0.0,"damage_taken":0.0,"cards_obtained":["Underhanded Strike"]},{"damage_healed":0.0,"max_hp_gain":0.0,"max_hp_loss":0.0,"gold_gain":0.0,"event_name":"The Mausoleum","player_choice":"Opened","floor":22.0,"gold_loss":0.0,"damage_taken":0.0,"relics_obtained":["Matryoshka"],"cards_obtained":["Writhe"]}],"is_beta":false,"boss_relics":[{"not_picked":["Velvet Choker","Sozu"],"picked":"Empty Cage"}],"items_purged_floors":[5],"is_endless":false,"potions_floor_spawned":[3,4,8,10,16,18],"killed_by":"Snake Plant","ascension_level":8}}