{"host":"oc9z8cublggqyfxu","time":1610968854,"event":{"mods":["AchievementEnabler","Act Like it!","Aspiration","BaseMod","Colored Map","Colored Powertips","Dota2Spire","Friendly Minions","Gensokyo","GifTheSpireLib","Hallownest","Hermit","Highlight Path","KinomotoSakuraMod(木之本樱)","Koishi","Lobotomy","LobotomyExtend","Marisa（F雨　魔理沙）","Minty Spire (QoL Compilation)","Quick Restart","Rare Cards Sparkle","Relic Stats","Remilia（蕾米莉亚）","Replay The Spire","RumiaBox-露米娅的神秘盒子","Spicy Shops","StSLib","The Administrix","The Animator","The Blackbeard","The Bug Knight","The Cursed","The Hierophant","The Mystic","The Runesmith","The Servant 0.9.4","Yakumo Yukari mod","Youmu（魂魄妖梦）","Yuyuko","vexMod","【功能Mod】混沌之环修复补丁","【功能Mod】聪明的最终Boss"],"gold_per_floor":[117,134,149,149,164,164,194,194,194,194,209,1,21,21,125,125,136,136,232,232,41,41,41,41],"floor_reached":23,"language":"ZHS","playtime":1253,"items_purged":["BeautyBeast"],"score":198,"play_id":"0a0131fb-dcdb-4139-83e5-6dcd7479b15e","local_time":"20210118192054","is_ascension_mode":true,"campfire_choices":[{"data":"ReplayTheSpireMod:GoodbyeWorld","floor":6.0,"key":"SMITH"},{"data":"Electrodynamics","floor":8.0,"key":"SMITH"},{"floor":22,"key":"REST"}],"circlet_count":0,"master_deck":["Strike_B","Strike_B","Strike_B","Strike_B","Defend_B","Defend_B","Defend_B","Defend_B","Zap","Dualcast","ReplayTheSpireMod:GoodbyeWorld+1","CrumblingArmor","Wellcheers","Electrodynamics+1","MeatLantern","Beam Cell","Porccubus","Self Repair","Streamline","Streamline","Alriune","LittlePrince","ReplayTheSpireMod:Omega Cannon","UniverseFragment","Hello World","Redo","Self Repair","Steam Power"],"relics":["Cracked Core","CogitoBucket","RabbitCall","AddBug","SecretRecord","SecretRecord"],"acts_visited":["Hallownest:Greenpath","TheCity"],"potions_floor_usage":[15,15,15],"damage_taken":[{"damage":2.0,"enemies":"Hallownest:monsterHuskGuard","floor":1.0,"turns":4.0},{"damage":2.0,"enemies":"Hallownest:2_MossCreeps","floor":2.0,"turns":4.0},{"damage":14.0,"enemies":"2_ Uuma","floor":3.0,"turns":5.0},{"damage":0.0,"enemies":"Hallownest:monsterAspidMother","floor":5.0,"turns":7.0},{"damage":12.0,"enemies":"Hallownest:eliteCrystalGuardian","floor":7.0,"turns":5.0},{"damage":0.0,"enemies":"Hallownest:monsterFoolEater","floor":11.0,"turns":2.0},{"damage":0.0,"enemies":"Hallownest:1_Ooma_and_2_Uuma","floor":13.0,"turns":2.0},{"damage":39,"enemies":"Hallownest:BossHornet","floor":15,"turns":8},{"damage":55,"enemies":"Spheric Guardian","floor":17,"turns":3},{"damage":51,"enemies":"Book of Stabbing","floor":23,"turns":3}],"seed_played":"7678455470366281231","potions_obtained":[{"floor":2.0,"key":"FocusPotion"},{"floor":7.0,"key":"Strength Potion"},{"floor":13.0,"key":"LifebloodPotion"}],"is_trial":false,"path_per_floor":["M","M","M","?","M","R","E","R","T","?","M","$","M","?","B",null,"M","?","?","?","$","R","E"],"character_chosen":"DEFECT","items_purchased":["Membership Card","Self Repair","Streamline","Self Repair","Steam Power"],"campfire_rested":1,"item_purchase_floors":[12,12,12,21,21],"current_hp_per_floor":[73,71,57,47,59,59,55,55,55,63,63,63,72,72,45,75,20,27,9,9,9,31,0,0],"gold":41,"neow_bonus":"","is_daily":false,"chose_seed":false,"campfire_upgraded":2,"win_rate":0.0,"timestamp":1610968854,"path_taken":["M","M","M","?","M","R","E","R","T","?","M","$","M","?","BOSS","M","?","?","?","$","R","E"],"items_purchased_type":["Relic","Card","Card","Card","Card"],"build_version":"2020-12-22","purchased_purges":1,"victory":false,"max_hp_per_floor":[75,75,75,75,75,75,75,75,75,75,75,75,75,75,75,75,75,75,75,75,75,75,75,75],"relic_stats":{"counters":[11,44],"obtain_stats":[{"RabbitCall":0,"CogitoBucket":0,"AddBug":1,"SecretRecord":1,"Cracked Core":0},{"RabbitCall":0,"CogitoBucket":0,"AddBug":1,"SecretRecord":1,"Cracked Core":0},{"RabbitCall":0,"CogitoBucket":0,"AddBug":4,"SecretRecord":4,"Cracked Core":0}]},"card_choices":[{"not_picked":["Lockon","Hologram"],"picked":"ReplayTheSpireMod:GoodbyeWorld","floor":1.0},{"not_picked":["CherryBlossoms","PunishingBird","Scorched"],"picked":"Singing Bowl","floor":1.0},{"not_picked":["WhitesApple","Rudolta","OSAHOGD"],"picked":"Singing Bowl","floor":2.0},{"not_picked":["NakedNest","PunishingBird"],"picked":"CrumblingArmor","floor":2.0},{"not_picked":["Undo","ReplayTheSpireMod:Calculation Training","ReplayTheSpireMod:Reroute Power"],"picked":"SKIP","floor":2.0},{"not_picked":["Undo","ReplayTheSpireMod:Calculation Training","ReplayTheSpireMod:Reroute Power"],"picked":"SKIP","floor":2.0},{"not_picked":["OldLady","MHz"],"picked":"Wellcheers","floor":3.0},{"not_picked":["Barrage","Steam","Conserve Battery"],"picked":"SKIP","floor":3.0},{"not_picked":["Cold Snap","Consume"],"picked":"Electrodynamics","floor":5.0},{"not_picked":["WhitesApple","HappyTeddy"],"picked":"BeautyBeast","floor":5.0},{"not_picked":["Murderer","OldLady"],"picked":"MeatLantern","floor":7.0},{"not_picked":["Leap","Rebound","White Noise"],"picked":"SKIP","floor":7.0},{"not_picked":["Leap","Rebound","White Noise"],"picked":"SKIP","floor":7.0},{"not_picked":["Stack","Melter"],"picked":"Beam Cell","floor":11.0},{"not_picked":["Yin","OSAHOGD"],"picked":"Porccubus","floor":11.0},{"not_picked":["Panic Button","Chill"],"picked":"Streamline","floor":13.0},{"not_picked":["Freischutz","ShyLook","OldLady"],"picked":"Singing Bowl","floor":13.0},{"not_picked":["Scorched","WhitesApple"],"picked":"Alriune","floor":13.0},{"not_picked":["FairyFestival","SpiderBud"],"picked":"LittlePrince","floor":15},{"not_picked":["Fission","Core Surge"],"picked":"ReplayTheSpireMod:Omega Cannon","floor":15},{"not_picked":["SpiderBud","PunishingBird"],"picked":"UniverseFragment","floor":17},{"not_picked":["Capacitor","Panic Button"],"picked":"Hello World","floor":17},{"not_picked":["Compile Driver+1","Streamline+1"],"picked":"Redo","floor":19}],"player_experience":305281,"relics_obtained":[{"floor":1.0,"key":"AddBug"},{"floor":1.0,"key":"LetterFromLob"},{"floor":2.0,"key":"LetterFromLob"},{"floor":3.0,"key":"LetterFromLob"},{"floor":5.0,"key":"LetterFromLob"},{"floor":7.0,"key":"Replay:Bandana"},{"floor":7.0,"key":"LetterFromLob"},{"floor":11.0,"key":"SecretRecord"},{"floor":11.0,"key":"LetterFromLob"},{"floor":13.0,"key":"LetterFromLob"},{"floor":15,"key":"LetterFromLob"},{"floor":17,"key":"LetterFromLob"},{"floor":19,"key":"Dota2Spire:BladeMail"}],"event_choices":[],"is_beta":false,"boss_relics":[{"not_picked":["Busted Crown","aspiration:RunesmithSkillbook"],"picked":"aspiration:PoetsPen"}],"items_purged_floors":[21],"is_endless":false,"potions_floor_spawned":[2,7,13],"killed_by":"Book of Stabbing","ascension_level":1}}