{"host":"9tdk3zzhmpo6o3dg","time":1610991045,"event":{"mods":["AchievementEnabler","Act Like it!","BaseMod","Downfall","Hermit","Koishi","Marisa（F雨　魔理沙）","Minty Spire (QoL Compilation)","Remilia（蕾米莉亚）","SOS（斯巴达之子）","Shop Mod","StSLib","The Alterego","The Cursed","The Hierophant","The Marked","The Senshi","The Servant 0.9.4","WarShipGirlsR/战舰少女R mod"],"gold_per_floor":[119,131,144,160,160,160,188,35,58,58,119,119,150,167,167,167,167],"floor_reached":16,"language":"ZHS","playtime":1230,"items_purged":["TheCursedMod:Defend_TheCursed"],"score":110,"play_id":"444da28f-b6f8-47c1-881e-c097dc055a4a","local_time":"20210119013045","is_ascension_mode":false,"campfire_choices":[{"data":"TheCursedMod:NeowsMight","floor":6,"key":"SMITH"},{"data":"TheCursedMod:VoidForm","floor":12,"key":"SMITH"},{"floor":15,"key":"REST"}],"circlet_count":0,"master_deck":["TheCursedMod:Strike_TheCursed","TheCursedMod:Strike_TheCursed","TheCursedMod:Strike_TheCursed","TheCursedMod:Strike_TheCursed","TheCursedMod:Defend_TheCursed","TheCursedMod:Defend_TheCursed","TheCursedMod:Defend_TheCursed","TheCursedMod:CursedWand","TheCursedMod:CleanUpWorkshop","TheCursedMod:Dregs","TheCursedMod:CursedAmulet","TheCursedMod:CursedShiv","TheCursedMod:Wield","TheCursedMod:NeowsMight+1","TheCursedMod:ManaBullet","TheCursedMod:VoidForm+1","TheCursedMod:LuckyCharm","TheCursedMod:RapidMovement","TheCursedMod:TacticalStrike","TheCursedMod:SurpriseAttack","TheCursedMod:ManaBullet","TheCursedMod:CursedStaff","TheCursedMod:CollectTribute","TheCursedMod:SpitefulPlan"],"relics":["TheCursedMod:BlackMagic101","Lantern","TheCursedMod:Tack","Smiling Mask","MealTicket"],"acts_visited":["Exordium"],"potions_floor_usage":[],"damage_taken":[{"damage":0,"enemies":"Cultist","floor":1,"turns":4},{"damage":6,"enemies":"Small Slimes","floor":2,"turns":4},{"damage":2,"enemies":"2 Louse","floor":3,"turns":4},{"damage":11,"enemies":"Large Slime","floor":4,"turns":7},{"damage":16,"enemies":"3 Sentries","floor":7,"turns":9},{"damage":14,"enemies":"Gremlin Nob","floor":11,"turns":3},{"damage":18,"enemies":"Lagavulin","floor":13,"turns":5},{"damage":0,"enemies":"3 Louse","floor":14,"turns":3},{"damage":34,"enemies":"The Guardian","floor":16,"turns":4}],"seed_played":"2055816475411657592","potions_obtained":[{"floor":2,"key":"Ancient Potion"},{"floor":4,"key":"Strength Potion"},{"floor":7,"key":"Dexterity Potion"}],"is_trial":false,"path_per_floor":["M","M","M","M","?","R","E","$","T","?","?","R","E","M","R","B"],"character_chosen":"THE_CURSED","items_purchased":["TheCursedMod:LuckyCharm"],"campfire_rested":1,"item_purchase_floors":[8],"current_hp_per_floor":[75,69,67,56,56,56,40,40,40,40,26,26,8,8,30,0,0],"gold":167,"neow_bonus":"THREE_CARDS","is_daily":false,"chose_seed":false,"campfire_upgraded":2,"win_rate":0.0,"timestamp":1610991045,"path_taken":["M","M","?","M","?","R","E","?","T","?","?","R","E","M","R","BOSS"],"items_purchased_type":["Card"],"build_version":"2020-12-22","purchased_purges":1,"victory":false,"max_hp_per_floor":[75,75,75,75,75,75,75,75,75,75,75,75,75,75,75,75,75],"card_choices":[{"not_picked":["TheCursedMod:ManaBullet","TheCursedMod:Stigma"],"picked":"TheCursedMod:CursedAmulet","floor":0},{"not_picked":["TheCursedMod:CursedBlade","TheCursedMod:CursedAmulet"],"picked":"TheCursedMod:CursedShiv","floor":1},{"not_picked":["TheCursedMod:Stretching","TheCursedMod:Torture"],"picked":"TheCursedMod:Wield","floor":2},{"not_picked":["TheCursedMod:Stigma","TheCursedMod:SmokeScreen"],"picked":"TheCursedMod:NeowsMight","floor":3},{"not_picked":["TheCursedMod:Stigma","TheCursedMod:Obscuration"],"picked":"TheCursedMod:ManaBullet","floor":4},{"not_picked":["TheCursedMod:EmpowerCircles","TheCursedMod:RapidMovement"],"picked":"TheCursedMod:VoidForm","floor":7},{"not_picked":["TheCursedMod:CursedArmor","TheCursedMod:RapidMovement"],"picked":"TheCursedMod:CollectTribute","floor":13},{"not_picked":["TheCursedMod:Torture","TheCursedMod:CircleOfFlame"],"picked":"TheCursedMod:SpitefulPlan","floor":14}],"player_experience":196443,"relics_obtained":[{"floor":7,"key":"Lantern"},{"floor":9,"key":"TheCursedMod:Tack"},{"floor":11,"key":"Smiling Mask"},{"floor":13,"key":"MealTicket"}],"event_choices":[{"damage_healed":0,"gold_gain":0,"player_choice":"Bought 0 Potions","damage_taken":0,"max_hp_gain":0,"max_hp_loss":0,"event_name":"The Woman in Blue","floor":5,"gold_loss":0},{"damage_healed":0,"gold_gain":0,"player_choice":"Searched \u00271\u0027 times","damage_taken":0,"max_hp_gain":0,"max_hp_loss":0,"event_name":"Dead Adventurer","floor":11,"gold_loss":0}],"is_beta":false,"boss_relics":[],"items_purged_floors":[8],"is_endless":false,"potions_floor_spawned":[2,4,7,14],"killed_by":"The Guardian","ascension_level":0}}