{"host":"mlczotyo8j5fj6lt","time":1610949433,"event":{"mods":["AchievementEnabler","BaseMod","Better Third Choice","BetterRewards","Conspire","Googly Eyes","Minty Spire (QoL Compilation)","Quick Restart","Replay The Spire","StSLib"],"gold_per_floor":[112,128,148,148,173,209,209,209,209,224,224,264,302,322,322,445,445,438,438,457,93,116,116,131,156,182,220,220,520,520,129,129,129,129],"floor_reached":33,"language":"ENG","playtime":1215,"items_purged":[],"score":284,"play_id":"4058fbcc-f66f-4301-a13a-3f1436e8dd05","local_time":"20210118065713","is_ascension_mode":false,"campfire_choices":[{"floor":7,"key":"REST"},{"floor":11,"key":"REST"},{"floor":23,"key":"REST"},{"data":"Defragment","floor":32,"key":"SMITH"}],"circlet_count":0,"master_deck":["Strike_B","Strike_B","Strike_B","Defend_B","Defend_B","Defend_B","Defend_B","Zap+1","Dualcast","Gash","FIFO Queue+1","Tempest","Barrage+1","Defragment+1","FTL","Go for the Eyes","Steam","Ball Lightning","Core Surge+1","Gash","FTL+1","Static Discharge","Self Repair","All For One","Gash+1","Capacitor"],"relics":["Cracked Core","Golden Idol","Divine Protection","conspire:Boomerang","Pocketwatch","Odd Mushroom","Sozu","Pet Ghost","Guide Book","Omamori","Pondfish Scales","Old Coin","Gambling Chip"],"acts_visited":["Exordium","TheCity"],"potions_floor_usage":[6,12,12,16,16,30],"damage_taken":[{"damage":0,"enemies":"Jaw Worm","floor":1,"turns":4},{"damage":1,"enemies":"Small Slimes","floor":2,"turns":2},{"damage":1,"enemies":"Cultist","floor":3,"turns":4},{"damage":7,"enemies":"2 Fungi Beasts","floor":5,"turns":4},{"damage":34,"enemies":"Gremlin Nob","floor":6,"turns":4},{"damage":3,"enemies":"Large Slime","floor":10,"turns":3},{"damage":0,"enemies":"Lagavulin","floor":12,"turns":4},{"damage":11,"enemies":"The Mushroom Lair","floor":13,"turns":4},{"damage":0,"enemies":"Blue Slaver","floor":14,"turns":3},{"damage":15,"enemies":"Hexaghost","floor":16,"turns":8},{"damage":15,"enemies":"2 Thieves","floor":18,"turns":4},{"damage":9,"enemies":"Shell Parasite","floor":20,"turns":5},{"damage":10,"enemies":"Shelled Parasite and Fungi","floor":22,"turns":5},{"damage":7,"enemies":"conspire:HollyBat","floor":24,"turns":5},{"damage":24,"enemies":"Centurion and Healer","floor":25,"turns":5},{"damage":0,"enemies":"Shelled Parasite and Fungi","floor":30,"turns":1},{"damage":57,"enemies":"Automaton","floor":33,"turns":6}],"seed_played":"8572438277400747478","potions_obtained":[{"floor":2,"key":"ColorlessPotion"},{"floor":6,"key":"SkillPotion"},{"floor":10,"key":"FearPotion"},{"floor":14,"key":"Dexterity Potion"},{"floor":16,"key":"SmokeBomb"}],"is_trial":false,"path_per_floor":["M","M","M","?","M","E","R","?","T","M","R","E","?","M","R","B",null,"M","?","M","$","M","R","M","M","T","?","?","?","M","$","R","B"],"character_chosen":"DEFECT","items_purchased":["Static Discharge","Pet Ghost","Guide Book","Capacitor","Gambling Chip"],"campfire_rested":3,"item_purchase_floors":[21,21,21,31,31],"current_hp_per_floor":[75,74,73,55,48,14,36,29,29,26,48,48,37,37,59,44,75,60,60,51,51,41,63,63,46,46,46,46,46,46,46,46,0,0],"gold":129,"neow_bonus":"UPGRADE_CARD","is_daily":false,"chose_seed":false,"campfire_upgraded":1,"win_rate":0.0,"timestamp":1610949433,"path_taken":["M","M","M","?","M","E","R","?","T","M","R","E","?","M","R","BOSS","M","?","?","$","M","R","M","M","T","?","?","?","?","$","R","BOSS"],"items_purchased_type":["Card","Relic","Relic","Card","Relic"],"build_version":"2020-12-22","purchased_purges":0,"victory":false,"max_hp_per_floor":[75,75,75,75,75,75,75,75,75,75,75,75,75,75,75,75,75,75,75,75,75,75,75,75,75,75,75,75,75,75,75,75,75,75],"card_choices":[{"not_picked":["Cold Snap","Stack"],"picked":"Gash","floor":1},{"not_picked":["ReplayTheSpireMod:Reroute Power","Doom and Gloom"],"picked":"FIFO Queue","floor":2},{"not_picked":["Barrage","Lockon"],"picked":"Tempest","floor":3},{"not_picked":["Stack","Streamline"],"picked":"Barrage","floor":5},{"not_picked":["Rebound","Force Field"],"picked":"Defragment","floor":6},{"not_picked":["ReplayTheSpireMod:Repulse","Steam"],"picked":"FTL","floor":10},{"not_picked":["Beam Cell","Hyperbeam"],"picked":"Go for the Eyes","floor":12},{"not_picked":["Beam Cell","Recycle"],"picked":"Steam","floor":13},{"not_picked":["conspire:Rain","Hologram"],"picked":"Ball Lightning","floor":14},{"not_picked":["Buffer","ReplayTheSpireMod:Omega Cannon"],"picked":"Core Surge","floor":16},{"not_picked":["Go for the Eyes","Compile Driver"],"picked":"Gash","floor":18},{"not_picked":["Rebound","Hologram+1"],"picked":"FTL+1","floor":20},{"not_picked":["Hologram","Skim+1"],"picked":"Self Repair","floor":22},{"not_picked":["Streamline","Steam","Stack"],"picked":"SKIP","floor":24},{"not_picked":["Genetic Algorithm","Sweeping Beam"],"picked":"All For One","floor":25},{"not_picked":["Go for the Eyes","Leap"],"picked":"Gash+1","floor":27}],"player_experience":188082,"relics_obtained":[{"floor":6,"key":"Divine Protection"},{"floor":9,"key":"conspire:Boomerang"},{"floor":12,"key":"Pocketwatch"},{"floor":13,"key":"Odd Mushroom"},{"floor":26,"key":"Omamori"},{"floor":27,"key":"Pondfish Scales"}],"event_choices":[{"damage_healed":0,"gold_gain":0,"player_choice":"Take Damage","damage_taken":18,"relics_obtained":["Golden Idol"],"max_hp_gain":0,"max_hp_loss":0,"event_name":"Golden Idol","floor":4,"gold_loss":0},{"cards_removed":["Strike_B"],"damage_healed":0,"gold_gain":0,"player_choice":"Card Removal","damage_taken":7,"max_hp_gain":0,"max_hp_loss":0,"event_name":"Golden Wing","floor":8,"gold_loss":0},{"damage_healed":0,"gold_gain":0,"player_choice":"Fought Mushrooms","damage_taken":0,"max_hp_gain":0,"max_hp_loss":0,"event_name":"Mushrooms","floor":13,"gold_loss":0},{"damage_healed":0,"gold_gain":0,"player_choice":"Got Potions","damage_taken":0,"max_hp_gain":0,"max_hp_loss":0,"event_name":"Lab","floor":19,"gold_loss":0},{"damage_healed":0,"gold_gain":0,"player_choice":"Ignored","damage_taken":0,"max_hp_gain":0,"max_hp_loss":0,"event_name":"Vampires","floor":28,"gold_loss":0}],"is_beta":false,"boss_relics":[{"not_picked":["Runic Dome","ChewingGum"],"picked":"Sozu"}],"items_purged_floors":[],"is_endless":false,"potions_floor_spawned":[2,6,10,14,16,18,20,22],"killed_by":"Automaton","ascension_level":0}}