{"host":"q0qnzbgdx8oqogg9","time":1610945172,"event":{"mods":["BaseMod","Minty Spire (QoL Compilation)","Slay-I","StSLib"],"gold_per_floor":[110,120,131,142,157,489,489,523,523,523,523],"floor_reached":10,"language":"ENG","playtime":325,"items_purged":[],"score":112,"play_id":"0b1ea41d-bedf-4db5-986a-f6a68b567453","local_time":"20210117234612","is_ascension_mode":true,"campfire_choices":[{"floor":7,"key":"REST"}],"circlet_count":0,"master_deck":["Strike_R","Strike_R","Strike_R","Strike_R","Strike_R","Defend_R","Defend_R","Defend_R","Defend_R","Bash","Sword Boomerang","Infernal Blade","Cleave","Flex"],"relics":["Busted Crown","Old Coin","Bag of Preparation","Frozen Egg 2"],"acts_visited":["Exordium"],"potions_floor_usage":[6,10],"damage_taken":[{"damage":2,"enemies":"Jaw Worm","floor":1,"turns":3},{"damage":8,"enemies":"Small Slimes","floor":2,"turns":3},{"damage":1,"enemies":"2 Louse","floor":3,"turns":3},{"damage":15,"enemies":"Exordium Thugs","floor":4,"turns":5},{"damage":11,"enemies":"Blue Slaver","floor":5,"turns":3},{"damage":15,"enemies":"Lagavulin","floor":6,"turns":3},{"damage":29,"enemies":"Gremlin Nob","floor":8,"turns":4},{"damage":20,"enemies":"Lagavulin","floor":10,"turns":4}],"seed_played":"348294367640816989","potions_obtained":[{"floor":3,"key":"Energy Potion"},{"floor":5,"key":"AttackPotion"},{"floor":8,"key":"Weak Potion"}],"is_trial":false,"path_per_floor":["M","M","M","M","M","E","R","E","T","E"],"character_chosen":"IRONCLAD","items_purchased":[],"campfire_rested":1,"item_purchase_floors":[],"current_hp_per_floor":[70,62,61,46,35,20,44,15,15,0,0],"gold":523,"neow_bonus":"BOSS_RELIC","is_daily":false,"chose_seed":false,"campfire_upgraded":0,"win_rate":0.0,"timestamp":1610945172,"path_taken":["M","M","M","M","M","E","R","E","T","E"],"items_purchased_type":[],"build_version":"2020-12-22","purchased_purges":0,"victory":false,"max_hp_per_floor":[80,80,80,80,80,80,80,80,80,80,80],"card_choices":[{"not_picked":[],"picked":"Sword Boomerang","floor":1},{"not_picked":["Burning Pact"],"picked":"SKIP","floor":2},{"not_picked":[],"picked":"Infernal Blade","floor":3},{"not_picked":[],"picked":"Cleave","floor":4},{"not_picked":[],"picked":"Flex","floor":5},{"not_picked":["Body Slam"],"picked":"SKIP","floor":6},{"not_picked":["Warcry"],"picked":"SKIP","floor":8}],"player_experience":229120,"relics_obtained":[{"floor":6,"key":"Old Coin"},{"floor":8,"key":"Bag of Preparation"},{"floor":9,"key":"Frozen Egg 2"}],"event_choices":[],"is_beta":false,"boss_relics":[],"items_purged_floors":[],"is_endless":false,"potions_floor_spawned":[3,5,8],"killed_by":"Lagavulin","ascension_level":8}}