{"host":"3jhxjeq8h3mqaq9s","time":1610935420,"event":{"mods":["BaseMod","Bestiary","Colored Map","Highlight Path","Minty Spire (QoL Compilation)","Rare Cards Sparkle","Relic Stats","StSLib","everything is the same but u backflip on backflip","slay the spire mod where everything is the same but ironclad has a cowboy hat"],"gold_per_floor":[119,119,132,148,164,196,196,216,216,249,249,263,279,311,311,311,311],"floor_reached":16,"language":"ENG","playtime":819,"items_purged":[],"score":155,"play_id":"2f259111-897c-42c9-a064-ab2cb9ba35b8","local_time":"20210117210340","is_ascension_mode":true,"campfire_choices":[{"floor":11,"key":"REST"},{"data":"Scrawl","floor":15,"key":"SMITH"}],"circlet_count":0,"master_deck":["Strike_P","Strike_P","Strike_P","Defend_P","Defend_P","Defend_P","Defend_P","Eruption+1","Vigilance","Scrawl+1","CutThroughFate+1","SpiritShield","BowlingBash","WheelKick","WaveOfTheHand"],"relics":["PureWater","Toy Ornithopter","TeardropLocket","Whetstone","Pocketwatch"],"acts_visited":["Exordium"],"potions_floor_usage":[10,16,16],"damage_taken":[{"damage":7.0,"enemies":"Small Slimes","floor":1.0,"turns":3.0},{"damage":1.0,"enemies":"Cultist","floor":3.0,"turns":4.0},{"damage":0.0,"enemies":"2 Louse","floor":4.0,"turns":1.0},{"damage":1.0,"enemies":"Large Slime","floor":5.0,"turns":6.0},{"damage":32,"enemies":"Gremlin Nob","floor":6,"turns":3},{"damage":9,"enemies":"Lots of Slimes","floor":8,"turns":5},{"damage":13,"enemies":"Lagavulin","floor":10,"turns":5},{"damage":0,"enemies":"Blue Slaver","floor":12,"turns":2},{"damage":0,"enemies":"Looter","floor":13,"turns":1},{"damage":23,"enemies":"3 Sentries","floor":14,"turns":9},{"damage":23,"enemies":"Hexaghost","floor":16,"turns":9}],"seed_played":"-5603900934392902463","potions_obtained":[{"floor":6,"key":"Fire Potion"},{"floor":10,"key":"Explosive Potion"},{"floor":13,"key":"GamblersBrew"},{"floor":14,"key":"Strength Potion"}],"is_trial":false,"path_per_floor":["M","?","M","M","M","E","?","M","T","E","R","M","M","E","R","B"],"character_chosen":"WATCHER","items_purchased":[],"campfire_rested":1,"item_purchase_floors":[],"current_hp_per_floor":[65,65,64,64,63,31,31,22,22,14,35,35,35,12,12,0,0],"gold":311,"neow_bonus":"ONE_RANDOM_RARE_CARD","is_daily":false,"chose_seed":false,"campfire_upgraded":1,"win_rate":0.0,"timestamp":1610935420,"path_taken":["M","?","M","M","M","E","?","M","T","E","R","M","?","E","R","BOSS"],"items_purchased_type":[],"build_version":"2020-12-22","purchased_purges":0,"victory":false,"max_hp_per_floor":[72,72,72,72,72,72,72,72,72,72,72,72,72,72,72,72,72],"relic_stats":{"counters":[11,48],"Whetstone":["CutThroughFate","Eruption"],"obtain_stats":[{"TeardropLocket":9,"Whetstone":10,"PureWater":0,"Toy Ornithopter":6,"Pocketwatch":14},{"TeardropLocket":6,"Whetstone":7,"PureWater":0,"Toy Ornithopter":5,"Pocketwatch":10},{"TeardropLocket":22,"Whetstone":27,"PureWater":0,"Toy Ornithopter":17,"Pocketwatch":39}],"Toy Ornithopter":15,"Pocketwatch":[18]},"card_choices":[{"not_picked":["ThirdEye","CarveReality"],"picked":"CutThroughFate","floor":1.0},{"not_picked":["EmptyBody","TalkToTheHand"],"picked":"SpiritShield","floor":3.0},{"not_picked":["JustLucky","Prostrate"],"picked":"BowlingBash","floor":4.0},{"not_picked":["FollowUp","Evaluate","WindmillStrike"],"picked":"SKIP","floor":5.0},{"not_picked":["Ragnarok","EmptyMind"],"picked":"WheelKick","floor":6},{"not_picked":["WreathOfFlame","PathToVictory","SignatureMove"],"picked":"SKIP","floor":8},{"not_picked":["Pray","Evaluate","Collect"],"picked":"SKIP","floor":10},{"not_picked":["Sanctity","Crescendo"],"picked":"WaveOfTheHand","floor":12},{"not_picked":["DeceiveReality","WheelKick","JustLucky"],"picked":"SKIP","floor":13},{"not_picked":["PathToVictory","Indignation","ConjureBlade"],"picked":"SKIP","floor":14}],"player_experience":2461715,"relics_obtained":[{"floor":6,"key":"Toy Ornithopter"},{"floor":9,"key":"TeardropLocket"},{"floor":10,"key":"Whetstone"},{"floor":14,"key":"Pocketwatch"}],"event_choices":[{"damage_healed":0.0,"max_hp_gain":0.0,"max_hp_loss":0.0,"gold_gain":0.0,"event_name":"Shining Light","player_choice":"Ignored","floor":2.0,"gold_loss":0.0,"damage_taken":0.0},{"cards_removed":["Strike_P"],"damage_healed":0,"gold_gain":0,"player_choice":"Offered Basic","damage_taken":0,"max_hp_gain":0,"max_hp_loss":0,"event_name":"Bonfire Elementals","floor":7,"gold_loss":0}],"is_beta":false,"boss_relics":[],"items_purged_floors":[],"is_endless":false,"potions_floor_spawned":[6,10,13,14],"killed_by":"Hexaghost","ascension_level":5}}