{"host":"w4b7hmige5bnqipq","time":1610983927,"event":{"mods":["2.2 Compatiblity","BaseMod","Colored Map","DeckTracker","Keyboard Shortcuts","Minty Spire (QoL Compilation)","Permanent Neow","Rare Cards Sparkle","SuperFastMode","everything is the same but u backflip on backflip","slay the spire mod where everything is the same but ironclad has a cowboy hat"],"gold_per_floor":[113,113,38,54,54,84,99,119,142,173,173,203,103,132,132,132,132],"floor_reached":16,"language":"KOR","playtime":344,"items_purged":["Strike_G","Strike_G"],"score":306,"play_id":"da1ff254-8649-4c76-bd71-24590022a331","local_time":"20210118233207","is_ascension_mode":true,"campfire_choices":[{"floor":11.0,"key":"REST"},{"data":"Adrenaline","floor":15,"key":"SMITH"}],"circlet_count":0,"master_deck":["AscendersBane","Strike_G","Strike_G","Strike_G","Defend_G","Defend_G","Defend_G","Defend_G","Defend_G","Survivor","Neutralize","Dagger Throw","Reflex","Unload","Adrenaline+1","Underhanded Strike"],"relics":["Ring of the Snake","NeowsBlessing","Toy Ornithopter","Centennial Puzzle","PreservedInsect","TungstenRod","Lantern"],"acts_visited":["Exordium"],"potions_floor_usage":[14,14,16],"damage_taken":[{"damage":0.0,"enemies":"Small Slimes","floor":1.0,"turns":1.0},{"damage":0.0,"enemies":"2 Louse","floor":4.0,"turns":1.0},{"damage":0.0,"enemies":"Lagavulin","floor":6.0,"turns":1.0},{"damage":4.0,"enemies":"Jaw Worm","floor":7.0,"turns":3.0},{"damage":0.0,"enemies":"Large Slime","floor":8.0,"turns":4.0},{"damage":43.0,"enemies":"Gremlin Nob","floor":10.0,"turns":5.0},{"damage":22.0,"enemies":"Lagavulin","floor":12.0,"turns":6.0},{"damage":5,"enemies":"Gremlin Nob","floor":14,"turns":3},{"damage":43,"enemies":"Hexaghost","floor":16,"turns":10}],"seed_played":"-3701051826170054244","potions_obtained":[{"floor":4.0,"key":"Ancient Potion"},{"floor":7.0,"key":"Swift Potion"},{"floor":14,"key":"Regen Potion"}],"is_trial":false,"path_per_floor":["M","?","$","M","?","E","M","M","T","E","R","E","$","E","R","B"],"character_chosen":"THE_SILENT","items_purchased":[],"campfire_rested":1,"item_purchase_floors":[],"current_hp_per_floor":[59,64,64,64,64,64,60,60,60,17,38,16,16,21,21,0,0],"gold":132,"neow_bonus":"THREE_ENEMY_KILL","is_daily":false,"chose_seed":false,"campfire_upgraded":1,"win_rate":0.0,"timestamp":1610983927,"path_taken":["M","?","$","M","?","E","M","M","T","E","R","E","?","E","R","BOSS"],"items_purchased_type":[],"build_version":"2020-12-22","purchased_purges":2,"victory":false,"max_hp_per_floor":[66,71,71,71,71,71,71,71,71,71,71,71,71,71,71,71,71],"card_choices":[{"not_picked":["Cloak And Dagger","Deflect"],"picked":"Dagger Throw","floor":1.0},{"not_picked":["Outmaneuver","Finisher","Dagger Throw"],"picked":"SKIP","floor":4.0},{"not_picked":["Concentrate","Cloak And Dagger"],"picked":"Reflex","floor":6.0},{"not_picked":["Deadly Poison","Prepared"],"picked":"Unload","floor":7.0},{"not_picked":["Sucker Punch","Deflect","Infinite Blades"],"picked":"SKIP","floor":8.0},{"not_picked":["Quick Slash","Flying Knee","Expertise"],"picked":"SKIP","floor":10.0},{"not_picked":["Blade Dance","Prepared"],"picked":"Adrenaline","floor":12.0},{"not_picked":["Poisoned Stab","Finisher"],"picked":"Underhanded Strike","floor":14}],"player_experience":514825,"relics_obtained":[{"floor":6.0,"key":"Toy Ornithopter"},{"floor":9.0,"key":"Centennial Puzzle"},{"floor":10.0,"key":"PreservedInsect"},{"floor":12.0,"key":"TungstenRod"},{"floor":14,"key":"Lantern"}],"event_choices":[{"damage_healed":0.0,"max_hp_gain":5.0,"max_hp_loss":0.0,"gold_gain":0.0,"event_name":"Big Fish","player_choice":"Donut","floor":2.0,"gold_loss":0.0,"damage_taken":0.0},{"damage_healed":0.0,"max_hp_gain":0.0,"max_hp_loss":0.0,"gold_gain":0.0,"event_name":"The Cleric","player_choice":"Leave","floor":5.0,"gold_loss":0.0,"damage_taken":0.0}],"is_beta":false,"boss_relics":[],"items_purged_floors":[3,13],"is_endless":false,"potions_floor_spawned":[4,7,12,14],"killed_by":"Hexaghost","ascension_level":20}}