{"host":"eemx8njkng76fu5x","time":1610990141,"event":{"mods":["2.2 Compatiblity","BaseMod","Downfall","Minty Spire (QoL Compilation)","Permanent Neow","StSLib","Unceasing Turn Reminder","Unknown Chances"],"gold_per_floor":[99,110,125,275,375,275,275,303,203,216,216,235,235,270,288,391,391,391,406,406,406,420,88,88,88,100,100,0,10,10,24,36,132,132,132,148,33,50,101,111,138,165,18,71,106,106,106,136,146,146,146,177,37,37,37,37],"floor_reached":57,"language":"ENG","playtime":4128,"items_purged":["bronze:Strike","bronze:Strike","bronze:Strike","bronze:Strike","bronze:ClassDefault"],"score":1325,"play_id":"88bd1ccb-0db3-4ca0-848a-f1ec587b4f12","local_time":"20210119011541","is_ascension_mode":false,"campfire_choices":[{"floor":1.0,"key":"RECALL"},{"data":"bronze:Replicate","floor":6.0,"key":"SMITH"},{"data":"bronze:Goto","floor":9.0,"key":"SMITH"},{"data":"Enlightenment","floor":13.0,"key":"SMITH"},{"data":"bronze:Format","floor":18.0,"key":"SMITH"},{"data":"bronze:Optimize","floor":28.0,"key":"SMITH"},{"data":"bronze:Fortify","floor":30.0,"key":"SMITH"},{"data":"bronze:Boost","floor":35.0,"key":"SMITH"},{"data":"bronze:Shell","floor":46,"key":"SMITH"},{"data":"bronze:Boost","floor":54,"key":"SMITH"}],"circlet_count":0,"master_deck":["bronze:Defend","bronze:Defend","bronze:Defend","bronze:Defend","bronze:Replicate+1","bronze:Goto+1","Enlightenment+1","bronze:DelayedSlice","bronze:Frontload","bronze:Frontload","bronze:Frontload","bronze:Optimize+1","bronze:Flail","bronze:Format+1","bronze:DigitalCarnage","bronze:Invalidate+1","bronze:Boost+1","bronze:Fortify+1","bronze:Boost+1","bronze:SpaghettiCode","bronze:Frontload+1","bronze:Repair+1","bronze:Turbo+1","bronze:Shell+1","bronze:Shell+1","bronze:ChildClass+1"],"relics":["bronze:BronzeCore","downfall:HeartBlessingRed","Question Card","Eternal Feather","downfall:HeartBlessingGreen","Boot","Runic Dome","Bottled Lightning","downfall:HeartBlessingBlue","Busted Crown","Bag of Preparation","Toy Ornithopter","The Courier","Du-Vu Doll","Gremlin Horn","Happy Flower","Blood Vial"],"acts_visited":["Exordium","TheCity","TheBeyond","TheEnding"],"potions_floor_usage":[55,56],"damage_taken":[{"damage":0.0,"enemies":"Cultist","floor":2.0,"turns":4.0},{"damage":5.0,"enemies":"Small Slimes","floor":3.0,"turns":2.0},{"damage":63.0,"enemies":"3 Sentries","floor":8.0,"turns":11.0},{"damage":0.0,"enemies":"2 Louse","floor":10.0,"turns":2.0},{"damage":0.0,"enemies":"2 Fungi Beasts","floor":12.0,"turns":4.0},{"damage":1.0,"enemies":"Lagavulin","floor":14.0,"turns":9.0},{"damage":0.0,"enemies":"Red Slaver","floor":15.0,"turns":5.0},{"damage":30.0,"enemies":"WA_ARCHETYPE_RETAIN","floor":16.0,"turns":10.0},{"damage":3.0,"enemies":"Spheric Guardian","floor":19.0,"turns":6.0},{"damage":2.0,"enemies":"Sentry and Sphere","floor":22.0,"turns":5.0},{"damage":0.0,"enemies":"downfall:FleeingMerchant","floor":23.0,"turns":4.0},{"damage":0.0,"enemies":"Snake Plant","floor":26.0,"turns":3.0},{"damage":18.0,"enemies":"Shelled Parasite and Fungi","floor":29.0,"turns":5.0},{"damage":0.0,"enemies":"Centurion and Healer","floor":31.0,"turns":5.0},{"damage":6.0,"enemies":"Snecko","floor":32.0,"turns":5.0},{"damage":9.0,"enemies":"SI_MIRROR_ARCHETYPE","floor":33.0,"turns":7.0},{"damage":7.0,"enemies":"3 Shapes","floor":36.0,"turns":3.0},{"damage":0.0,"enemies":"downfall:FleeingMerchant","floor":37.0,"turns":4.0},{"damage":0.0,"enemies":"Orb Walker","floor":38.0,"turns":3.0},{"damage":0.0,"enemies":"downfall:FleeingMerchant","floor":39.0,"turns":4.0},{"damage":0.0,"enemies":"Sphere and 2 Shapes","floor":40.0,"turns":4.0},{"damage":18,"enemies":"Nemesis","floor":42,"turns":3},{"damage":0,"enemies":"2 Orb Walkers","floor":44,"turns":2},{"damage":0,"enemies":"Reptomancer","floor":45,"turns":5},{"damage":26,"enemies":"Nemesis","floor":48,"turns":5},{"damage":3,"enemies":"Spire Growth","floor":49,"turns":4},{"damage":0,"enemies":"DF_ARCHETYPE_ORBS","floor":50,"turns":7},{"damage":0,"enemies":"downfall:CharBossMerchant","floor":52,"turns":12},{"damage":0,"enemies":"downfall:NeowBoss","floor":55,"turns":14},{"damage":79,"enemies":"downfall:NeowBossFinal","floor":56,"turns":12}],"seed_played":"6146806891056450995","potions_obtained":[{"floor":8.0,"key":"FairyPotion"},{"floor":11.0,"key":"downfall:CursedFountainPotion"},{"floor":14.0,"key":"EntropicBrew"},{"floor":26.0,"key":"Strength Potion"},{"floor":29.0,"key":"DuplicationPotion"},{"floor":33.0,"key":"bronze:BurnAndBuffPotion"},{"floor":44,"key":"DuplicationPotion"}],"is_trial":false,"path_per_floor":["R","M","M","?","?","R","T","E","R","M","?","M","R","E","M","B",null,"R","M","?","?","M","$","T","?","M","?","R","M","R","M","M","B",null,"R","M","$","M","?","M","T","E","$","?","E","R","?","E","M","B",null,"E","$","R","B","B",null],"character_chosen":"THE_AUTOMATON","items_purchased":["Bottled Lightning","Bag of Preparation","bronze:Shell"],"campfire_rested":0,"item_purchase_floors":[23,39,43],"current_hp_per_floor":[70,70,65,65,65,65,65,2,8,8,8,8,17,16,16,14,70,70,67,67,67,65,65,65,65,65,65,80,62,74,74,68,59,80,80,73,73,73,73,80,80,62,62,72,80,80,80,54,61,71,80,80,80,80,80,15],"gold":37,"neow_bonus":"RANDOM_COLORLESS","is_daily":false,"chose_seed":false,"campfire_upgraded":9,"win_rate":0.0,"timestamp":1610990141,"path_taken":["R","?","M","?","?","R","T","E","R","M","?","M","R","E","M","BOSS","R","M","?","?","M","$","T","?","M","?","R","M","R","M","M","BOSS","R","M","$","M","?","M","T","E","$","?","E","R","?","E","M","BOSS","E","$","R","BOSS","BOSS"],"items_purchased_type":["Relic","Relic","Card"],"build_version":"2020-12-22","purchased_purges":5,"victory":true,"max_hp_per_floor":[70,70,70,70,70,70,70,70,70,70,70,70,70,70,70,70,70,70,70,70,70,70,70,70,70,70,70,80,80,80,80,80,80,80,80,80,80,80,80,80,80,80,80,80,80,80,80,80,80,80,80,80,80,80,80,80],"card_choices":[{"not_picked":["Panacea","Swift Strike"],"picked":"Enlightenment","floor":0.0},{"not_picked":["bronze:BugBarrage","bronze:Shield"],"picked":"bronze:DelayedSlice","floor":2.0},{"not_picked":["bronze:Deprecate","bronze:Repair"],"picked":"bronze:Frontload","floor":3.0},{"not_picked":["bronze:Turbo","bronze:BugBarrage","bronze:Break","bronze:Overload"],"picked":"SKIP","floor":8.0},{"not_picked":["bronze:Invalidate","bronze:DelayedGuard","bronze:Safeguard"],"picked":"bronze:Frontload","floor":10.0},{"not_picked":["bronze:ItsAFeature","bronze:CutThrough","bronze:BuggyMess"],"picked":"bronze:Frontload","floor":12.0},{"not_picked":["bronze:HardenedForm","bronze:BuggyMess","bronze:Invalidate"],"picked":"bronze:Optimize","floor":14.0},{"not_picked":["bronze:OilSpill","bronze:BugBarrage","bronze:CloningBeam"],"picked":"bronze:Flail","floor":15.0},{"not_picked":["bronze:BurnOut","bronze:ThunderWave","bronze:RecursiveStrike"],"picked":"bronze:Format","floor":16.0},{"not_picked":["bronze:BitShift","bronze:WildBeam+1","bronze:BugBarrage"],"picked":"bronze:DigitalCarnage","floor":19.0},{"not_picked":["bronze:Flail","bronze:CutThrough","bronze:Allocate"],"picked":"bronze:ClassDefault","floor":22.0},{"not_picked":["bronze:OilSpill","bronze:Repair","bronze:Turbo"],"picked":"bronze:Invalidate+1","floor":23.0},{"not_picked":["bronze:BuggyMess","bronze:Branch","bronze:BronzeArmor+1"],"picked":"bronze:Boost","floor":26.0},{"not_picked":["bronze:Frontload","bronze:BitShift","bronze:Repair"],"picked":"bronze:Boost","floor":29.0},{"not_picked":["bronze:Branch","bronze:DigitalCarnage","bronze:Safeguard","bronze:NullPointer"],"picked":"SKIP","floor":31.0},{"not_picked":["bronze:Backtrace","bronze:DarkDash","bronze:Invalidate","bronze:CutThrough"],"picked":"SKIP","floor":32.0},{"not_picked":["bronze:Verify","bronze:BurnOut","bronze:ThunderWave"],"picked":"bronze:SpaghettiCode","floor":33.0},{"not_picked":["bronze:Invalidate"],"picked":"bronze:Frontload+1","floor":36.0},{"not_picked":["bronze:Philosophize","bronze:Overheat+1"],"picked":"SKIP","floor":37.0},{"not_picked":["bronze:ChosenStrike+1"],"picked":"bronze:Repair+1","floor":38.0},{"not_picked":["bronze:WhirlingStrike","bronze:GetLatest+1"],"picked":"SKIP","floor":39.0},{"not_picked":["bronze:NullPointer"],"picked":"bronze:Turbo+1","floor":40.0},{"not_picked":["bronze:DelayedSlice","bronze:Boost+1"],"picked":"SKIP","floor":42},{"not_picked":["bronze:OilSpill+1","bronze:Overheat"],"picked":"SKIP","floor":45},{"not_picked":["bronze:HardenedForm","bronze:WhirlingStrike"],"picked":"SKIP","floor":48},{"not_picked":["bronze:Fortify+1"],"picked":"bronze:ChildClass+1","floor":49},{"not_picked":["bronze:ChosenStrike+1","bronze:BronzeOrb"],"picked":"SKIP","floor":52}],"player_experience":486039,"relics_obtained":[{"floor":7.0,"key":"Question Card"},{"floor":8.0,"key":"Eternal Feather"},{"floor":14.0,"key":"Boot"},{"floor":41.0,"key":"Toy Ornithopter"},{"floor":42,"key":"The Courier"},{"floor":44,"key":"Du-Vu Doll"},{"floor":45,"key":"Gremlin Horn"},{"floor":48,"key":"Happy Flower"},{"floor":52,"key":"Blood Vial"}],"event_choices":[{"damage_healed":0.0,"max_hp_gain":0.0,"max_hp_loss":0.0,"gold_gain":0.0,"event_name":"Vampires","player_choice":"Ignored","floor":21.0,"gold_loss":0.0,"damage_taken":0.0},{"damage_healed":0.0,"max_hp_gain":0.0,"max_hp_loss":0.0,"gold_gain":0.0,"event_name":"The Library","player_choice":"Read","floor":27.0,"gold_loss":0.0,"damage_taken":0.0,"cards_obtained":["bronze:Fortify"]},{"damage_healed":0,"gold_gain":0,"player_choice":"Fight","damage_taken":0,"max_hp_gain":0,"max_hp_loss":0,"event_name":"Mysterious Sphere","floor":44,"gold_loss":0}],"is_beta":false,"boss_relics":[{"not_picked":["bronze:MakeshiftBattery","Pandora\u0027s Box"],"picked":"Runic Dome"},{"not_picked":["Philosopher\u0027s Stone","Sozu"],"picked":"Busted Crown"}],"items_purged_floors":[23,37,39,43,53],"is_endless":false,"potions_floor_spawned":[8,14,26,29,33,36,44,45,48,49],"ascension_level":0}}