{"host":"qvl114e0jmbc6yhm","time":1610937802,"event":{"mods":["Act Like it!","BaseMod","Hermit","Highlight Path","Hubris","Jedi Mod","Marisa????????","Marked Mod","Minty Spire (QoL Compilation)","Permanent Neow","Random Character Button","Relic Sorter","Relic Stats","Replay The Spire","Shop Mod","Spicy Shops","StSLib","The Jungle","The Runesmith"],"gold_per_floor":[18,18,42,42,60,104,104,123,123,163,263,303,303,36,36,132,132,157,157,97,115,134,175,200,200,200],"floor_reached":25,"language":"ENG","playtime":1421,"items_purged":["Strike_P"],"score":376,"play_id":"6c898e14-34a5-484a-9a96-6013f2294fc9","local_time":"20210117214322","is_ascension_mode":true,"campfire_choices":[{"data":"TalkToTheHand","floor":7,"key":"SMITH"},{"data":"Eruption","floor":13,"key":"SMITH"},{"floor":15,"key":"REST"}],"circlet_count":0,"master_deck":["AscendersBane","Strike_P","Strike_P","Strike_P","Defend_P","Defend_P","Defend_P","Defend_P","Eruption+1","Vigilance","TalkToTheHand+1","CarveReality+1","Consecrate","WaveOfTheHand+1","Tantrum","Blasphemy","WheelKick","ReplayTheSpireMod:Doomed","CrushJoints+1","JustLucky","Halt","Adaptation"],"relics":["PureWater","Unceasing Top","Golden Idol","Smiling Mask","Matryoshka","Replay:Bottled Steam","Centennial Puzzle","Guide Book","Honey Jar","Strawberry","Red Mask"],"acts_visited":["Exordium","TheCity"],"potions_floor_usage":[22,23],"damage_taken":[{"damage":0,"enemies":"Cultist","floor":1,"turns":3},{"damage":0,"enemies":"Jaw Worm","floor":3,"turns":4},{"damage":10,"enemies":"Small Slimes","floor":5,"turns":4},{"damage":5,"enemies":"Replay:BlueRogue","floor":6,"turns":7},{"damage":1,"enemies":"Red Slaver","floor":8,"turns":3},{"damage":13,"enemies":"Lagavulin","floor":10,"turns":7},{"damage":14,"enemies":"Gremlin Nob","floor":12,"turns":5},{"damage":26,"enemies":"The Guardian","floor":16,"turns":9},{"damage":0,"enemies":"Shell Parasite","floor":18,"turns":1},{"damage":0,"enemies":"Chosen","floor":21,"turns":2},{"damage":0,"enemies":"Sentry and Sphere","floor":22,"turns":3},{"damage":14,"enemies":"Masked Bandits","floor":23,"turns":4},{"damage":13,"enemies":"Snecko","floor":24,"turns":5},{"damage":35,"enemies":"Book of Stabbing","floor":25,"turns":6}],"seed_played":"3253862299516668231","potions_obtained":[{"floor":1,"key":"Block Potion"},{"floor":5,"key":"SneckoOil"},{"floor":6,"key":"SpeedPotion"},{"floor":12,"key":"AttackPotion"},{"floor":18,"key":"Languid Potion"}],"is_trial":false,"path_per_floor":["M","?","M","$","M","E","R","M","T","E","?","E","R","$","R","B",null,"M","?","?","M","M","?","M","E"],"character_chosen":"WATCHER","items_purchased":["Tantrum","Guide Book"],"campfire_rested":1,"item_purchase_floors":[14,14],"current_hp_per_floor":[61,61,61,61,51,46,46,45,45,32,32,18,18,18,36,10,50,50,57,57,57,57,43,30,0,0],"gold":200,"neow_bonus":"ONE_RARE_RELIC","is_daily":false,"chose_seed":false,"campfire_upgraded":2,"win_rate":0.0,"timestamp":1610937802,"path_taken":["M","?","M","?","M","E","R","M","T","E","?","E","R","$","R","BOSS","M","?","?","M","M","?","?","E"],"items_purchased_type":["Card","Relic"],"build_version":"2020-12-22","purchased_purges":1,"victory":false,"max_hp_per_floor":[68,63,63,63,63,63,63,63,63,63,63,63,63,63,63,63,63,63,70,70,70,70,70,70,70,70],"relic_stats":{"Centennial Puzzle":[12],"counters":[14,63],"Golden Idol":83,"Smiling Mask":25,"obtain_stats":[{"Centennial Puzzle":12,"Matryoshka":9,"Golden Idol":2,"Guide Book":14,"Strawberry":19,"Honey Jar":17,"Red Mask":23,"PureWater":0,"Smiling Mask":6,"Unceasing Top":0,"Replay:Bottled Steam":10},{"Centennial Puzzle":7,"Matryoshka":5,"Golden Idol":1,"Guide Book":7,"Strawberry":9,"Honey Jar":8,"Red Mask":12,"PureWater":0,"Smiling Mask":4,"Unceasing Top":0,"Replay:Bottled Steam":6},{"Centennial Puzzle":33,"Matryoshka":21,"Golden Idol":3,"Guide Book":33,"Strawberry":43,"Honey Jar":42,"Red Mask":52,"PureWater":0,"Smiling Mask":18,"Unceasing Top":0,"Replay:Bottled Steam":28}],"Unceasing Top":[1]},"card_choices":[{"not_picked":["Replay:Anticipation","ClearTheMind"],"picked":"TalkToTheHand","floor":1},{"not_picked":["ClearTheMind","EmptyBody","FollowUp"],"picked":"SKIP","floor":3},{"not_picked":["Protect","MarkedMod:Acupuncture","Replay:Battleflow"],"picked":"SKIP","floor":5},{"not_picked":["Protect","SpiritShield"],"picked":"CarveReality","floor":6},{"not_picked":["EmptyFist","WindmillStrike"],"picked":"Consecrate","floor":8},{"not_picked":["Perseverance","SignatureMove","Crescendo"],"picked":"SKIP","floor":10},{"not_picked":["ClearTheMind","Consecrate"],"picked":"WaveOfTheHand","floor":12},{"not_picked":["ConjureBlade","Alpha"],"picked":"Blasphemy","floor":16},{"not_picked":["Replay:Vibes","Protect"],"picked":"WheelKick","floor":18},{"not_picked":["Evaluate","Replay:Anticipation"],"picked":"CrushJoints+1","floor":21},{"not_picked":["MarkedMod:GentlePulse","CrushJoints"],"picked":"JustLucky","floor":22},{"not_picked":["ClearTheMind","BattleHymn"],"picked":"Halt","floor":23},{"not_picked":["WreathOfFlame","MarkedMod:FirstStrike"],"picked":"Adaptation","floor":24}],"player_experience":2459537,"relics_obtained":[{"floor":6,"key":"Smiling Mask"},{"floor":9,"key":"Matryoshka"},{"floor":10,"key":"Replay:Bottled Steam"},{"floor":12,"key":"Centennial Puzzle"},{"floor":23,"key":"Red Mask"}],"event_choices":[{"damage_healed":0,"gold_gain":0,"player_choice":"Lose Max HP","damage_taken":0,"relics_obtained":["Golden Idol"],"max_hp_gain":0,"max_hp_loss":5,"event_name":"Golden Idol","floor":2,"gold_loss":0},{"damage_healed":0,"gold_gain":100,"player_choice":"Pray","damage_taken":0,"max_hp_gain":0,"max_hp_loss":0,"event_name":"Golden Shrine","floor":11,"gold_loss":0},{"damage_healed":0,"gold_gain":0,"player_choice":"Fought Bandits","damage_taken":0,"max_hp_gain":0,"max_hp_loss":0,"event_name":"Masked Bandits","floor":23,"gold_loss":0}],"is_beta":false,"boss_relics":[{"not_picked":["Snecko Heart","Astrolabe"],"picked":"Honey Jar"}],"items_purged_floors":[14],"is_endless":false,"potions_floor_spawned":[1,5,6,12,18],"killed_by":"Book of Stabbing","ascension_level":14}}