{"host":"2i0myh7fqij2ti1z","time":1610985209,"event":{"mods":["Aspiration","BaseMod","Better Third Choice","Colored Powertips","Conspire","Evolution","FoggyMod","GifTheSpireLib","Highlight Path","Hubris","Minty Spire (QoL Compilation)","Permanent Neow","Quick Restart","Random Character Button","Random Character Mod","Replay The Spire","Shop Mod","Spicy Shops","StSLib","Stuff the Spire","Transform Curses","Wandering Minibosses","vexMod","óô»ðÖ¸ÄÏ"],"gold_per_floor":[114,39,54,54,54,184,184,214,214,61,61,61,76,76,76,176,842,857,857,757,465,465,495,510,510,510],"floor_reached":25,"language":"ENG","playtime":971,"items_purged":["Warcry","Injury"],"score":400,"play_id":"e573939a-3d11-44f6-86fe-379f3d82a8b5","local_time":"20210118235329","daily_mods":["Draft","Flight","Lethality"],"is_ascension_mode":false,"campfire_choices":[{"data":"Heavy Blade","floor":7,"key":"SMITH"}],"circlet_count":0,"master_deck":["hubris:ReadiedAction","ReplayTheSpireMod:LeadingStrike","Pommel Strike","Rage","Perfected Strike","Heavy Blade+1","Pommel Strike+1","StuffTheSpire:RockThrow","StuffTheSpire:Slingshot","Perfected Strike","Twin Strike","conspire:Purge","Metallicize+1","StuffTheSpire:Innocence","Perfected Strike+1","Brutality","Demon Form","Perfected Strike+1","Heavy Blade+1"],"relics":["StuffTheSpire:OccultApparatus","EVO:Axolotl","hubris:Icosahedron","Molten Egg 2","hubris:BottledRain","hubris:ToyBattleship","King of Hearts","vexMod:RockOfEvil","Replay:Baseball"],"acts_visited":["Exordium","TheCity"],"potions_floor_usage":[8,8,25],"damage_taken":[{"damage":0,"enemies":"Cultist","floor":1,"turns":1},{"damage":0,"enemies":"2 Louse","floor":3,"turns":1},{"damage":0,"enemies":"Lagavulin","floor":6,"turns":2},{"damage":5,"enemies":"Gremlin Nob","floor":8,"turns":2},{"damage":0,"enemies":"Small Slimes","floor":13,"turns":2},{"damage":5,"enemies":"Slime Boss","floor":16,"turns":5},{"damage":14,"enemies":"Shell Parasite","floor":18,"turns":4},{"damage":29,"enemies":"Gremlin Leader","floor":23,"turns":4},{"damage":43,"enemies":"3 Byrds","floor":24,"turns":4},{"damage":13,"enemies":"Book of Stabbing","floor":25,"turns":2}],"seed_played":"-1283480827410872575","potions_obtained":[{"floor":1,"key":"SkillPotion"},{"floor":6,"key":"Fruit Juice"},{"floor":16,"key":"SteroidPotion"},{"floor":18,"key":"Regen Potion"}],"is_trial":false,"path_per_floor":["M","$","M","?","?","E","R","E","T","$","?","?","M","?","R","B",null,"M","?","$","$","?","E","M","E"],"character_chosen":"IRONCLAD","items_purchased":["Metallicize+1","Demon Form"],"campfire_rested":0,"item_purchase_floors":[10,21],"current_hp_per_floor":[94,94,94,94,94,94,94,99,99,99,92,83,89,99,99,99,99,91,91,91,91,99,70,27,14,14],"gold":510,"neow_bonus":"","is_daily":true,"chose_seed":false,"campfire_upgraded":1,"win_rate":0.0,"timestamp":1610985209,"path_taken":["M","$","?","?","?","E","R","E","T","?","?","?","?","?","R","BOSS","M","?","$","$","?","E","?","E"],"items_purchased_type":["Card","Card"],"build_version":"2020-12-22","purchased_purges":2,"victory":false,"max_hp_per_floor":[94,94,94,94,94,94,94,99,99,99,99,99,99,99,99,99,99,99,99,99,99,99,99,99,99,99],"card_choices":[{"not_picked":["Burning Pact","StuffTheSpire:BloodClot"],"picked":"hubris:ReadiedAction","floor":0},{"not_picked":["StuffTheSpire:Incineration","Uppercut"],"picked":"ReplayTheSpireMod:LeadingStrike","floor":0},{"not_picked":["hubris:ReadiedAction","Cleave"],"picked":"Inflame","floor":0},{"not_picked":["StuffTheSpire:Incineration","Iron Wave"],"picked":"Pommel Strike","floor":0},{"not_picked":["Warcry","Rage"],"picked":"Clash","floor":0},{"not_picked":["Sword Boomerang","Dual Wield"],"picked":"Rage","floor":0},{"not_picked":["Replay:Undeath\u0027s Touch","Intimidate"],"picked":"Perfected Strike","floor":0},{"not_picked":["Clothesline","hubris:ReadiedAction"],"picked":"Heavy Blade","floor":0},{"not_picked":["Uppercut","Anger"],"picked":"Iron Wave","floor":0},{"not_picked":["Disarm","Thunderclap"],"picked":"Pommel Strike","floor":0},{"not_picked":["Uppercut","Clothesline"],"picked":"Warcry","floor":0},{"not_picked":["StuffTheSpire:RagingBull","Body Slam"],"picked":"StuffTheSpire:RockThrow","floor":0},{"not_picked":["Headbutt","hubris:ReadiedAction"],"picked":"StuffTheSpire:Slingshot","floor":0},{"not_picked":["Headbutt","Anger"],"picked":"Perfected Strike","floor":0},{"not_picked":["Clothesline","Second Wind"],"picked":"Sword Boomerang","floor":0},{"not_picked":["Run Through","Flex"],"picked":"Twin Strike","floor":1},{"not_picked":["ReplayReversal","True Grit","Cleave"],"picked":"SKIP","floor":3},{"not_picked":["hubris:ReadiedAction","True Grit"],"picked":"conspire:Purge","floor":6},{"not_picked":["Impervious","Replay:Undeath\u0027s Touch+1","Warcry"],"picked":"SKIP","floor":8},{"not_picked":["Impervious","Replay:Undeath\u0027s Touch+1","Warcry"],"picked":"SKIP","floor":8},{"not_picked":["Pommel Strike+1","StuffTheSpire:RagingBull+1"],"picked":"Perfected Strike+1","floor":13},{"not_picked":["Juggernaut","Demonic Infusion"],"picked":"Brutality","floor":16},{"not_picked":["ReplayTheSpireMod:Strike From Hell+1","Dropkick+1","Run Through+1"],"picked":"SKIP","floor":18},{"not_picked":["Eclipse","Rupture"],"picked":"Perfected Strike+1","floor":23},{"not_picked":["Run Through+1","Cleave+1"],"picked":"Heavy Blade+1","floor":24}],"player_experience":252878,"relics_obtained":[{"floor":6,"key":"hubris:BottledRain"},{"floor":8,"key":"hubris:ToyBattleship"},{"floor":9,"key":"King of Hearts"},{"floor":23,"key":"Replay:Baseball"}],"event_choices":[{"damage_healed":0,"gold_gain":0,"player_choice":"Damaged","damage_taken":9,"max_hp_gain":0,"max_hp_loss":0,"event_name":"Wheel of Change","floor":12,"gold_loss":0}],"is_beta":false,"boss_relics":[{"not_picked":["vexMod:BigBerry","Calling Bell"],"picked":"vexMod:RockOfEvil"}],"items_purged_floors":[2,20],"is_endless":false,"potions_floor_spawned":[1,6,16,18],"killed_by":"Book of Stabbing","ascension_level":0}}