{"host":"1rf9pknejqhzkc4o","time":1610962616,"event":{"mods":["Aspiration","BaseMod","Better Altar","Better Match","Better Note","Better Sensory Stone","Better Skull","Better Third Choice","Colored Map","Colored Powertips","Communication Mod","Conspire","Energized Spire","Hubris","Infinite Spire","Ironclad Rager","Minty Spire (QoL Compilation)","Quick Restart","RNG Fix","Rare Cards Sparkle","Relic Stats","Replay The Spire","Retaliation","Spicy Shops","StS++","StSLib","The Blue Laboratory","Trackpad"],"gold_per_floor":[117,117,117,130,148,148,167,167,190,207,218,236,246,94,94,199,199,218,231,261,261,261,261,295,295,320,320,346,47,58,71,71,176,176,192,242,86,106,106,106,138,138,162,208,208,224,224,224],"floor_reached":47,"language":"ENG","playtime":1800,"items_purged":[],"score":490,"play_id":"6fcd4187-f306-4428-8297-fac9d3e94fd7","local_time":"20210118123656","is_ascension_mode":false,"campfire_choices":[{"data":"Armaments","floor":6.0,"key":"SMITH"},{"floor":23.0,"key":"REST"},{"floor":25.0,"key":"REST"},{"floor":32.0,"key":"REST"},{"floor":40,"key":"REST"},{"floor":45,"key":"REST"}],"circlet_count":0,"master_deck":["Strike_R","Strike_R+1","Strike_R","Strike_R","Strike_R","Defend_R","Defend_R+1","Defend_R","Defend_R+1","Armaments+1","Mayhem+1","Shockwave","Anger+1","Shrug It Off","Combust","Perfected Strike","Demonic Infusion+1","ReplayTheSpireMod:Muscle Training+1","conspire:Banana","Specialist","Searing Blow","Perfected Strike","Perfected Strike","Heavy Blade","infinitespire:NeuralNetwork","Impervious"],"relics":["Burning Blood","DDmod:BarbedSlagRelic","Vajra","Bronze Scales","hubris:Backtick","Regal Pillow","hubris:AstralHammer","aspiration:Headhunter","War Paint","Simple Rune","Replay:Baseball","Red Mask","Tiny Chest","Ancient Tea Set","hubris:ScarierMask","Shovel","Strawberry","aspiration:SeaSaltIceCream","trackpad:PetRock","InkBottle","Anchor","trackpad:SappingStone"],"acts_visited":["Exordium","TheCity","TheBeyond"],"potions_floor_usage":[33,33,47],"damage_taken":[{"damage":0.0,"enemies":"2 Louse","floor":1.0,"turns":3.0},{"damage":2.0,"enemies":"Jaw Worm","floor":4.0,"turns":4.0},{"damage":1.0,"enemies":"Cultist","floor":5.0,"turns":4.0},{"damage":17.0,"enemies":"Large Slime","floor":7.0,"turns":7.0},{"damage":1.0,"enemies":"2 Fungi Beasts","floor":10.0,"turns":4.0},{"damage":11.0,"enemies":"3 Louse","floor":11.0,"turns":4.0},{"damage":8.0,"enemies":"Looter","floor":12.0,"turns":3.0},{"damage":9.0,"enemies":"Exordium Thugs","floor":13.0,"turns":3.0},{"damage":57.0,"enemies":"Fading Forest","floor":16.0,"turns":11.0},{"damage":19.0,"enemies":"Spheric Guardian","floor":18.0,"turns":4.0},{"damage":44.0,"enemies":"conspire:FuzzyDice","floor":19.0,"turns":4.0},{"damage":33.0,"enemies":"conspire:MimicChest","floor":20.0,"turns":6.0},{"damage":42.0,"enemies":"conspire:SneckoGhost","floor":24.0,"turns":9.0},{"damage":35.0,"enemies":"Masked Bandits","floor":28.0,"turns":4.0},{"damage":15.0,"enemies":"Snake Plant","floor":30.0,"turns":4.0},{"damage":2.0,"enemies":"Chosen and Byrds","floor":31.0,"turns":5.0},{"damage":52,"enemies":"Automaton","floor":33,"turns":10},{"damage":7,"enemies":"3 Darklings","floor":35,"turns":3},{"damage":7,"enemies":"2 Orb Walkers","floor":36,"turns":3},{"damage":0,"enemies":"3 Shapes","floor":38,"turns":2},{"damage":95,"enemies":"Nemesis","floor":41,"turns":5},{"damage":49,"enemies":"Maw","floor":46,"turns":7},{"damage":24,"enemies":"Spire Growth","floor":47,"turns":4}],"seed_played":"-698704639168891084","potions_obtained":[{"floor":4.0,"key":"DuplicationPotion"},{"floor":10.0,"key":"blueLaboratory:LouseDecoction"},{"floor":11.0,"key":"blueLaboratory:EntrenchedPotion"},{"floor":12.0,"key":"Fire Potion"},{"floor":13.0,"key":"Weak Potion"},{"floor":18.0,"key":"FearPotion"},{"floor":20.0,"key":"Block Potion"},{"floor":33,"key":"Strength Potion"},{"floor":36,"key":"PowerPotion"},{"floor":38,"key":"blueLaboratory:HorrorPotion"}],"is_trial":false,"path_per_floor":["M","?","?","M","M","R","M","?","T","M","M","M","M","$","R_BF","B",null,"M","M","?","?","AVR","R","E","R","T","T","?","$","M","M","R","B",null,"M","?","$","M","AVR","R","E","?","T","T","R","M","M"],"character_chosen":"IRONCLAD","items_purchased":["Bronze Scales","Tiny Chest","Ancient Tea Set","Strawberry"],"campfire_rested":5,"item_purchase_floors":[14,29,29,37],"current_hp_per_floor":[88,88,88,88,88,88,77,77,77,82,77,75,72,72,88,47,88,75,37,10,10,10,51,16,57,57,57,29,29,21,26,68,23,93,93,94,101,103,103,103,15,15,15,15,61,19,0,0],"gold":224,"neow_bonus":"TEN_PERCENT_HP_BONUS","is_daily":false,"chose_seed":false,"campfire_upgraded":1,"win_rate":0.0,"timestamp":1610962616,"path_taken":["M","?","?","M","M","R","M","?","T","M","M","?","M","$","R_BF","BOSS","M","M","?","?","AVR","R","E","R","T","?","?","$","?","M","R","BOSS","M","?","$","M","AVR","R","E","?","T","?","R","?","M"],"items_purchased_type":["Relic","Relic","Relic","Relic"],"build_version":"2020-12-22","purchased_purges":0,"victory":false,"max_hp_per_floor":[88,88,88,88,88,88,88,88,88,88,88,88,88,88,88,88,88,88,88,88,88,88,88,89,89,89,89,90,90,91,92,92,93,93,94,96,103,103,103,103,104,104,104,104,104,105,106,106],"relic_stats":{"Regal Pillow":60,"Shovel":0,"counters":[23,113],"Bronze Scales":[234],"Tiny Chest":1,"War Paint":["Demonic Infusion","Defend_R"],"obtain_stats":[{"Regal Pillow":17,"trackpad:SappingStone":44,"Vajra":9,"trackpad:PetRock":39,"aspiration:SeaSaltIceCream":39,"War Paint":24,"Ancient Tea Set":29,"Burning Blood":0,"Replay:Baseball":27,"Anchor":43,"hubris:Backtick":17,"Shovel":36,"hubris:AstralHammer":20,"Bronze Scales":14,"Strawberry":37,"hubris:ScarierMask":34,"Simple Rune":26,"Tiny Chest":29,"Red Mask":28,"DDmod:BarbedSlagRelic":8,"aspiration:Headhunter":22,"InkBottle":41},{"Regal Pillow":9,"trackpad:SappingStone":21,"Vajra":4,"trackpad:PetRock":20,"aspiration:SeaSaltIceCream":20,"War Paint":13,"Ancient Tea Set":14,"Burning Blood":0,"Replay:Baseball":13,"Anchor":21,"hubris:Backtick":9,"Shovel":19,"hubris:AstralHammer":12,"Bronze Scales":8,"Strawberry":19,"hubris:ScarierMask":17,"Simple Rune":13,"Tiny Chest":14,"Red Mask":14,"DDmod:BarbedSlagRelic":4,"aspiration:Headhunter":12,"InkBottle":21},{"Regal Pillow":43,"trackpad:SappingStone":102,"Vajra":18,"trackpad:PetRock":97,"aspiration:SeaSaltIceCream":97,"War Paint":66,"Ancient Tea Set":70,"Burning Blood":0,"Replay:Baseball":66,"Anchor":102,"hubris:Backtick":43,"Shovel":95,"hubris:AstralHammer":57,"Bronze Scales":32,"Strawberry":95,"hubris:ScarierMask":89,"Simple Rune":66,"Tiny Chest":70,"Red Mask":70,"DDmod:BarbedSlagRelic":18,"aspiration:Headhunter":57,"InkBottle":102}],"Burning Blood":113,"InkBottle":[4]},"card_choices":[{"not_picked":["DDmod:PokeAttack","Fire Breathing"],"picked":"Armaments","floor":1.0},{"not_picked":["Wild Strike","DDmod:EasePowerCard"],"picked":"Shockwave","floor":4.0},{"not_picked":["Blood for Blood","DDmod:PokeAttack"],"picked":"Anger","floor":5.0},{"not_picked":["Pommel Strike","Power Through"],"picked":"Shrug It Off","floor":7.0},{"not_picked":["StSpp:Vengeance","Defy Death","Feel No Pain"],"picked":"SKIP","floor":10.0},{"not_picked":["DDmod:RechargeSkill","Twin Strike"],"picked":"Combust","floor":11.0},{"not_picked":["ReplayTheSpireMod:Stacked","Clothesline"],"picked":"Perfected Strike","floor":12.0},{"not_picked":["Warcry","ReplayTheSpireMod:Strike From Hell","Pommel Strike"],"picked":"SKIP","floor":13.0},{"not_picked":["Limit Break","Corruption"],"picked":"Demonic Infusion","floor":16.0},{"not_picked":["True Grit","Disarm"],"picked":"ReplayTheSpireMod:Muscle Training+1","floor":18.0},{"not_picked":["Thunderclap","Twin Strike","StSpp:Vengeance"],"picked":"SKIP","floor":19.0},{"not_picked":["Trip","Replay:Sssssssssshield"],"picked":"conspire:Banana","floor":21.0},{"not_picked":["DDmod:MulticlassingSkill","StSpp:Resilience"],"picked":"Specialist","floor":21.0},{"not_picked":["Dropkick+1","Bludgeon","Twin Strike"],"picked":"SKIP","floor":24.0},{"not_picked":["StSpp:Vengeance+1","Metallicize","DDmod:CallousedSkill"],"picked":"SKIP","floor":30.0},{"not_picked":["Sever Soul+1","Shrug It Off"],"picked":"Searing Blow","floor":31.0},{"not_picked":["Cleave+1","Shrug It Off"],"picked":"Perfected Strike","floor":35},{"not_picked":["StSpp:Sprint","StSpp:CounterStrike+1"],"picked":"Perfected Strike","floor":36},{"not_picked":["Wild Strike","Carnage+1"],"picked":"Heavy Blade","floor":38},{"not_picked":["Armaments+1","Dropkick","DDmod:EasePowerCard"],"picked":"SKIP","floor":41},{"not_picked":["hubris:SharpeningStone","Spot Weakness"],"picked":"Impervious","floor":46}],"player_experience":177501,"relics_obtained":[{"floor":9.0,"key":"Vajra"},{"floor":20.0,"key":"hubris:AstralHammer"},{"floor":24.0,"key":"War Paint"},{"floor":26.0,"key":"Simple Rune"},{"floor":27.0,"key":"Replay:Baseball"},{"floor":28.0,"key":"Red Mask"},{"floor":36,"key":"Shovel"},{"floor":41,"key":"InkBottle"},{"floor":43,"key":"Anchor"},{"floor":44,"key":"trackpad:SappingStone"}],"event_choices":[{"cards_removed":["Mayhem"],"damage_healed":0.0,"max_hp_gain":0.0,"max_hp_loss":0.0,"gold_gain":0.0,"event_name":"betterNote:BetterNote","player_choice":"Take \u0026 Give","floor":2.0,"gold_loss":0.0,"damage_taken":0.0,"cards_obtained":["Mayhem"]},{"cards_removed":["Bash"],"damage_healed":0.0,"max_hp_gain":0.0,"max_hp_loss":0.0,"gold_gain":0.0,"event_name":"Bonfire Elementals","player_choice":"Offered Basic","floor":3.0,"gold_loss":0.0,"damage_taken":0.0},{"damage_healed":0.0,"max_hp_gain":0.0,"max_hp_loss":0.0,"gold_gain":2.0,"event_name":"betterStone:BetterStone","player_choice":"1","floor":21.0,"gold_loss":0.0,"damage_taken":0.0},{"damage_healed":0.0,"max_hp_gain":0.0,"max_hp_loss":0.0,"gold_gain":0.0,"event_name":"Masked Bandits","player_choice":"Fought Bandits","floor":28.0,"gold_loss":0.0,"damage_taken":0.0},{"damage_healed":0,"gold_gain":0,"player_choice":"Fight","damage_taken":0,"max_hp_gain":0,"max_hp_loss":0,"event_name":"Mysterious Sphere","floor":36,"gold_loss":0}],"is_beta":false,"boss_relics":[{"not_picked":["trackpad:StolenKidneys","conspire:RunicOctahedron"],"picked":"hubris:Backtick"},{"not_picked":["aspiration:SilentSkillbook","energizedSpire:TabascoSauce"],"picked":"hubris:ScarierMask"}],"items_purged_floors":[],"is_endless":false,"potions_floor_spawned":[4,10,11,12,13,18,20,33,36,38,46],"killed_by":"Spire Growth","ascension_level":0}}