{"host":"rjbqai8ni6dsiu37","time":1610980012,"event":{"mods":["100% Spire Juice","BaseMod","CapriCore","Lobotomy","Minty Spire (QoL Compilation)","StSLib","The Poker Player","WarShipGirlsR/??á´Ò³R mod"],"gold_per_floor":[97,97,112,130,145,145,172,52,52,52,64,64,94,110,110,208,208,222,11,11,11,11,11,25,36,60,76,76,103,103,103,103,208,88,101,115,115,115,14,42,42,59,59,59,79,98,98,38,38,38],"floor_reached":51,"language":"KOR","playtime":2068,"items_purged":[],"score":805,"play_id":"441d8a5c-077e-49c8-bf11-77b5a0171126","local_time":"20210118232652","is_ascension_mode":false,"campfire_choices":[{"data":"Moonworks:Ambush","floor":6.0,"key":"SMITH"},{"data":"Moonworks:LongDistanceShot","floor":8.0,"key":"SMITH"},{"floor":10.0,"key":"RECALL"},{"data":"Moonworks:AngelHand","floor":15.0,"key":"SMITH"},{"data":"Moonworks:JonathanRush","floor":23.0,"key":"SMITH"},{"floor":28.0,"key":"REST"},{"floor":32.0,"key":"REST"},{"floor":44.0,"key":"REST"},{"floor":47.0,"key":"REST"},{"floor":49.0,"key":"REST"}],"circlet_count":0,"master_deck":["Moonworks:Strike+1","Moonworks:Strike+1","Moonworks:Strike+1","Moonworks:Defend+1","Moonworks:Defend+1","Moonworks:Defend+1","Moonworks:Defend+1","Moonworks:Ambush+1","Moonworks:LongDistanceShot+1","Moonworks:EvilSpyWorkPreparation+1","Moonworks:TreasureThief+1","Moonworks:NicePresent+1","Moonworks:EvilSpyWorkPreparation+1","Moonworks:NicePresent+1","Moonworks:AccelHyper+1","Moonworks:JonathanRush+1","Master of Strategy+1","Moonworks:WeAreWaruda+1","Moonworks:PlushieMaster+1","Moonworks:SakisCookie+1","Moonworks:JonathanRush","Master of Strategy+1","Moonworks:NicePresent+1","Moonworks:SealedMemories+1","Moonworks:Bloodlust+1","Moonworks:Poppoformation+1","Moonworks:Dash+1"],"relics":["Moonworks:BrokenBomb","Moonworks:Homemark","Toxic Egg 2","Moonworks:LittleGull","White Beast Statue","Calipers","Mango","Empty Cage","Nunchaku","Bag of Marbles","Fusion Hammer","InkBottle","Gambling Chip"],"acts_visited":["Exordium","TheCity","TheBeyond"],"potions_floor_usage":[50,50],"damage_taken":[{"damage":1.0,"enemies":"2 Louse","floor":1.0,"turns":3.0},{"damage":0.0,"enemies":"Cultist","floor":3.0,"turns":3.0},{"damage":1.0,"enemies":"Jaw Worm","floor":4.0,"turns":2.0},{"damage":2.0,"enemies":"3 Louse","floor":5.0,"turns":4.0},{"damage":14.0,"enemies":"3 Sentries","floor":7.0,"turns":5.0},{"damage":5.0,"enemies":"Exordium Wildlife","floor":11.0,"turns":3.0},{"damage":0.0,"enemies":"Gremlin Nob","floor":13.0,"turns":2.0},{"damage":5.0,"enemies":"Lots of Slimes","floor":14.0,"turns":2.0},{"damage":28.0,"enemies":"The Guardian","floor":16.0,"turns":10.0},{"damage":4.0,"enemies":"Chosen","floor":18.0,"turns":3.0},{"damage":6.0,"enemies":"Shell Parasite","floor":24.0,"turns":2.0},{"damage":2.0,"enemies":"Snecko","floor":25.0,"turns":3.0},{"damage":4.0,"enemies":"Cultist and Chosen","floor":27.0,"turns":3.0},{"damage":0.0,"enemies":"Book of Stabbing","floor":29.0,"turns":2.0},{"damage":25.0,"enemies":"Collector","floor":33.0,"turns":4.0},{"damage":0.0,"enemies":"Orb Walker","floor":35.0,"turns":2.0},{"damage":0.0,"enemies":"3 Darklings","floor":36.0,"turns":2.0},{"damage":15.0,"enemies":"Nemesis","floor":40.0,"turns":3.0},{"damage":0.0,"enemies":"Transient","floor":42.0,"turns":5.0},{"damage":6.0,"enemies":"Spire Growth","floor":45.0,"turns":3.0},{"damage":53.0,"enemies":"4 Shapes","floor":46.0,"turns":1.0},{"damage":108,"enemies":"Time Eater","floor":50,"turns":7}],"seed_played":"5004488389091356703","potions_obtained":[{"floor":1.0,"key":"EssenceOfSteel"},{"floor":11.0,"key":"Dexterity Potion"},{"floor":13.0,"key":"SpeedPotion"},{"floor":14.0,"key":"Swift Potion"},{"floor":16.0,"key":"Energy Potion"},{"floor":18.0,"key":"Moonworks:OneHundredPercentOrangeJuicePotion"},{"floor":25.0,"key":"DistilledChaos"},{"floor":40.0,"key":"SpeedPotion"},{"floor":46.0,"key":"DistilledChaos"}],"is_trial":false,"path_per_floor":["M","?","M","M","M","R","E","R","T","R","M","?","E","M","R","B",null,"M","$","?","?","?","R","M","M","T","M","R","E","?","$","R","B",null,"M","M","?","?","$","E","?","M","T","R","M","M","R","?","R","B",null],"character_chosen":"THE_STARBREAKER","items_purchased":["Moonworks:JonathanRush","Master of Strategy+1","FairyPotion"],"campfire_rested":5,"item_purchase_floors":[19,19,39],"current_hp_per_floor":[59,59,59,58,56,56,42,42,42,42,37,30,44,39,39,11,74,70,70,56,56,56,56,50,48,48,44,67,67,67,67,79,54,79,79,79,79,79,79,64,64,67,67,79,76,30,53,53,76,23],"gold":38,"neow_bonus":"HUNDRED_GOLD","is_daily":false,"chose_seed":false,"campfire_upgraded":4,"win_rate":0.0,"timestamp":1610980012,"path_taken":["M","?","?","M","M","R","E","R","T","R","M","?","E","M","R","BOSS","M","$","?","?","?","R","?","M","T","M","R","E","?","$","R","BOSS","M","M","?","?","$","E","?","M","T","R","?","M","R","?","R","BOSS"],"items_purchased_type":["Card","Card","Potion"],"build_version":"2020-12-22","purchased_purges":0,"victory":true,"max_hp_per_floor":[60,60,60,60,60,60,60,60,60,60,60,60,74,74,74,74,74,74,74,79,79,79,79,79,79,79,79,79,79,79,79,79,79,79,79,79,79,79,79,79,79,79,79,79,79,79,79,79,79,79],"card_choices":[{"not_picked":["Moonworks:CloudOfSeagulls","Moonworks:LulusLuckyEgg"],"picked":"Moonworks:AngelHand","floor":1.0},{"not_picked":["Moonworks:CastOff+1","Moonworks:MixPhenomenon+1"],"picked":"Moonworks:EvilSpyWorkPreparation+1","floor":3.0},{"not_picked":["Moonworks:Assault","Moonworks:JonathanRush"],"picked":"Moonworks:TreasureThief+1","floor":4.0},{"not_picked":["Moonworks:ImOnFire+1","Moonworks:IndiscriminateFireSupport"],"picked":"Moonworks:NicePresent+1","floor":5.0},{"not_picked":["Moonworks:LulusLuckyEgg+1","Moonworks:IntelligenceOfficer+1"],"picked":"Moonworks:EvilSpyWorkPreparation+1","floor":7.0},{"not_picked":["Moonworks:EvilMastermind+1","Moonworks:BigMagnum+1"],"picked":"Moonworks:NicePresent+1","floor":11.0},{"not_picked":["Moonworks:RedAndBlue+1","Moonworks:BigMagnum+1","Moonworks:LulusLuckyEgg+1"],"picked":"SKIP","floor":13.0},{"not_picked":["Moonworks:CloudOfSeagulls","Moonworks:IndiscriminateFireSupport","Moonworks:LulusLuckyEgg+1"],"picked":"SKIP","floor":14.0},{"not_picked":["Moonworks:ReflectiveShell","Moonworks:MeltingMemories"],"picked":"Moonworks:AccelHyper+1","floor":16.0},{"not_picked":["Moonworks:Assault","Moonworks:SelfDestruct","Moonworks:IndiscriminateFireSupport"],"picked":"SKIP","floor":18.0},{"not_picked":["Moonworks:DeployBits+1","Moonworks:IndiscriminateFireSupport","Moonworks:LulusLuckyEgg+1"],"picked":"SKIP","floor":24.0},{"not_picked":["Moonworks:RedAndBlue+1","Moonworks:IntelligenceOfficer+1","Moonworks:AngelHand+1"],"picked":"SKIP","floor":25.0},{"not_picked":["Moonworks:CloudOfSeagulls","Moonworks:LulusLuckyEgg+1"],"picked":"Moonworks:JonathanRush+1","floor":27.0},{"not_picked":["Moonworks:Assault","Moonworks:DevilHand"],"picked":"Moonworks:WeAreWaruda+1","floor":29.0},{"not_picked":["Moonworks:ReflectiveShell","Moonworks:FinalBattle"],"picked":"Moonworks:PlushieMaster+1","floor":33.0},{"not_picked":["Moonworks:BigMagnum+1","Moonworks:IndiscriminateFireSupport+1"],"picked":"Moonworks:SakisCookie+1","floor":35.0},{"not_picked":["Moonworks:BigMagnum+1","Moonworks:EvilMastermind+1"],"picked":"Moonworks:JonathanRush","floor":36.0},{"not_picked":["Enlightenment+1","Panacea+1"],"picked":"Master of Strategy+1","floor":38.0},{"not_picked":["Moonworks:SakisCookie+1","Moonworks:IndiscriminateFireSupport+1"],"picked":"Moonworks:NicePresent+1","floor":40.0},{"not_picked":["Moonworks:Heat300Percent+1","Moonworks:NicePresent+1"],"picked":"Moonworks:SealedMemories+1","floor":42.0},{"not_picked":["Moonworks:SakisCookie+1","Moonworks:JonathanRush+1"],"picked":"Moonworks:Bloodlust+1","floor":45.0},{"not_picked":["Moonworks:CloudOfSeagulls","Moonworks:CookingTime"],"picked":"Moonworks:Poppoformation+1","floor":46.0},{"not_picked":[],"picked":"Moonworks:Dash","floor":48.0}],"player_experience":179340,"relics_obtained":[{"floor":7.0,"key":"Moonworks:LittleGull"},{"floor":9.0,"key":"White Beast Statue"},{"floor":13.0,"key":"Mango"},{"floor":26.0,"key":"Nunchaku"},{"floor":29.0,"key":"Bag of Marbles"},{"floor":40.0,"key":"InkBottle"},{"floor":43.0,"key":"Gambling Chip"}],"event_choices":[{"damage_healed":0.0,"max_hp_gain":0.0,"max_hp_loss":0.0,"gold_gain":0.0,"event_name":"WeMeetAgain","player_choice":"Gave Potion","floor":2.0,"gold_loss":0.0,"damage_taken":0.0,"relics_obtained":["Toxic Egg 2"]},{"damage_healed":0.0,"max_hp_gain":0.0,"max_hp_loss":0.0,"gold_gain":0.0,"event_name":"Scrap Ooze","player_choice":"Success","floor":12.0,"gold_loss":0.0,"damage_taken":7.0,"relics_obtained":["Calipers"]},{"damage_healed":0.0,"max_hp_gain":5.0,"max_hp_loss":0.0,"gold_gain":0.0,"event_name":"Forgotten Altar","player_choice":"Shed Blood","floor":20.0,"gold_loss":0.0,"damage_taken":19.0},{"damage_healed":0.0,"max_hp_gain":0.0,"max_hp_loss":0.0,"gold_gain":0.0,"event_name":"Ghosts","player_choice":"Ignored","floor":21.0,"gold_loss":0.0,"damage_taken":0.0},{"damage_healed":0.0,"max_hp_gain":0.0,"max_hp_loss":0.0,"gold_gain":0.0,"event_name":"Match and Keep!","player_choice":"0 cards matched","floor":22.0,"gold_loss":0.0,"damage_taken":0.0,"cards_obtained":[]},{"damage_healed":0.0,"max_hp_gain":0.0,"max_hp_loss":0.0,"gold_gain":0.0,"event_name":"Back to Basics","player_choice":"Simplicity","floor":30.0,"gold_loss":0.0,"damage_taken":0.0,"cards_upgraded":["Moonworks:Strike","Moonworks:Strike","Moonworks:Strike","Moonworks:Defend","Moonworks:Defend","Moonworks:Defend","Moonworks:Defend"]},{"cards_removed":["Moonworks:JonathanRush"],"damage_healed":0.0,"max_hp_gain":0.0,"max_hp_loss":0.0,"gold_gain":0.0,"event_name":"Falling","player_choice":"Removed Attack","floor":37.0,"gold_loss":0.0,"damage_taken":0.0},{"damage_healed":0.0,"max_hp_gain":0.0,"max_hp_loss":0.0,"gold_gain":0.0,"event_name":"SensoryStone","player_choice":"Memory 1","floor":38.0,"gold_loss":0.0,"damage_taken":0.0},{"damage_healed":0.0,"max_hp_gain":0.0,"max_hp_loss":0.0,"gold_gain":0.0,"event_name":"Duplicator","player_choice":"Ignored","floor":41.0,"gold_loss":0.0,"damage_taken":0.0}],"is_beta":false,"boss_relics":[{"not_picked":["Snecko Eye","Runic Pyramid"],"picked":"Empty Cage"},{"not_picked":["SlaversCollar","Calling Bell"],"picked":"Fusion Hammer"}],"items_purged_floors":[],"is_endless":false,"potions_floor_spawned":[1,11,13,14,16,18,24,25,27,29,33,35,36,40,42,45,46],"ascension_level":0}}