{"host":"x21cvmfdo17nyhii","time":1610958688,"event":{"mods":["AchievementEnabler","BaseMod","Colored Map","Colored Powertips","DeckTracker","Highlight Path","Minty Spire (QoL Compilation)","Quick Restart","Rare Cards Sparkle","SuperFastMode"],"gold_per_floor":[109,184,149,167,182,182,214,214,214,214,229,264,264,283,283,384,384,400,419,419,16,16,16],"floor_reached":22,"language":"ENG","playtime":1310,"items_purged":[],"score":252,"play_id":"1163b1db-bda6-4340-b65e-e6f283af5cc8","local_time":"20210118003128","is_ascension_mode":true,"campfire_choices":[{"floor":10.0,"key":"REST"},{"floor":13.0,"key":"REST"},{"data":"Distraction","floor":15,"key":"SMITH"}],"circlet_count":0,"master_deck":["Strike_G","Strike_G","Strike_G","Strike_G","Strike_G","Defend_G","Defend_G","Defend_G","Defend_G","Defend_G","Survivor","Neutralize","Noxious Fumes+1","Bane","Unload+1","Distraction+1","Backflip","Night Terror","Underhanded Strike+1","Skewer+1","Distraction","Footwork","Flash of Steel"],"relics":["Ring of the Snake","NeowsBlessing","TungstenRod","Meat on the Bone","Singing Bowl","Black Star","Question Card"],"acts_visited":["Exordium","TheCity"],"potions_floor_usage":[14],"damage_taken":[{"damage":0.0,"enemies":"2 Louse","floor":1.0,"turns":1.0},{"damage":0.0,"enemies":"Small Slimes","floor":4.0,"turns":1.0},{"damage":0.0,"enemies":"Jaw Worm","floor":5.0,"turns":1.0},{"damage":10.0,"enemies":"3 Sentries","floor":7.0,"turns":7.0},{"damage":5.0,"enemies":"3 Louse","floor":11.0,"turns":3.0},{"damage":25.0,"enemies":"Gremlin Nob","floor":12.0,"turns":5.0},{"damage":5,"enemies":"Gremlin Gang","floor":14,"turns":4},{"damage":27,"enemies":"Hexaghost","floor":16,"turns":10},{"damage":8,"enemies":"Chosen","floor":18,"turns":4},{"damage":47,"enemies":"Spheric Guardian","floor":19,"turns":8},{"damage":22,"enemies":"Snake Plant","floor":22,"turns":3}],"seed_played":"-5434254793400841324","potions_obtained":[{"floor":1.0,"key":"Ancient Potion"},{"floor":4.0,"key":"AttackPotion"},{"floor":7.0,"key":"BlessingOfTheForge"},{"floor":16,"key":"SpeedPotion"},{"floor":18,"key":"Energy Potion"}],"is_trial":false,"path_per_floor":["M","?","?","M","M","?","E","?","T","R","M","E","R","M","R","B",null,"M","M","?","$","M"],"character_chosen":"THE_SILENT","items_purchased":["Footwork","Flash of Steel","Question Card"],"campfire_rested":2,"item_purchase_floors":[21,21,21],"current_hp_per_floor":[63,52,69,69,69,69,59,59,59,70,65,42,63,58,58,43,65,57,22,22,22,0,0],"gold":16,"neow_bonus":"THREE_ENEMY_KILL","is_daily":false,"chose_seed":false,"campfire_upgraded":1,"win_rate":0.0,"timestamp":1610958688,"path_taken":["M","?","?","M","M","?","E","?","T","R","M","E","R","?","R","BOSS","M","?","?","$","?"],"items_purchased_type":["Card","Card","Relic"],"build_version":"2020-12-22","purchased_purges":0,"victory":false,"max_hp_per_floor":[70,70,70,70,70,70,70,70,70,70,70,72,72,72,72,72,72,72,72,72,72,72,72],"card_choices":[{"not_picked":["Distraction","Footwork"],"picked":"Noxious Fumes","floor":1.0},{"not_picked":["Reflex","Distraction"],"picked":"Bane","floor":4.0},{"not_picked":["Quick Slash","Heel Hook"],"picked":"Bane","floor":5.0},{"not_picked":["Infinite Blades","Deadly Poison"],"picked":"Unload","floor":7.0},{"not_picked":["Reflex","All Out Attack"],"picked":"Distraction","floor":11.0},{"not_picked":["Terror","Slice","Acrobatics"],"picked":"Singing Bowl","floor":12.0},{"not_picked":["PiercingWail","Cloak And Dagger"],"picked":"Backflip","floor":14},{"not_picked":["Tools of the Trade","After Image"],"picked":"Night Terror","floor":16},{"not_picked":["Prepared","Deadly Poison"],"picked":"Underhanded Strike+1","floor":18},{"not_picked":["Deflect","Escape Plan"],"picked":"Skewer+1","floor":19}],"player_experience":446782,"relics_obtained":[{"floor":7.0,"key":"TungstenRod"},{"floor":9.0,"key":"Meat on the Bone"},{"floor":12.0,"key":"Singing Bowl"}],"event_choices":[{"damage_healed":0.0,"max_hp_gain":0.0,"max_hp_loss":0.0,"gold_gain":75.0,"event_name":"World of Goop","player_choice":"Gather Gold","floor":2.0,"gold_loss":0.0,"damage_taken":11.0},{"damage_healed":17.0,"max_hp_gain":0.0,"max_hp_loss":0.0,"gold_gain":0.0,"event_name":"The Cleric","player_choice":"Healed","floor":3.0,"gold_loss":35.0,"damage_taken":0.0},{"damage_healed":0.0,"max_hp_gain":0.0,"max_hp_loss":0.0,"gold_gain":0.0,"event_name":"Living Wall","player_choice":"Grow","floor":6.0,"gold_loss":0.0,"damage_taken":0.0,"cards_upgraded":["Noxious Fumes"]},{"damage_healed":0.0,"max_hp_gain":0.0,"max_hp_loss":0.0,"gold_gain":0.0,"event_name":"Accursed Blacksmith","player_choice":"Forge","floor":8.0,"gold_loss":0.0,"damage_taken":0.0,"cards_upgraded":["Unload"]},{"damage_healed":0,"gold_gain":0,"cards_transformed":["Bane"],"player_choice":"Transformed","damage_taken":0,"max_hp_gain":0,"max_hp_loss":0,"event_name":"Transmorgrifier","floor":20,"gold_loss":0,"cards_obtained":["Distraction"]}],"is_beta":false,"boss_relics":[{"not_picked":["Empty Cage","Sozu"],"picked":"Black Star"}],"items_purged_floors":[],"is_endless":false,"potions_floor_spawned":[1,4,7,16,18],"killed_by":"Snake Plant","ascension_level":6}}