{"host":"4jpe1m3cviuzvkch","time":1610961128,"event":{"mods":["BaseMod","Decade(王小明)","Marisa（F雨　魔理沙）","Minty Spire (QoL Compilation)","Remilia（蕾米莉亚）","StSLib","The Servant 0.9.4","Youmu（魂魄妖梦）"],"gold_per_floor":[116,116,116,132,151,178,178,210,289,289,389,389,87,106,106,205,205,225,324,324,339,356,384,384,415,427,468,494,506,518,553,565,677,689,711,723,747,390,408,440,440,315,387,387,412,412,428,428,428,428,428,428,17,17],"floor_reached":55,"language":"ZHS","playtime":4385,"items_purged":["Defend_YM","Defend_YM","Strike_YM","Decay"],"score":1366,"play_id":"d89f014c-4c97-434a-a105-4a1e67a4f6ca","local_time":"20210118171208","is_ascension_mode":true,"campfire_choices":[{"data":"HumanGodSword","floor":7,"key":"SMITH"},{"data":"ReincarnationSword","floor":10,"key":"SMITH"},{"data":"HiganSword","floor":12,"key":"SMITH"},{"data":"HellFireSword","floor":15,"key":"SMITH"},{"floor":24,"key":"REST"},{"floor":29,"key":"REST"},{"floor":32,"key":"REST"},{"floor":41,"key":"RECALL"},{"data":"EchoesOfTheInclemencyOfAllBeings","floor":44,"key":"SMITH"},{"data":"Deep Breath","floor":49,"key":"SMITH"},{"data":"SpiritCuttingSword","floor":52,"key":"SMITH"}],"circlet_count":0,"master_deck":["Strike_YM","Strike_YM","Defend_YM","Defend_YM","SlashOfPresentWorld+1","WheelOfPainOfLivingAndDead","LowerRealmReflectionSlash","HiganSword+1","HumanGodSword+1","HeavenlyHaloSlash+1","ReincarnationSword+1","HellFireSword+1","EchoesOfTheInclemencyOfAllBeings+1","MatsuyoiReflectingSatelliteSlash","CrescentMoonSlash+1","HumanKnowledgeSword","PhosphoricSlash+1","PretaSword+1","HeavenlyHaloSlash","Injury","SpiritCuttingSword+1","TwoHundredYojanaInOneSlash","Writhe","CelestialStarSword","FourBirthsSword+1","DispleasureOfTheSevenHakus+1","ThreeKonsSevenHakus","TwoHundredYojanaInOneSlash+1","SpiritCuttingSword","TurningAngelCut+1","Deep Breath+1"],"relics":["HalfPhantom","NeowsBlessing","Peace Pipe","Boot","FencingExperience","Anchor","Cursed Key","Nilry\u0027s Codex","Toy Ornithopter","MawBank","Pear","Bottled Flame","PreservedInsect","Nunchaku","SlaversCollar","AntiCross","Ornamental Fan","ScarletDevilRocket","Roukanken","Membership Card"],"acts_visited":["Exordium","TheCity","TheBeyond","TheEnding"],"potions_floor_usage":[54,54],"damage_taken":[{"damage":0,"enemies":"2 Louse","floor":1,"turns":1},{"damage":0,"enemies":"Small Slimes","floor":4,"turns":1},{"damage":0,"enemies":"Cultist","floor":5,"turns":1},{"damage":12,"enemies":"Gremlin Nob","floor":6,"turns":5},{"damage":19,"enemies":"Lagavulin","floor":8,"turns":7},{"damage":6,"enemies":"Large Slime","floor":14,"turns":4},{"damage":11,"enemies":"Hexaghost","floor":16,"turns":8},{"damage":0,"enemies":"Chosen","floor":18,"turns":2},{"damage":0,"enemies":"3 Byrds","floor":21,"turns":2},{"damage":28,"enemies":"Cultist and Chosen","floor":22,"turns":6},{"damage":17,"enemies":"Slavers","floor":23,"turns":2},{"damage":11,"enemies":"Book of Stabbing","floor":25,"turns":5},{"damage":13,"enemies":"Gremlin Leader","floor":27,"turns":5},{"damage":12,"enemies":"Snake Plant","floor":28,"turns":3},{"damage":12,"enemies":"Automaton","floor":33,"turns":7},{"damage":0,"enemies":"Orb Walker","floor":35,"turns":3},{"damage":1,"enemies":"3 Darklings","floor":37,"turns":2},{"damage":0,"enemies":"Maw","floor":39,"turns":3},{"damage":4,"enemies":"Nemesis","floor":40,"turns":3},{"damage":0,"enemies":"Reptomancer","floor":45,"turns":2},{"damage":0,"enemies":"Spire Growth","floor":47,"turns":2},{"damage":0,"enemies":"Time Eater","floor":50,"turns":6},{"damage":37,"enemies":"The Heart","floor":54,"turns":5}],"seed_played":"2871844151876385567","potions_obtained":[{"floor":6,"key":"FairyPotion"},{"floor":14,"key":"PhantomPosion"},{"floor":16,"key":"LiquidBronze"},{"floor":37,"key":"ColorlessPotion"}],"is_trial":false,"path_per_floor":["M","?","?","M","M","E","R","E","T","R","?","R","$","M","R","B",null,"M","?","?","M","M","E","R","E","T","E","M","R","?","T","R","B",null,"M","?","M","$","M","E","R","$","T","R","E","?","M","?","R","B",null,"R","$","B",null],"character_chosen":"YOUMU","items_purchased":["HellFireSword","Anchor","AntiCross","ThreeKonsSevenHakus","Roukanken","Membership Card","LiquidBronze"],"campfire_rested":3,"item_purchase_floors":[13,13,38,38,53,53,53],"current_hp_per_floor":[75,68,68,68,68,56,56,37,37,37,37,37,37,31,31,20,75,75,75,59,59,31,14,36,25,35,22,10,35,35,35,60,48,85,85,85,84,84,84,80,80,80,80,80,80,80,80,80,80,80,85,85,85,48],"gold":17,"neow_bonus":"THREE_ENEMY_KILL","is_daily":false,"chose_seed":false,"campfire_upgraded":7,"win_rate":0.0,"timestamp":1610961128,"path_taken":["M","?","?","?","M","E","R","E","T","R","?","R","?","M","R","BOSS","M","?","?","M","M","E","R","E","T","E","M","R","?","?","R","BOSS","M","?","M","$","?","E","R","$","T","R","E","?","?","?","R","BOSS","R","$","BOSS"],"items_purchased_type":["Card","Relic","Relic","Card","Relic","Relic","Potion"],"build_version":"2020-12-22","purchased_purges":4,"victory":true,"max_hp_per_floor":[75,75,75,75,75,75,75,75,75,75,75,75,75,75,75,75,75,75,75,75,75,75,75,75,75,85,85,85,85,85,85,85,85,85,85,85,85,85,85,85,85,85,85,85,85,85,85,85,85,85,85,85,85,85],"card_choices":[{"not_picked":["PhosphoricSlash","LifeCuttingSword"],"picked":"LowerRealmReflectionSlash","floor":1},{"not_picked":["LotusPostureSlash","BloodOfAsura"],"picked":"HiganSword","floor":4},{"not_picked":["TwoHundredYojanaInOneSlash","SlashOfMeditation"],"picked":"HumanGodSword","floor":5},{"not_picked":["SpiritCuttingSword","TwoHundredYojanaInOneSlash"],"picked":"HeavenlyHaloSlash","floor":6},{"not_picked":["LifeCuttingSword","SlashOfDelusionalInnerEye"],"picked":"ReincarnationSword","floor":8},{"not_picked":["HellGodSword","FlashingScatteredFlowers"],"picked":"EchoesOfTheInclemencyOfAllBeings","floor":14},{"not_picked":["HeavenGodSword","ReincarnationSword"],"picked":"MatsuyoiReflectingSatelliteSlash","floor":16},{"not_picked":["PretaSword","TenKingsRetributionOnThePreta"],"picked":"CrescentMoonSlash+1","floor":18},{"not_picked":["SwordOfBindingDesires+1","FlashingScatteredFlowers+1"],"picked":"HumanKnowledgeSword","floor":21},{"not_picked":["TransmigrationSlash","LowerRealmReflectionSlash+1"],"picked":"PhosphoricSlash+1","floor":22},{"not_picked":["SanzenSekai","CrescentMoonSlash"],"picked":"PretaSword+1","floor":23},{"not_picked":["VoidnessSword","FlashingScatteredFlowers"],"picked":"HeavenlyHaloSlash","floor":25},{"not_picked":["HumanKnowledgeSword","FastingOfTheYoungPreta"],"picked":"SpiritCuttingSword","floor":27},{"not_picked":["FiveSignsOfTheDyingDeva","CrescentMoonSlash"],"picked":"TwoHundredYojanaInOneSlash","floor":28},{"not_picked":["ASingleThoughtAndInfiniteKalpas","ReincarnationSword"],"picked":"CelestialStarSword","floor":33},{"not_picked":["SpiritCuttingSword+1","SlashOfMeditation+1"],"picked":"FourBirthsSword+1","floor":35},{"not_picked":["HumanKnowledgeSword","ThreeKonsSevenHakus"],"picked":"DispleasureOfTheSevenHakus+1","floor":37},{"not_picked":["SpiritCuttingSword+1","PhosphoricSlash+1"],"picked":"TwoHundredYojanaInOneSlash+1","floor":39},{"not_picked":["TwoHundredYojanaInOneSlash","SwordOfBindingDesires"],"picked":"SpiritCuttingSword","floor":40},{"not_picked":["HeavenSword","SlashOfAscensionToBuddhahood+1"],"picked":"TurningAngelCut+1","floor":45},{"not_picked":["ThreeKonsSevenHakus+1","CrescentMoonSlash","SwordOfBindingDesires"],"picked":"SKIP","floor":47},{"not_picked":["Madness","Jack Of All Trades"],"picked":"Deep Breath","floor":48}],"player_experience":294717,"relics_obtained":[{"floor":6,"key":"Peace Pipe"},{"floor":8,"key":"Boot"},{"floor":9,"key":"FencingExperience"},{"floor":20,"key":"Nilry\u0027s Codex"},{"floor":23,"key":"Toy Ornithopter"},{"floor":25,"key":"MawBank"},{"floor":26,"key":"Pear"},{"floor":27,"key":"Bottled Flame"},{"floor":31,"key":"Nunchaku"},{"floor":40,"key":"Ornamental Fan"},{"floor":45,"key":"ScarletDevilRocket"}],"event_choices":[{"cards_removed":["Strike_YM"],"damage_healed":0,"gold_gain":0,"player_choice":"Card Removal","damage_taken":7,"max_hp_gain":0,"max_hp_loss":0,"event_name":"Golden Wing","floor":2,"gold_loss":0},{"damage_healed":0,"gold_gain":0,"player_choice":"Upgraded","damage_taken":0,"max_hp_gain":0,"max_hp_loss":0,"event_name":"Upgrade Shrine","floor":3,"gold_loss":0,"cards_upgraded":["SlashOfPresentWorld"]},{"damage_healed":0,"gold_gain":100,"player_choice":"Pray","damage_taken":0,"max_hp_gain":0,"max_hp_loss":0,"event_name":"Golden Shrine","floor":11,"gold_loss":0},{"damage_healed":0,"gold_gain":99,"player_choice":"Stole From Cult","damage_taken":0,"max_hp_gain":0,"max_hp_loss":0,"event_name":"Nest","floor":19,"gold_loss":0},{"damage_healed":0,"gold_gain":0,"player_choice":"Obtained Book","damage_taken":16,"max_hp_gain":0,"max_hp_loss":0,"event_name":"Cursed Tome","floor":20,"gold_loss":0},{"damage_healed":0,"gold_gain":0,"player_choice":"Opened","damage_taken":0,"relics_obtained":["PreservedInsect"],"max_hp_gain":0,"max_hp_loss":0,"event_name":"The Mausoleum","floor":30,"gold_loss":0},{"damage_healed":0,"gold_gain":0,"player_choice":"Full Heal","damage_taken":0,"max_hp_gain":0,"max_hp_loss":0,"event_name":"Wheel of Change","floor":36,"gold_loss":0},{"damage_healed":0,"gold_gain":0,"player_choice":"Forge","damage_taken":0,"max_hp_gain":0,"max_hp_loss":0,"event_name":"Accursed Blacksmith","floor":46,"gold_loss":0,"cards_upgraded":["HeavenlyHaloSlash"]},{"damage_healed":0,"gold_gain":0,"player_choice":"Memory 1","damage_taken":0,"max_hp_gain":0,"max_hp_loss":0,"event_name":"SensoryStone","floor":48,"gold_loss":0}],"is_beta":false,"boss_relics":[{"not_picked":["Calling Bell","Sozu"],"picked":"Cursed Key"},{"not_picked":["Coffee Dripper","Busted Crown"],"picked":"SlaversCollar"}],"items_purged_floors":[13,38,42,53],"is_endless":false,"potions_floor_spawned":[6,14,16,21,25,33,37,40],"ascension_level":1}}