{"host":"yuoancq4cku3x8wq","time":1610986615,"event":{"mods":["AchievementEnabler","BaseMod","Minty Spire (QoL Compilation)","Quick Restart","StSLib","SuperFastMode"],"gold_per_floor":[114,189,189,114,39,39,64,84,155,155,190,209,209,222,222,299,299,312,44,44,224,237,272,326,365,391,391,426,426,458,497,497,596,596,616,634,708,746,214,272,272,272,272,311,311,361,361,412,424,436,473,485,497,33,62,62,62],"floor_reached":56,"language":"ZHS","playtime":1579,"items_purged":["Defend_P","Strike_P","Strike_P"],"score":2427,"play_id":"c83e72c1-aba8-44ee-b934-89e02474dbf6","local_time":"20210119001655","is_ascension_mode":true,"campfire_choices":[{"data":"Eruption","floor":6.0,"key":"SMITH"},{"data":"WheelKick","floor":10.0,"key":"SMITH"},{"data":"Ragnarok","floor":13.0,"key":"SMITH"},{"data":"Indignation","floor":15.0,"key":"SMITH"},{"floor":27.0,"key":"REST"},{"data":"Adaptation","floor":29.0,"key":"SMITH"},{"floor":32.0,"key":"RECALL"},{"data":"Adaptation","floor":42.0,"key":"SMITH"},{"floor":45.0,"key":"REST"},{"data":"Devotion","floor":49.0,"key":"SMITH"},{"data":"Tantrum","floor":53.0,"key":"SMITH"}],"circlet_count":0,"master_deck":["AscendersBane","Defend_P","Defend_P","Eruption+1","Vigilance+1","FlurryOfBlows+1","Indignation+1","WheelKick+1","Ragnarok+1","Wish","Adaptation+1","Halt+1","ClearTheMind+1","Crescendo+1","Vault+1","DeusExMachina+1","Prostrate+1","Devotion+1","Adaptation+1","Vault+1","Evaluate+1","Tantrum+1","ClearTheMind+1"],"relics":["PureWater","NeowsBlessing","Akabeko","Letter Opener","Pantograph","Empty Cage","Toxic Egg 2","Gambling Chip","Lantern","Incense Burner","The Courier","Philosopher\u0027s Stone","Ginger","TheAbacus","Bottled Lightning","Ice Cream","MawBank","Centennial Puzzle","Lee\u0027s Waffle"],"acts_visited":["Exordium","TheCity","TheBeyond","TheEnding"],"potions_floor_usage":[56,56],"damage_taken":[{"damage":0.0,"enemies":"Small Slimes","floor":1.0,"turns":1.0},{"damage":0.0,"enemies":"3 Sentries","floor":7.0,"turns":1.0},{"damage":0.0,"enemies":"Jaw Worm","floor":8.0,"turns":1.0},{"damage":0.0,"enemies":"Gremlin Nob","floor":11.0,"turns":2.0},{"damage":0.0,"enemies":"2 Louse","floor":12.0,"turns":1.0},{"damage":0.0,"enemies":"Large Slime","floor":14.0,"turns":1.0},{"damage":28.0,"enemies":"The Guardian","floor":16.0,"turns":6.0},{"damage":0.0,"enemies":"Chosen","floor":18.0,"turns":3.0},{"damage":0.0,"enemies":"Shell Parasite","floor":22.0,"turns":1.0},{"damage":8.0,"enemies":"Centurion and Healer","floor":23.0,"turns":4.0},{"damage":10.0,"enemies":"Gremlin Leader","floor":24.0,"turns":4.0},{"damage":0.0,"enemies":"Cultist and Chosen","floor":25.0,"turns":3.0},{"damage":0.0,"enemies":"Slavers","floor":28.0,"turns":1.0},{"damage":0.0,"enemies":"Book of Stabbing","floor":30.0,"turns":1.0},{"damage":0.0,"enemies":"Chosen and Byrds","floor":31.0,"turns":1.0},{"damage":30.0,"enemies":"Champ","floor":33.0,"turns":6.0},{"damage":0.0,"enemies":"Orb Walker","floor":35.0,"turns":1.0},{"damage":0.0,"enemies":"3 Darklings","floor":36.0,"turns":2.0},{"damage":0.0,"enemies":"2 Orb Walkers","floor":37.0,"turns":2.0},{"damage":19.0,"enemies":"4 Shapes","floor":38.0,"turns":6.0},{"damage":0.0,"enemies":"Giant Head","floor":40.0,"turns":5.0},{"damage":0.0,"enemies":"Maw","floor":44.0,"turns":3.0},{"damage":0.0,"enemies":"Nemesis","floor":46.0,"turns":4.0},{"damage":0.0,"enemies":"Giant Head","floor":48.0,"turns":4.0},{"damage":27.0,"enemies":"Awakened One","floor":50.0,"turns":6.0},{"damage":31.0,"enemies":"Time Eater","floor":51.0,"turns":7.0},{"damage":4.0,"enemies":"Shield and Spear","floor":55.0,"turns":5.0},{"damage":79,"enemies":"The Heart","floor":56,"turns":5}],"seed_played":"4225606484049542939","potions_obtained":[{"floor":1.0,"key":"DuplicationPotion"},{"floor":7.0,"key":"PowerPotion"},{"floor":24.0,"key":"Strength Potion"},{"floor":28.0,"key":"Explosive Potion"},{"floor":31.0,"key":"Energy Potion"},{"floor":35.0,"key":"Ancient Potion"},{"floor":38.0,"key":"Energy Potion"}],"is_trial":false,"path_per_floor":["M","?","?","$","?","R","E","M","T","R","E","M","R","M","R","B",null,"M","$","?","?","M","M","E","M","T","R","E","R","E","M","R","B",null,"M","M","?","M","$","E","?","R","T","M","R","E","?","E","R","B","B",null,"R","$","E","B"],"character_chosen":"WATCHER","items_purchased":["Toxic Egg 2","Devotion","Adaptation","TheAbacus","Vault+1","Centennial Puzzle","Ambrosia","Lee\u0027s Waffle","ClearTheMind+1"],"campfire_rested":2,"item_purchase_floors":[19,39,39,39,39,54,54,54,54],"current_hp_per_floor":[61,50,30,30,30,30,30,30,30,30,30,30,30,30,30,27,58,58,58,58,39,39,31,21,21,21,41,41,41,41,41,41,36,60,60,60,60,41,41,41,41,41,41,41,61,61,61,61,61,38,32,57,57,72,68,0,0],"gold":62,"neow_bonus":"THREE_ENEMY_KILL","is_daily":false,"chose_seed":false,"campfire_upgraded":8,"win_rate":0.0,"timestamp":1610986615,"path_taken":["M","?","?","$","?","R","E","M","T","R","E","M","R","M","R","BOSS","M","$","?","?","M","M","E","?","T","R","E","R","E","M","R","BOSS","M","M","?","M","$","E","?","R","T","M","R","E","?","E","R","BOSS","BOSS","R","$","E","BOSS"],"items_purchased_type":["Relic","Card","Card","Relic","Card","Relic","Potion","Relic","Card"],"build_version":"2020-12-22","purchased_purges":3,"victory":false,"max_hp_per_floor":[68,68,68,68,68,68,68,68,68,68,68,68,68,68,68,68,68,68,68,68,68,68,68,68,68,68,68,68,68,68,68,68,68,68,68,68,68,68,68,68,68,68,68,68,68,68,65,65,65,65,65,65,65,72,72,72,72],"card_choices":[{"not_picked":["ReachHeaven","ForeignInfluence"],"picked":"FlurryOfBlows","floor":1.0},{"not_picked":["Evaluate","FlyingSleeves"],"picked":"Indignation","floor":7.0},{"not_picked":["WaveOfTheHand","ThirdEye"],"picked":"WheelKick","floor":8.0},{"not_picked":["Meditate","TalkToTheHand"],"picked":"Ragnarok","floor":11.0},{"not_picked":["DeceiveReality","FlurryOfBlows","ForeignInfluence"],"picked":"SKIP","floor":12.0},{"not_picked":["Vengeance","WreathOfFlame","PathToVictory"],"picked":"SKIP","floor":14.0},{"not_picked":["Ragnarok","ConjureBlade"],"picked":"Wish","floor":16.0},{"not_picked":["Vengeance","EmptyFist","PathToVictory"],"picked":"SKIP","floor":18.0},{"not_picked":["FollowUp","WheelKick"],"picked":"Halt+1","floor":22.0},{"not_picked":["Protect+1","ForeignInfluence+1"],"picked":"ClearTheMind+1","floor":23.0},{"not_picked":["ThirdEye+1","DevaForm"],"picked":"Crescendo+1","floor":24.0},{"not_picked":["Prostrate+1","Evaluate+1","WheelKick"],"picked":"SKIP","floor":25.0},{"not_picked":["DeceiveReality+1","Halt+1","SignatureMove"],"picked":"SKIP","floor":28.0},{"not_picked":["Adaptation","InnerPeace+1"],"picked":"Vault+1","floor":30.0},{"not_picked":["EmptyFist","FollowUp","BowlingBash+1"],"picked":"SKIP","floor":31.0},{"not_picked":["MasterReality","Vault+1"],"picked":"DeusExMachina+1","floor":33.0},{"not_picked":["BowlingBash","ClearTheMind+1","Evaluate+1"],"picked":"SKIP","floor":35.0},{"not_picked":["CutThroughFate","EmptyBody+1"],"picked":"Prostrate+1","floor":36.0},{"not_picked":["Protect+1","ThirdEye+1","CarveReality+1"],"picked":"SKIP","floor":38.0},{"not_picked":["FollowUp","ConjureBlade+1","Worship+1"],"picked":"SKIP","floor":40.0},{"not_picked":["EmptyFist","Swivel+1","Protect+1"],"picked":"SKIP","floor":44.0},{"not_picked":["ConjureBlade+1","Halt+1"],"picked":"Evaluate+1","floor":46.0},{"not_picked":["Study","Judgement+1"],"picked":"Tantrum","floor":48.0},{"not_picked":["Collect+1","EmptyBody+1","PathToVictory+1"],"picked":"SKIP","floor":55.0}],"player_experience":287969,"relics_obtained":[{"floor":7.0,"key":"Akabeko"},{"floor":9.0,"key":"Letter Opener"},{"floor":11.0,"key":"Pantograph"},{"floor":24.0,"key":"Gambling Chip"},{"floor":26.0,"key":"Lantern"},{"floor":28.0,"key":"Incense Burner"},{"floor":30.0,"key":"The Courier"},{"floor":37.0,"key":"Ginger"},{"floor":40.0,"key":"Bottled Lightning"},{"floor":46.0,"key":"Ice Cream"},{"floor":48.0,"key":"MawBank"}],"event_choices":[{"damage_healed":0.0,"max_hp_gain":0.0,"max_hp_loss":0.0,"gold_gain":75.0,"event_name":"World of Goop","player_choice":"Gather Gold","floor":2.0,"gold_loss":0.0,"damage_taken":11.0},{"damage_healed":0.0,"max_hp_gain":0.0,"max_hp_loss":0.0,"gold_gain":0.0,"event_name":"Shining Light","player_choice":"Entered Light","floor":3.0,"gold_loss":0.0,"damage_taken":20.0,"cards_upgraded":["Vigilance","FlurryOfBlows"]},{"cards_removed":["Defend_P"],"damage_healed":0.0,"max_hp_gain":0.0,"max_hp_loss":0.0,"gold_gain":0.0,"event_name":"The Cleric","player_choice":"Card Removal","floor":5.0,"gold_loss":75.0,"damage_taken":0.0},{"damage_healed":0.0,"max_hp_gain":0.0,"max_hp_loss":0.0,"gold_gain":0.0,"event_name":"The Library","player_choice":"Read","floor":20.0,"gold_loss":0.0,"damage_taken":0.0,"cards_obtained":["Adaptation"]},{"damage_healed":0.0,"max_hp_gain":0.0,"max_hp_loss":0.0,"gold_gain":180.0,"event_name":"Knowing Skull","player_choice":"GOLD GOLD ","floor":21.0,"potions_obtained":[],"gold_loss":0.0,"damage_taken":19.0,"cards_obtained":[]},{"damage_healed":0.0,"max_hp_gain":0.0,"max_hp_loss":0.0,"gold_gain":0.0,"event_name":"Mysterious Sphere","player_choice":"Fight","floor":37.0,"gold_loss":0.0,"damage_taken":0.0},{"damage_healed":0.0,"max_hp_gain":0.0,"max_hp_loss":0.0,"gold_gain":0.0,"event_name":"SensoryStone","player_choice":"Memory 1","floor":41.0,"gold_loss":0.0,"damage_taken":0.0},{"damage_healed":0.0,"max_hp_gain":0.0,"max_hp_loss":3.0,"gold_gain":0.0,"event_name":"Winding Halls","player_choice":"Max HP","floor":47.0,"gold_loss":0.0,"damage_taken":0.0}],"is_beta":false,"boss_relics":[{"not_picked":["Fusion Hammer","Velvet Choker"],"picked":"Empty Cage"},{"not_picked":["Sozu","Coffee Dripper"],"picked":"Philosopher\u0027s Stone"}],"items_purged_floors":[4,39,54],"is_endless":false,"potions_floor_spawned":[1,7,14,22,24,25,28,31,35,36,38,40,55],"killed_by":"The Heart","ascension_level":20}}