{"host":"pi8b3ffzwvxqztac","time":1610968414,"event":{"mods":["BaseMod","Colored Map","Downfall","Minty Spire (QoL Compilation)","StSLib","The Jungle"],"gold_per_floor":[99,111,122,172,172,72,97,247,264,264,164,176,176,124,138,138,138,138],"floor_reached":16,"language":"ENG","playtime":672,"items_purged":[],"score":180,"play_id":"f91560b4-e2f5-404c-b425-dcd1e7908ea5","local_time":"20210119001334","is_ascension_mode":true,"campfire_choices":[{"floor":1,"key":"RECALL"},{"data":"Guardian:CurlUp","floor":6,"key":"SMITH"},{"data":"Guardian:Defend_Guardian","floor":11,"key":"SMITH"},{"data":"Guardian:Defend_Guardian","floor":13,"key":"SMITH"}],"circlet_count":0,"master_deck":["AscendersBane","Guardian:Strike_Guardian","Guardian:Strike_Guardian","Guardian:Strike_Guardian","Guardian:Strike_Guardian","Guardian:Defend_Guardian","Guardian:Defend_Guardian","Guardian:Defend_Guardian+1","Guardian:Defend_Guardian+1","Guardian:CurlUp+1","Guardian:TwinSlam+1","Guardian:StasisField","Guardian:ShieldSpikes","Guardian:Planning"],"relics":["Guardian:ModeShifter","downfall:HeartBlessingRed","downfall:HeartBlessingBlue"],"acts_visited":["Exordium"],"potions_floor_usage":[16],"damage_taken":[{"damage":5,"enemies":"Small Slimes","floor":2,"turns":5},{"damage":9,"enemies":"Jaw Worm","floor":3,"turns":4},{"damage":4,"enemies":"2 Louse","floor":9,"turns":3},{"damage":5,"enemies":"Blue Slaver","floor":12,"turns":3},{"damage":5,"enemies":"downfall:FleeingMerchant","floor":14,"turns":4},{"damage":14,"enemies":"Red Slaver","floor":15,"turns":6},{"damage":41,"enemies":"IC_STATUS_ARCHETYPE","floor":16,"turns":13}],"seed_played":"-489797447442489348","potions_obtained":[{"floor":9,"key":"Energy Potion"},{"floor":15,"key":"Fire Potion"}],"is_trial":false,"path_per_floor":["R","M","M","?","?","R","T","?","M","?","R","M","R","$","M","B"],"character_chosen":"GUARDIAN","items_purchased":["Guardian:ShieldSpikes"],"campfire_rested":0,"item_purchase_floors":[14],"current_hp_per_floor":[72,67,58,58,58,58,58,58,54,54,64,59,59,54,40,0,0,0],"gold":138,"neow_bonus":"TEN_PERCENT_HP_BONUS","is_daily":false,"chose_seed":false,"campfire_upgraded":3,"win_rate":0.0,"timestamp":1610968414,"path_taken":["R","M","M","?","?","R","T","?","M","?","R","M","R","$","M","BOSS"],"items_purchased_type":["Card"],"build_version":"2020-12-22","purchased_purges":0,"victory":false,"max_hp_per_floor":[79,79,79,79,79,79,79,79,79,79,89,89,89,89,89,89,89,89],"card_choices":[{"not_picked":["Guardian:ChargeCore","Guardian:TemporalShield"],"picked":"Guardian:Gem_Cyan","floor":2},{"not_picked":["Guardian:Recover","Guardian:Incinerate","Guardian:Emergency"],"picked":"SKIP","floor":3},{"not_picked":["Guardian:Harden","Guardian:BodySlam"],"picked":"Guardian:Gem_Yellow","floor":9},{"not_picked":["Guardian:Gem_Cyan","Guardian:CrystalBeam","Guardian:RollAttack"],"picked":"SKIP","floor":12},{"not_picked":["Guardian:TemporalStrike","Guardian:Harden"],"picked":"Guardian:StasisField","floor":14},{"not_picked":["Guardian:SpikerProtocol","Guardian:Reroute"],"picked":"Guardian:Planning","floor":15}],"player_experience":538939,"relics_obtained":[],"event_choices":[{"damage_healed":0,"gold_gain":0,"player_choice":"Grow","damage_taken":0,"max_hp_gain":0,"max_hp_loss":0,"event_name":"Living Wall","floor":5,"gold_loss":0,"cards_upgraded":["Guardian:TwinSlam"]}],"is_beta":false,"boss_relics":[],"items_purged_floors":[],"is_endless":false,"potions_floor_spawned":[9,15],"killed_by":"IC_STATUS_ARCHETYPE","ascension_level":20}}