{"host":"ormi09wwzv7sq47a","time":1610932884,"event":{"mods":["2.2 Compatiblity","AchievementEnabler","Act Like it!","BaseMod","Bestiary","Better Altar","Better Note","Better Sensory Stone","Better Silent Start","Better Skull","Better Third Choice","Better Vampires","BetterRewards","Block Reminder","Card Forge","Colored Map","Colored Powertips","Curses Come First","DeckTracker","Downfall","Highlight Path","Minty Spire (QoL Compilation)","Permanent Neow","Quick Restart","Rare Cards Sparkle","Relic Stats","Shop Mod","StSLib","The Jungle"],"gold_per_floor":[114,39,56,56,70,95,95,107,131,143,143,143,143],"floor_reached":11,"language":"ENG","playtime":613,"items_purged":[],"score":150,"play_id":"77969f06-ec74-41a4-9eb7-0a1e02ef83ab","local_time":"20210117232124","is_ascension_mode":true,"campfire_choices":[],"circlet_count":0,"master_deck":["AscendersBane","Slimebound:Strike_Slimebound","Slimebound:Strike_Slimebound","Slimebound:Strike_Slimebound","Slimebound:Tackle","Slimebound:Defend_Slimebound","Slimebound:Defend_Slimebound","Slimebound:Defend_Slimebound","Slimebound:Defend_Slimebound","Slimebound:Split","Slimebound:CorrosiveSpit","Slimebound:Nibble","Slimebound:SplitSpecialist","Slimebound:SpikyOuterGoop","Slimebound:SpikyOuterGoop","Slimebound:SamplingLick","Slimebound:Recollect","Slimebound:SamplingLick"],"relics":["Slimebound:AbsorbEndCombat","Hammer of Thor","Seething Fire","Anvil of the Gods","Peace Pipe","bronze:BronzeIdol","Slimebound:GreedOozeRelic","Happy Flower","Guardian:PocketSentry"],"acts_visited":["Exordium"],"potions_floor_usage":[11],"damage_taken":[{"damage":9.0,"enemies":"Jaw Worm","floor":1.0,"turns":4.0},{"damage":0.0,"enemies":"2 Louse","floor":3.0,"turns":2.0},{"damage":1.0,"enemies":"Small Slimes","floor":5.0,"turns":4.0},{"damage":37.0,"enemies":"3 Sentries","floor":6.0,"turns":6.0},{"damage":0,"enemies":"3 Louse","floor":8,"turns":3},{"damage":4,"enemies":"Blue Slaver","floor":10,"turns":3},{"damage":16,"enemies":"Gremlin Nob","floor":11,"turns":3}],"seed_played":"-2592646404296497866","potions_obtained":[{"floor":1.0,"key":"Slimebound:SlimyTonguePotion"},{"floor":5.0,"key":"LiquidBronze"}],"is_trial":false,"path_per_floor":["M","?","M","?","M","E","?","M","T","M","E"],"character_chosen":"SLIMEBOUND","items_purchased":["bronze:BronzeIdol","Slimebound:Nibble"],"campfire_rested":0,"item_purchase_floors":[0,0],"current_hp_per_floor":[41,41,43,48,48,11,11,13,13,11,0,0,0],"gold":143,"neow_bonus":"","is_daily":false,"chose_seed":false,"campfire_upgraded":0,"win_rate":0.0,"timestamp":1610932884,"path_taken":["M","?","M","?","?","E","?","M","T","M","E"],"items_purchased_type":["Relic","Card"],"build_version":"2020-12-22","purchased_purges":0,"victory":false,"max_hp_per_floor":[59,59,59,64,64,64,64,64,64,64,64,64,64],"relic_stats":{"Peace Pipe":0,"Happy Flower":[18],"counters":[230,1070],"obtain_stats":[{"Whetstone":23,"Ginger":17,"Boot":28,"Old Coin":10,"Blood Vial":41,"Sundial":45,"MealTicket":43,"Necronomicon":20,"Kunai":38,"Slimebound:AggressiveSlimeRelic":38,"MerchantsRug":38,"Pear":20,"Blue Candle":10,"Eternal Feather":6,"Guardian:PocketSentry":0,"Akabeko":9,"SlaversCollar":17,"Bird Faced Urn":54,"Pandora\u0027s Box":34,"StrikeDummy":25,"Unceasing Top":0,"Slimebound:SlimedTailRelic":30,"Regal Pillow":0,"Lantern":3,"Torii":31,"StoneCalendar":24,"Bag of Preparation":37,"Ancient Tea Set":10,"Matryoshka":26,"Slimebound:MaxSlimesRelic":9,"Shovel":0,"Toolbox":53,"WingedGreaves":0,"InkBottle":11,"Lee\u0027s Waffle":0,"Golden Idol":3,"Thread and Needle":54,"PreservedInsect":9,"Omamori":26,"Seething Fire":0,"Frozen Egg 2":28,"MawBank":17,"bronze:BronzeIdol":0,"Busted Crown":17,"Ornamental Fan":9,"Bloody Idol":21,"Turnip":42,"Slimebound:AbsorbEndCombat":0,"Art of War":47,"Bottled Lightning":41,"hexamod:BolsterEngine":26,"Slimebound:AbsorbEndCombatUpgraded":34,"Toy Ornithopter":11,"Calipers":8,"Gremlin Horn":6,"Vajra":48,"Hammer of Thor":0,"Sozu":17,"Lizard Tail":0,"Centennial Puzzle":26,"Strawberry":9,"Philosopher\u0027s Stone":34,"Prayer Wheel":36,"Toxic Egg 2":11,"Happy Flower":9,"Astrolabe":17,"Oddly Smooth Stone":27,"Letter Opener":0,"War Paint":4,"Question Card":25,"Du-Vu Doll":41,"Anvil of the Gods":0,"Shuriken":54,"Bronze Scales":47,"Molten Egg 2":26,"Black Star":34,"Slimebound:SlimedSkullRelic":0,"Meat on the Bone":48,"Darkstone Periapt":30,"SacredBark":34,"Incense Burner":0,"Empty Cage":17,"ClockworkSouvenir":38,"Nunchaku":12,"TheAbacus":47,"Mummified Hand":17,"Gambling Chip":12,"Tiny Chest":17,"Red Mask":21,"Odd Mushroom":14,"Orichalcum":47,"Medical Kit":0,"White Beast Statue":8,"Mercury Hourglass":54,"Peace Pipe":22,"Slimebound:GreedOozeRelic":7,"Calling Bell":17,"CaptainsWheel":0,"Bag of Marbles":3,"Coffee Dripper":34,"Membership Card":0,"FossilizedHelix":0,"TungstenRod":46},{"Whetstone":30,"Ginger":196,"Boot":85,"Old Coin":23,"Blood Vial":39,"Sundial":119,"MealTicket":39,"Necronomicon":219,"Kunai":38,"Slimebound:AggressiveSlimeRelic":38,"MerchantsRug":38,"Pear":12,"Blue Candle":50,"Eternal Feather":4,"Guardian:PocketSentry":146,"Akabeko":5,"SlaversCollar":132,"Bird Faced Urn":72,"Pandora\u0027s Box":138,"StrikeDummy":31,"Unceasing Top":18,"Slimebound:SlimedTailRelic":111,"Regal Pillow":18,"Lantern":20,"Torii":111,"StoneCalendar":57,"Bag of Preparation":90,"Ancient Tea Set":78,"Matryoshka":31,"Slimebound:MaxSlimesRelic":77,"Shovel":124,"Toolbox":97,"WingedGreaves":99,"InkBottle":6,"Lee\u0027s Waffle":211,"Golden Idol":2,"Thread and Needle":187,"PreservedInsect":164,"Omamori":134,"Seething Fire":0,"Frozen Egg 2":110,"MawBank":196,"bronze:BronzeIdol":223,"Busted Crown":218,"Ornamental Fan":22,"Bloody Idol":133,"Turnip":67,"Slimebound:AbsorbEndCombat":0,"Art of War":95,"Bottled Lightning":66,"hexamod:BolsterEngine":57,"Slimebound:AbsorbEndCombatUpgraded":203,"Toy Ornithopter":102,"Calipers":77,"Gremlin Horn":76,"Vajra":41,"Hammer of Thor":0,"Sozu":10,"Lizard Tail":73,"Centennial Puzzle":84,"Strawberry":101,"Philosopher\u0027s Stone":35,"Prayer Wheel":37,"Toxic Egg 2":23,"Happy Flower":214,"Astrolabe":53,"Oddly Smooth Stone":32,"Letter Opener":18,"War Paint":2,"Question Card":200,"Du-Vu Doll":142,"Anvil of the Gods":0,"Shuriken":187,"Bronze Scales":69,"Molten Egg 2":15,"Black Star":176,"Slimebound:SlimedSkullRelic":188,"Meat on the Bone":41,"Darkstone Periapt":136,"SacredBark":88,"Incense Burner":0,"Empty Cage":26,"ClockworkSouvenir":38,"Nunchaku":51,"TheAbacus":41,"Mummified Hand":105,"Gambling Chip":24,"Tiny Chest":105,"Red Mask":170,"Odd Mushroom":9,"Orichalcum":95,"Medical Kit":0,"White Beast Statue":5,"Mercury Hourglass":123,"Peace Pipe":83,"Slimebound:GreedOozeRelic":101,"Calling Bell":105,"CaptainsWheel":73,"Bag of Marbles":46,"Coffee Dripper":61,"Membership Card":18,"FossilizedHelix":44,"TungstenRod":208},{"Whetstone":105,"Ginger":889,"Boot":374,"Old Coin":85,"Blood Vial":132,"Sundial":524,"MealTicket":132,"Necronomicon":1032,"Kunai":129,"Slimebound:AggressiveSlimeRelic":129,"MerchantsRug":129,"Pear":52,"Blue Candle":181,"Eternal Feather":13,"Guardian:PocketSentry":656,"Akabeko":19,"SlaversCollar":585,"Bird Faced Urn":311,"Pandora\u0027s Box":620,"StrikeDummy":108,"Unceasing Top":73,"Slimebound:SlimedTailRelic":493,"Regal Pillow":73,"Lantern":77,"Torii":493,"StoneCalendar":219,"Bag of Preparation":391,"Ancient Tea Set":340,"Matryoshka":108,"Slimebound:MaxSlimesRelic":335,"Shovel":551,"Toolbox":427,"WingedGreaves":439,"InkBottle":25,"Lee\u0027s Waffle":988,"Golden Idol":6,"Thread and Needle":839,"PreservedInsect":721,"Omamori":596,"Seething Fire":0,"Frozen Egg 2":490,"MawBank":889,"bronze:BronzeIdol":1048,"Busted Crown":1027,"Ornamental Fan":81,"Bloody Idol":591,"Turnip":279,"Slimebound:AbsorbEndCombat":0,"Art of War":415,"Bottled Lightning":274,"hexamod:BolsterEngine":219,"Slimebound:AbsorbEndCombatUpgraded":936,"Toy Ornithopter":451,"Calipers":335,"Gremlin Horn":328,"Vajra":139,"Hammer of Thor":0,"Sozu":45,"Lizard Tail":319,"Centennial Puzzle":370,"Strawberry":447,"Philosopher\u0027s Stone":121,"Prayer Wheel":127,"Toxic Egg 2":85,"Happy Flower":1002,"Astrolabe":198,"Oddly Smooth Stone":110,"Letter Opener":73,"War Paint":6,"Question Card":912,"Du-Vu Doll":639,"Anvil of the Gods":0,"Shuriken":839,"Bronze Scales":289,"Molten Egg 2":59,"Black Star":794,"Slimebound:SlimedSkullRelic":847,"Meat on the Bone":139,"Darkstone Periapt":607,"SacredBark":386,"Incense Burner":0,"Empty Cage":95,"ClockworkSouvenir":129,"Nunchaku":186,"TheAbacus":139,"Mummified Hand":465,"Gambling Chip":89,"Tiny Chest":465,"Red Mask":759,"Odd Mushroom":35,"Orichalcum":415,"Medical Kit":0,"White Beast Statue":19,"Mercury Hourglass":544,"Peace Pipe":367,"Slimebound:GreedOozeRelic":447,"Calling Bell":465,"CaptainsWheel":319,"Bag of Marbles":164,"Coffee Dripper":245,"Membership Card":73,"FossilizedHelix":156,"TungstenRod":964}]},"card_choices":[{"not_picked":["Slimebound:HungryTackle","Slimebound:SplitLeeching"],"picked":"Slimebound:SplitSpecialist","floor":1.0},{"not_picked":["Slimebound:ComboTackle","Slimebound:Dissolve"],"picked":"Slimebound:SpikyOuterGoop","floor":3.0},{"not_picked":["Slimebound:SplitAcid","Slimebound:GoopTackle"],"picked":"Slimebound:SpikyOuterGoop","floor":5.0},{"not_picked":["Slimebound:GrowthPunch","Slimebound:SpikyOuterGoop"],"picked":"Slimebound:SamplingLick","floor":6.0},{"not_picked":["Slimebound:FlameTackle","Slimebound:Schlurp"],"picked":"Slimebound:Recollect","floor":8},{"not_picked":["Slimebound:Schlurp","Slimebound:HungryTackle"],"picked":"Slimebound:SamplingLick","floor":10}],"player_experience":987264,"relics_obtained":[{"floor":6.0,"key":"Happy Flower"},{"floor":9,"key":"Guardian:PocketSentry"}],"event_choices":[{"damage_healed":0.0,"max_hp_gain":5.0,"max_hp_loss":0.0,"gold_gain":0.0,"event_name":"Big Fish","player_choice":"Donut","floor":4.0,"gold_loss":0.0,"damage_taken":0.0},{"damage_healed":11,"gold_gain":0,"player_choice":"Leave","damage_taken":0,"max_hp_gain":0,"max_hp_loss":64,"event_name":"betterThird:BetterShining","floor":7,"gold_loss":0}],"is_beta":false,"boss_relics":[],"items_purged_floors":[],"is_endless":false,"potions_floor_spawned":[1,5],"killed_by":"Gremlin Nob","ascension_level":20}}