{"host":"r10yh36zs2k9z1sa","time":1610982258,"event":{"mods":["Astrologer","BaseMod","Colored Map","Hermit","Marisa¡]Ãú«B¡@Å]²z¨F¡^","Minty Spire (QoL Compilation)","Permanent Neow","Remilia¡]Á¢¦Ì²ú?¡^","StSLib","The Animator","The Bug Knight","The Cursed","The Gatherer","The Hierophant","The Necromancer","The Runesmith","The Servant 0.9.4"],"gold_per_floor":[114,114,39,39,4,30,41,41,41,41,51,51,65,65,65,164,164,152,52,84,101,26,26,26],"floor_reached":23,"language":"ZHS","playtime":1146,"items_purged":["Strike_S","Regret"],"score":224,"play_id":"ddfae297-4061-4b6f-a8a9-c435b2d87daf","local_time":"20210118230418","is_ascension_mode":true,"campfire_choices":[{"data":"TheWorld","floor":8,"key":"SMITH"},{"data":"MurderousAura","floor":15,"key":"SMITH"}],"circlet_count":0,"master_deck":["Strike_S","Strike_S","Defend_S","Defend_S+1","Defend_S","KidneyShot","Exchange","Defy+1","TheWorld+1","Read","MurderousAura+1","FastForward","SpecialFormula","Sunlight","FastForward+1"],"relics":["SplendidAttire","MealTicket","War Paint","Meat on the Bone","InkBottle","Tiny Chest","Red Mask"],"acts_visited":["Exordium","TheCity"],"potions_floor_usage":[20],"damage_taken":[{"damage":3,"enemies":"Jaw Worm","floor":1,"turns":5},{"damage":43,"enemies":"3 Sentries","floor":6,"turns":13},{"damage":0,"enemies":"2 Louse","floor":7,"turns":3},{"damage":0,"enemies":"Small Slimes","floor":11,"turns":3},{"damage":7,"enemies":"Red Slaver","floor":13,"turns":5},{"damage":48,"enemies":"Slime Boss","floor":16,"turns":19},{"damage":2,"enemies":"2 Thieves","floor":18,"turns":5},{"damage":2,"enemies":"Masked Bandits","floor":20,"turns":4},{"damage":0,"enemies":"Spheric Guardian","floor":21,"turns":6},{"damage":47,"enemies":"Book of Stabbing","floor":23,"turns":8}],"seed_played":"-4119121935756671889","potions_obtained":[{"floor":7,"key":"BlessingOfTheForge"},{"floor":11,"key":"Regen Potion"}],"is_trial":false,"path_per_floor":["M","?","$","?","?","E","M","R","T","?","M","?","M","$","R","B",null,"M","$","?","M","?","E"],"character_chosen":"THE_SERVANT","items_purchased":[],"campfire_rested":0,"item_purchase_floors":[],"current_hp_per_floor":[62,55,65,47,63,20,32,32,32,32,44,44,37,52,52,21,65,65,65,65,65,65,23,23],"gold":26,"neow_bonus":"RANDOM_COMMON_RELIC","is_daily":false,"chose_seed":false,"campfire_upgraded":2,"win_rate":0.0,"timestamp":1610982258,"path_taken":["M","?","$","?","?","E","M","R","T","?","?","?","M","$","R","BOSS","M","$","?","M","?","E"],"items_purchased_type":[],"build_version":"2020-12-22","purchased_purges":2,"victory":false,"max_hp_per_floor":[65,65,65,65,65,65,65,65,65,65,65,65,65,65,65,65,65,65,65,65,65,65,65,65],"card_choices":[{"not_picked":["Revamp","Spin"],"picked":"Defy","floor":1},{"not_picked":["Shuttle","Rewind"],"picked":"TheWorld","floor":6},{"not_picked":["Rewind","Potential"],"picked":"Read","floor":7},{"not_picked":["Rearm","Alleviate"],"picked":"FastForward","floor":11},{"not_picked":["TimeWarp","Starlight"],"picked":"SpecialFormula","floor":13},{"not_picked":["Deny","LightFlow"],"picked":"Sunlight","floor":16},{"not_picked":["Spin","TimeWarp","Alleviate"],"picked":"SKIP","floor":18},{"not_picked":["FanOfKnives+1","Reset"],"picked":"FastForward+1","floor":20},{"not_picked":["Unruled","DancingSilver","FanOfKnives"],"picked":"SKIP","floor":21}],"player_experience":240916,"relics_obtained":[{"floor":6,"key":"Meat on the Bone"},{"floor":9,"key":"InkBottle"},{"floor":20,"key":"Red Mask"}],"event_choices":[{"cards_removed":["Defend_S"],"damage_healed":0,"gold_gain":0,"player_choice":"Card Removal","damage_taken":7,"max_hp_gain":0,"max_hp_loss":0,"event_name":"Golden Wing","floor":2,"gold_loss":0},{"damage_healed":0,"gold_gain":0,"player_choice":"Success","damage_taken":18,"relics_obtained":["War Paint"],"max_hp_gain":0,"max_hp_loss":0,"event_name":"Scrap Ooze","floor":4,"gold_loss":0},{"damage_healed":16,"gold_gain":0,"player_choice":"Healed","damage_taken":0,"max_hp_gain":0,"max_hp_loss":0,"event_name":"The Cleric","floor":5,"gold_loss":35},{"damage_healed":0,"gold_gain":0,"player_choice":"1 cards matched","damage_taken":0,"max_hp_gain":0,"max_hp_loss":0,"event_name":"Match and Keep!","floor":10,"gold_loss":0,"cards_obtained":["MurderousAura"]},{"damage_healed":0,"gold_gain":0,"player_choice":"Box","damage_taken":0,"relics_obtained":["Tiny Chest"],"max_hp_gain":0,"max_hp_loss":0,"event_name":"Big Fish","floor":12,"gold_loss":0,"cards_obtained":["Regret"]},{"damage_healed":0,"gold_gain":0,"player_choice":"Fought Bandits","damage_taken":0,"max_hp_gain":0,"max_hp_loss":0,"event_name":"Masked Bandits","floor":20,"gold_loss":0},{"cards_removed":["Strike_S"],"damage_healed":0,"gold_gain":0,"player_choice":"Gave Gold","damage_taken":0,"max_hp_gain":0,"max_hp_loss":0,"event_name":"Beggar","floor":22,"gold_loss":75}],"is_beta":false,"boss_relics":[{"not_picked":["Runic Pyramid","Runesmith:UraniumAnvil"],"picked":"SplendidAttire"}],"items_purged_floors":[3,19],"is_endless":false,"potions_floor_spawned":[7,11],"killed_by":"Book of Stabbing","ascension_level":4}}