{"host":"vyjryxuuuxkt43k4","time":1610962772,"event":{"mods":["AchievementEnabler","BaseMod","Colored Map","DeckTracker","Keyboard Shortcuts","Minty Spire (QoL Compilation)","Permanent Neow","Quick Restart","StSLib","SuperFastMode","everything is the same but u backflip on backflip"],"gold_per_floor":[110,126,141,155,174,174,174,200,225,255,68,86,96,116,116,214,214,231,146,181,181,106,106,116,149,173,184,196,209,244,264,264,361,361,372,205,9,27,27,27,52,32,32,32,32,60,77,129,129,129,129,129,10,41,41,41],"floor_reached":55,"language":"KOR","playtime":10687,"items_purged":["Steam Power","Leap"],"score":923,"play_id":"3d089a3c-53c9-4d0c-bb2b-9a5896f5354e","local_time":"20210118183932","is_ascension_mode":true,"campfire_choices":[{"data":"Sunder","floor":6.0,"key":"SMITH"},{"data":"Beam Cell","floor":15.0,"key":"SMITH"},{"data":"Biased Cognition","floor":23.0,"key":"SMITH"},{"data":"Reboot","floor":32.0,"key":"SMITH"},{"data":"Hologram","floor":40.0,"key":"SMITH"},{"data":"Recycle","floor":44.0,"key":"SMITH"},{"floor":49.0,"key":"RECALL"},{"data":"Dualcast","floor":52.0,"key":"SMITH"}],"circlet_count":0,"master_deck":["Defend_B","Defend_B","Zap","Dualcast+1","Self Repair","Coolheaded","Ball Lightning","Compile Driver","Sunder+1","Beam Cell+1","Rebound","Glacier","Undo","Reboot+1","Biased Cognition+1","Chaos+1","Meteor Strike+1","Fission+1","Go for the Eyes+1","Defragment","Hologram+1","Reinforced Body+1","Seek","Recycle+1","BootSequence+1","Tempest+1","Coolheaded+1","Barrage+1"],"relics":["Cracked Core","Unceasing Top","Omamori","Odd Mushroom","Runic Capacitor","Astrolabe","PreservedInsect","Red Mask","Toy Ornithopter","Bronze Scales","Juzu Bracelet","Runic Pyramid","Membership Card","Vajra","Ginger","Boot","Cables","Mango"],"acts_visited":["Exordium","TheCity","TheBeyond","TheEnding"],"potions_floor_usage":[],"damage_taken":[{"damage":6.0,"enemies":"Cultist","floor":1.0,"turns":4.0},{"damage":10.0,"enemies":"Small Slimes","floor":2.0,"turns":4.0},{"damage":3.0,"enemies":"2 Louse","floor":3.0,"turns":2.0},{"damage":2.0,"enemies":"Blue Slaver","floor":4.0,"turns":4.0},{"damage":15.0,"enemies":"Large Slime","floor":5.0,"turns":5.0},{"damage":32.0,"enemies":"3 Sentries","floor":8.0,"turns":9.0},{"damage":10.0,"enemies":"The Mushroom Lair","floor":10.0,"turns":3.0},{"damage":23.0,"enemies":"3 Louse","floor":12.0,"turns":4.0},{"damage":8.0,"enemies":"Exordium Thugs","floor":13.0,"turns":4.0},{"damage":0.0,"enemies":"Lots of Slimes","floor":14.0,"turns":4.0},{"damage":0.0,"enemies":"Hexaghost","floor":16.0,"turns":9.0},{"damage":11.0,"enemies":"2 Thieves","floor":18.0,"turns":4.0},{"damage":7.0,"enemies":"Masked Bandits","floor":20.0,"turns":3.0},{"damage":0.0,"enemies":"Spheric Guardian","floor":24.0,"turns":4.0},{"damage":4.0,"enemies":"Gremlin Leader","floor":25.0,"turns":5.0},{"damage":12.0,"enemies":"Snake Plant","floor":27.0,"turns":4.0},{"damage":0.0,"enemies":"Shelled Parasite and Fungi","floor":28.0,"turns":4.0},{"damage":14.0,"enemies":"Cultist and Chosen","floor":29.0,"turns":6.0},{"damage":3.0,"enemies":"Slavers","floor":30.0,"turns":6.0},{"damage":24.0,"enemies":"Centurion and Healer","floor":31.0,"turns":6.0},{"damage":12.0,"enemies":"Collector","floor":33.0,"turns":10.0},{"damage":16.0,"enemies":"Orb Walker","floor":35.0,"turns":4.0},{"damage":6.0,"enemies":"3 Shapes","floor":38.0,"turns":4.0},{"damage":19.0,"enemies":"Giant Head","floor":41.0,"turns":6.0},{"damage":24.0,"enemies":"Nemesis","floor":46.0,"turns":5.0},{"damage":38.0,"enemies":"Spire Growth","floor":47.0,"turns":5.0},{"damage":53.0,"enemies":"Donu and Deca","floor":50.0,"turns":11.0},{"damage":30.0,"enemies":"Shield and Spear","floor":54.0,"turns":6.0},{"damage":59,"enemies":"The Heart","floor":55,"turns":6}],"seed_played":"-2070705656235308938","potions_obtained":[{"floor":2.0,"key":"ColorlessPotion"},{"floor":5.0,"key":"SkillPotion"},{"floor":8.0,"key":"EntropicBrew"},{"floor":20.0,"key":"LiquidMemories"},{"floor":24.0,"key":"EssenceOfSteel"},{"floor":27.0,"key":"AttackPotion"},{"floor":28.0,"key":"DuplicationPotion"},{"floor":41.0,"key":"SneckoOil"},{"floor":42.0,"key":"BlessingOfTheForge"},{"floor":46.0,"key":"Fire Potion"},{"floor":47.0,"key":"EntropicBrew"},{"floor":54.0,"key":"PotionOfCapacity"}],"is_trial":false,"path_per_floor":["M","M","M","M","M","R","?","E","T","?","$","M","M","M","R","B",null,"M","?","?","?","$","R","M","E","T","M","M","M","E","M","R","B",null,"M","$","$","M","?","R","E","?","T","R","$","E","M","T","R","B",null,"R","$","E","B"],"character_chosen":"DEFECT","items_purchased":["Glacier","Runic Capacitor","Recycle","Membership Card","EntropicBrew","Cables"],"campfire_rested":0,"item_purchase_floors":[11,11,36,37,37,53],"current_hp_per_floor":[75,72,69,74,66,66,59,34,34,31,31,15,14,21,21,31,75,64,64,64,64,64,64,71,67,67,62,69,62,59,42,42,52,75,66,66,66,67,67,67,55,55,55,55,55,58,27,27,27,22,75,75,75,59,0,0],"gold":41,"neow_bonus":"THREE_CARDS","is_daily":false,"chose_seed":false,"campfire_upgraded":7,"win_rate":0.0,"timestamp":1610962772,"path_taken":["M","M","M","?","M","R","?","E","T","?","$","M","M","M","R","BOSS","M","?","?","?","$","R","M","E","T","M","M","?","E","M","R","BOSS","M","?","$","M","?","R","E","?","T","R","?","E","M","?","R","BOSS","R","$","E","BOSS"],"items_purchased_type":["Card","Relic","Card","Relic","Potion","Relic"],"build_version":"2020-12-22","purchased_purges":2,"victory":false,"max_hp_per_floor":[75,75,75,75,75,75,75,75,75,75,75,75,75,75,75,75,75,75,75,75,75,75,75,75,75,75,75,75,75,75,75,75,75,75,75,75,75,75,75,75,75,75,75,75,75,75,75,75,75,75,75,75,75,89,89,89],"card_choices":[{"not_picked":["Coolheaded","Loop"],"picked":"Self Repair","floor":0.0},{"not_picked":["Rebound","Conserve Battery"],"picked":"Coolheaded","floor":1.0},{"not_picked":["Self Repair","Redo"],"picked":"Ball Lightning","floor":2.0},{"not_picked":["Gash","Stack"],"picked":"Compile Driver","floor":3.0},{"not_picked":["Compile Driver","Machine Learning","Melter"],"picked":"SKIP","floor":4.0},{"not_picked":["Cold Snap","Ball Lightning"],"picked":"Sunder","floor":5.0},{"not_picked":["Consume","Amplify"],"picked":"Beam Cell","floor":8.0},{"not_picked":["Barrage","Ball Lightning"],"picked":"Rebound","floor":10.0},{"not_picked":["Sweeping Beam","Compile Driver","Coolheaded"],"picked":"SKIP","floor":12.0},{"not_picked":["Ball Lightning","Cold Snap"],"picked":"Undo","floor":13.0},{"not_picked":["Steam Power","Conserve Battery"],"picked":"Reboot","floor":14.0},{"not_picked":["Thunder Strike","Amplify"],"picked":"Biased Cognition","floor":16.0},{"not_picked":["Barrage","Steam","Streamline+1"],"picked":"SKIP","floor":18.0},{"not_picked":["Auto Shields","Hologram"],"picked":"Go for the Eyes+1","floor":20.0},{"not_picked":["Barrage","Steam"],"picked":"Defragment","floor":24.0},{"not_picked":["Steam","Go for the Eyes"],"picked":"Hologram","floor":25.0},{"not_picked":["Defragment","Steam","Melter"],"picked":"SKIP","floor":27.0},{"not_picked":["Sunder+1","Stack","Leap+1"],"picked":"SKIP","floor":28.0},{"not_picked":["Melter","Rebound"],"picked":"Reinforced Body+1","floor":29.0},{"not_picked":["Conserve Battery","Ball Lightning","Redo"],"picked":"SKIP","floor":30.0},{"not_picked":["Defragment","Reinforced Body","Streamline"],"picked":"SKIP","floor":31.0},{"not_picked":["Fission","Biased Cognition"],"picked":"Seek","floor":33.0},{"not_picked":["Compile Driver+1","Doom and Gloom+1","Cold Snap"],"picked":"SKIP","floor":35.0},{"not_picked":["Steam+1","Streamline"],"picked":"BootSequence+1","floor":38.0},{"not_picked":["Force Field","Sweeping Beam+1"],"picked":"Tempest+1","floor":41.0},{"not_picked":["Ball Lightning+1","Compile Driver","Genetic Algorithm+1"],"picked":"SKIP","floor":46.0},{"not_picked":["Steam Power+1","Doom and Gloom+1"],"picked":"Coolheaded+1","floor":47.0},{"not_picked":["Leap","Machine Learning"],"picked":"Barrage+1","floor":54.0}],"player_experience":444803,"relics_obtained":[{"floor":8.0,"key":"Unceasing Top"},{"floor":9.0,"key":"Omamori"},{"floor":10.0,"key":"Odd Mushroom"},{"floor":20.0,"key":"Red Mask"},{"floor":25.0,"key":"Toy Ornithopter"},{"floor":26.0,"key":"Bronze Scales"},{"floor":30.0,"key":"Juzu Bracelet"},{"floor":41.0,"key":"Vajra"},{"floor":46.0,"key":"Ginger"},{"floor":48.0,"key":"Boot"},{"floor":54.0,"key":"Mango"}],"event_choices":[{"cards_removed":["Strike_B"],"damage_healed":0.0,"max_hp_gain":0.0,"max_hp_loss":0.0,"gold_gain":0.0,"event_name":"Golden Wing","player_choice":"Card Removal","floor":7.0,"gold_loss":0.0,"damage_taken":7.0},{"damage_healed":0.0,"max_hp_gain":0.0,"max_hp_loss":0.0,"gold_gain":0.0,"event_name":"Mushrooms","player_choice":"Fought Mushrooms","floor":10.0,"gold_loss":0.0,"damage_taken":0.0},{"damage_healed":0.0,"max_hp_gain":0.0,"max_hp_loss":0.0,"gold_gain":0.0,"event_name":"Addict","player_choice":"Obtained Relic","floor":19.0,"gold_loss":85.0,"damage_taken":0.0,"relics_obtained":["PreservedInsect"]},{"damage_healed":0.0,"max_hp_gain":0.0,"max_hp_loss":0.0,"gold_gain":0.0,"event_name":"Masked Bandits","player_choice":"Fought Bandits","floor":20.0,"gold_loss":0.0,"damage_taken":0.0},{"damage_healed":0.0,"max_hp_gain":0.0,"max_hp_loss":0.0,"gold_gain":0.0,"cards_transformed":["Strike_B","Defend_B"],"event_name":"Drug Dealer","player_choice":"Became Test Subject","floor":21.0,"gold_loss":0.0,"damage_taken":0.0,"cards_obtained":["Steam Power","Leap"]},{"damage_healed":0.0,"max_hp_gain":0.0,"max_hp_loss":0.0,"gold_gain":0.0,"event_name":"Match and Keep!","player_choice":"0 cards matched","floor":39.0,"gold_loss":0.0,"damage_taken":0.0,"cards_obtained":[]},{"damage_healed":0.0,"max_hp_gain":0.0,"max_hp_loss":0.0,"gold_gain":0.0,"event_name":"The Woman in Blue","player_choice":"Bought 1 Potion","floor":42.0,"gold_loss":0.0,"damage_taken":0.0}],"is_beta":false,"boss_relics":[{"not_picked":["Busted Crown","Tiny House"],"picked":"Astrolabe"},{"not_picked":["SlaversCollar","Empty Cage"],"picked":"Runic Pyramid"}],"items_purged_floors":[22,36],"is_endless":false,"potions_floor_spawned":[2,5,8,12,13,20,24,27,28,41,46,47,54],"killed_by":"The Heart","ascension_level":4}}