{"host":"qyjrmrr57odine7m","time":1610963626,"event":{"mods":["AchievementEnabler","BaseMod","Bestiary","Block Reminder","Card Forge","Highlight Path","Minty Spire (QoL Compilation)","Permanent Neow","StSLib"],"gold_per_floor":[117,131,145,160,11,42,117,133,159,187,187,222,232,262,262,364,364,364,364],"floor_reached":18,"language":"ENG","playtime":731,"items_purged":[],"score":423,"play_id":"7e13f942-a659-415c-9ea0-8772653ebbff","local_time":"20210118095346","is_ascension_mode":true,"campfire_choices":[{"floor":15,"key":"REST"}],"circlet_count":0,"master_deck":["Defend_B+1","Defend_B+1","Defend_B+1","Defend_B+1","Zap+1","Dualcast+1","Doom and Gloom+1","Reprogram+1","Gash+1","Gash+1","Scrape+1","Echo Form+1"],"relics":["Hammer of Thor","Seething Fire","Anvil of the Gods","Philosopher\u0027s Stone","Membership Card","Blue Candle","Strawberry","PreservedInsect","Bag of Marbles","Kunai","Velvet Choker"],"acts_visited":["Exordium","TheCity"],"potions_floor_usage":[6,16],"damage_taken":[{"damage":0,"enemies":"Cultist","floor":1,"turns":3},{"damage":0,"enemies":"Jaw Worm","floor":2,"turns":3},{"damage":0,"enemies":"Small Slimes","floor":3,"turns":3},{"damage":0,"enemies":"2 Fungi Beasts","floor":4,"turns":2},{"damage":0,"enemies":"3 Sentries","floor":6,"turns":4},{"damage":0,"enemies":"Exordium Thugs","floor":8,"turns":5},{"damage":22,"enemies":"Gremlin Nob","floor":10,"turns":4},{"damage":1,"enemies":"3 Sentries","floor":12,"turns":3},{"damage":0,"enemies":"3 Louse","floor":13,"turns":2},{"damage":0,"enemies":"Gremlin Nob","floor":14,"turns":2},{"damage":3,"enemies":"The Guardian","floor":16,"turns":11},{"damage":0,"enemies":"Shell Parasite","floor":18,"turns":1}],"seed_played":"-4101616496686098161","potions_obtained":[{"floor":3,"key":"DistilledChaos"},{"floor":8,"key":"EssenceOfDarkness"},{"floor":13,"key":"EssenceOfSteel"},{"floor":14,"key":"AttackPotion"}],"is_trial":false,"path_per_floor":["M","M","M","M","$","E","?","M","T","E","$","E","M","E","R","B",null,"M"],"character_chosen":"DEFECT","items_purchased":["Membership Card"],"campfire_rested":1,"item_purchase_floors":[5],"current_hp_per_floor":[68,68,68,68,68,68,57,57,64,42,42,41,41,41,65,62,77,77,77],"gold":364,"neow_bonus":"BOSS_RELIC","is_daily":false,"chose_seed":false,"campfire_upgraded":0,"win_rate":0.0,"timestamp":1610963626,"path_taken":["M","M","M","?","$","E","?","M","T","E","$","E","M","E","R","BOSS","M"],"items_purchased_type":["Relic"],"build_version":"2020-12-22","purchased_purges":0,"victory":false,"max_hp_per_floor":[75,75,75,75,75,75,75,75,82,82,82,82,82,82,82,82,82,82,82],"card_choices":[{"not_picked":["Beam Cell","Leap"],"picked":"Doom and Gloom","floor":1},{"not_picked":["Barrage","Beam Cell"],"picked":"Reprogram","floor":2},{"not_picked":["Reinforced Body","Beam Cell"],"picked":"Gash","floor":3},{"not_picked":["Force Field","Barrage","White Noise"],"picked":"SKIP","floor":4},{"not_picked":["Coolheaded","Steam"],"picked":"Gash","floor":6},{"not_picked":["Leap","Reprogram"],"picked":"Scrape","floor":8},{"not_picked":["Tempest","Cold Snap","White Noise"],"picked":"SKIP","floor":10},{"not_picked":["Compile Driver","Fission","Go for the Eyes"],"picked":"SKIP","floor":12},{"not_picked":["Double Energy","Coolheaded","Recycle"],"picked":"SKIP","floor":13},{"not_picked":["Stack","Storm","Beam Cell"],"picked":"SKIP","floor":14},{"not_picked":["Rainbow","Electrodynamics"],"picked":"Echo Form","floor":16}],"player_experience":1254746,"relics_obtained":[{"floor":6,"key":"Blue Candle"},{"floor":9,"key":"Strawberry"},{"floor":10,"key":"PreservedInsect"},{"floor":12,"key":"Bag of Marbles"},{"floor":14,"key":"Kunai"}],"event_choices":[{"damage_healed":0,"gold_gain":75,"player_choice":"Gather Gold","damage_taken":11,"max_hp_gain":0,"max_hp_loss":0,"event_name":"World of Goop","floor":7,"gold_loss":0}],"is_beta":false,"boss_relics":[{"not_picked":["Runic Dome","Coffee Dripper"],"picked":"Velvet Choker"}],"items_purged_floors":[],"is_endless":false,"potions_floor_spawned":[3,8,13,14],"killed_by":"Shell Parasite","ascension_level":9}}