{"host":"1pwde2j81wdvsae3","time":1610942875,"event":{"mods":["BaseMod","Minty Spire (QoL Compilation)","Replay The Spire","Shop Mod","StSLib"],"gold_per_floor":[113,124,124,134,154,182,182,1,1,1,32,43,43,77,77,151,151,170,180,239,239,259,259,274,274,274,274,288,268,299,319,319,391,391,407,407,19,19,19],"floor_reached":38,"language":"ZHS","playtime":1774,"items_purged":[],"score":725,"play_id":"a0ec7a3f-3a5e-4a30-955b-07f3298fb8ac","local_time":"20210118120755","is_ascension_mode":true,"campfire_choices":[{"floor":7.0,"key":"REST"},{"floor":10.0,"key":"REST"},{"floor":15.0,"key":"REST"},{"floor":23.0,"key":"REST"},{"data":"Bash","floor":25,"key":"SMITH"},{"floor":32,"key":"REST"}],"circlet_count":0,"master_deck":["AscendersBane","Strike_R","Strike_R","Strike_R","Strike_R","Strike_R","Defend_R","Defend_R","Defend_R","Defend_R","Bash+1","Pot Of Greed","Perfected Strike","Pot Of Greed","Warcry","Rage","Inflame","Impervious","True Grit+1","Sword Boomerang","Twin Strike","Wild Strike","Demon Form","Fire Breathing","Wild Strike","Shrug It Off","Flex+1","ReplayReversal+1","Hemokinesis","Thunderclap","Wild Strike","Exhume","Evolve+1","Dark Embrace"],"relics":["Burning Blood","Grinning Jar","Pondfish Scales","HandDrill","TungstenRod","Mango","Mirror","Velvet Choker","Centennial Puzzle","Peace Pipe","ReplayTheSpireMod:Ninjato","StoneCalendar","Honey Jar","Dead Branch"],"acts_visited":["TheCity","TheBeyond"],"potions_floor_usage":[38,38],"damage_taken":[{"damage":5.0,"enemies":"Cultist","floor":1.0,"turns":5.0},{"damage":7.0,"enemies":"Small Slimes","floor":2.0,"turns":4.0},{"damage":10.0,"enemies":"2 Louse","floor":4.0,"turns":3.0},{"damage":24.0,"enemies":"Exordium Thugs","floor":5.0,"turns":4.0},{"damage":32.0,"enemies":"3 Sentries","floor":6.0,"turns":9.0},{"damage":18.0,"enemies":"Lagavulin","floor":11.0,"turns":6.0},{"damage":0.0,"enemies":"2 Fungi Beasts","floor":12.0,"turns":4.0},{"damage":26.0,"enemies":"Gremlin Nob","floor":14.0,"turns":4.0},{"damage":43.0,"enemies":"Fading Forest","floor":16.0,"turns":11.0},{"damage":8.0,"enemies":"Chosen","floor":18.0,"turns":4.0},{"damage":20.0,"enemies":"Spheric Guardian","floor":19.0,"turns":4.0},{"damage":9.0,"enemies":"3 Cultists","floor":22.0,"turns":5.0},{"damage":13.0,"enemies":"Centurion and Healer","floor":24.0,"turns":5.0},{"damage":12,"enemies":"Chosen and Byrds","floor":28,"turns":6},{"damage":23,"enemies":"Gremlin Leader","floor":30,"turns":6},{"damage":7,"enemies":"Snake Plant","floor":31,"turns":4},{"damage":30,"enemies":"Champ","floor":33,"turns":8},{"damage":22,"enemies":"Orb Walker","floor":35,"turns":4},{"damage":59,"enemies":"2 Orb Walkers","floor":38,"turns":3}],"seed_played":"-7594431472781272851","potions_obtained":[{"floor":2.0,"key":"CultistPotion"},{"floor":3.0,"key":"CultistPotion"},{"floor":18.0,"key":"LiquidMemories"},{"floor":20.0,"key":"Venom Potion"},{"floor":24.0,"key":"Reflective Coating"}],"is_trial":false,"path_per_floor":["M","M","?","M","M","E","R","$","T","R","E","M","?","E","R","B",null,"M","M","?","?","M","R","M","R","T","?","M","?","E","M","R","B",null,"M","?","$","?"],"character_chosen":"IRONCLAD","items_purchased":["HandDrill","True Grit+1","Dead Branch","Dark Embrace"],"campfire_rested":5,"item_purchase_floors":[8,8,37,37],"current_hp_per_floor":[69,68,68,64,46,20,42,42,42,64,66,72,72,52,78,47,79,77,63,35,35,32,58,51,51,51,51,45,45,28,27,53,29,74,58,58,58,0,0],"gold":19,"neow_bonus":"RANDOM_COMMON_RELIC","is_daily":false,"chose_seed":false,"campfire_upgraded":1,"win_rate":0.0,"timestamp":1610942875,"path_taken":["M","?","?","M","M","E","R","$","T","R","E","?","?","E","R","BOSS","M","M","?","?","M","R","?","R","T","?","M","?","E","M","R","BOSS","M","?","$","?"],"items_purchased_type":["Relic","Card","Relic","Card"],"build_version":"2020-12-22","purchased_purges":0,"victory":false,"max_hp_per_floor":[75,75,75,75,75,75,75,75,75,75,89,89,89,89,89,89,89,89,89,89,89,89,89,89,89,89,89,89,89,89,89,89,89,89,89,89,89,89,89],"card_choices":[{"not_picked":["Wild Strike","Thunderclap"],"picked":"Perfected Strike","floor":1.0},{"not_picked":["True Grit","Sword Boomerang"],"picked":"Warcry","floor":2.0},{"not_picked":["Dual Wield","Thunderclap"],"picked":"Rage","floor":4.0},{"not_picked":["Shockwave","Pummel"],"picked":"Inflame","floor":5.0},{"not_picked":["Flame Barrier","Disarm"],"picked":"Impervious","floor":6.0},{"not_picked":["Run Through","Clash"],"picked":"Sword Boomerang","floor":11.0},{"not_picked":["Heavy Blade","Sentinel"],"picked":"Twin Strike","floor":12.0},{"not_picked":["Run Through","Shockwave"],"picked":"Wild Strike","floor":14.0},{"not_picked":["Fiend Fire","Demonic Infusion"],"picked":"Demon Form","floor":16.0},{"not_picked":["Ghostly Armor","Sword Boomerang"],"picked":"Fire Breathing","floor":18.0},{"not_picked":["Perfected Strike","Dropkick"],"picked":"Wild Strike","floor":19.0},{"not_picked":["Burning Pact","Iron Wave"],"picked":"Shrug It Off","floor":20.0},{"not_picked":["Flame Barrier","Clash"],"picked":"Flex+1","floor":22.0},{"not_picked":["Anger","Body Slam+1"],"picked":"ReplayReversal+1","floor":24.0},{"not_picked":["Brutality","Body Slam"],"picked":"Hemokinesis","floor":28},{"not_picked":["Berserk","Abandon"],"picked":"Thunderclap","floor":30},{"not_picked":["Replay:Undeath\u0027s Touch","Perfected Strike"],"picked":"Wild Strike","floor":31},{"not_picked":["Bludgeon","Impervious"],"picked":"Exhume","floor":33},{"not_picked":["Inflame","Havoc+1","Armaments"],"picked":"Evolve+1","floor":35}],"player_experience":220568,"relics_obtained":[{"floor":6.0,"key":"Pondfish Scales"},{"floor":9.0,"key":"TungstenRod"},{"floor":11.0,"key":"Mango"},{"floor":14.0,"key":"Mirror"},{"floor":20.0,"key":"Centennial Puzzle"},{"floor":26,"key":"ReplayTheSpireMod:Ninjato"},{"floor":30,"key":"StoneCalendar"}],"event_choices":[{"damage_healed":0.0,"max_hp_gain":0.0,"max_hp_loss":0.0,"gold_gain":0.0,"event_name":"Lab","player_choice":"Got Potions","floor":3.0,"gold_loss":0.0,"damage_taken":0.0},{"damage_healed":0.0,"max_hp_gain":0.0,"max_hp_loss":0.0,"gold_gain":0.0,"event_name":"Purifier","player_choice":"Ignored","floor":13.0,"gold_loss":0.0,"damage_taken":0.0},{"damage_healed":0.0,"max_hp_gain":0.0,"max_hp_loss":0.0,"gold_gain":0.0,"event_name":"WeMeetAgain","player_choice":"Gave Potion","floor":21.0,"gold_loss":0.0,"damage_taken":0.0,"relics_obtained":["Peace Pipe"]},{"damage_healed":0,"gold_gain":0,"player_choice":"Ignored","damage_taken":0,"max_hp_gain":0,"max_hp_loss":0,"event_name":"Ghosts","floor":27,"gold_loss":0},{"damage_healed":0,"gold_gain":0,"player_choice":"Bought 1 Potion","damage_taken":0,"max_hp_gain":0,"max_hp_loss":0,"event_name":"The Woman in Blue","floor":29,"gold_loss":0},{"cards_removed":["Pot Of Greed"],"damage_healed":0,"gold_gain":0,"player_choice":"Removed Skill","damage_taken":0,"max_hp_gain":0,"max_hp_loss":0,"event_name":"Falling","floor":36,"gold_loss":0},{"damage_healed":0,"gold_gain":0,"player_choice":"Fight","damage_taken":0,"max_hp_gain":0,"max_hp_loss":0,"event_name":"Mysterious Sphere","floor":38,"gold_loss":0}],"is_beta":false,"boss_relics":[{"not_picked":["Pandora\u0027s Box","Coffee Dripper"],"picked":"Velvet Choker"},{"not_picked":["Sozu","Kintsugi"],"picked":"Honey Jar"}],"items_purged_floors":[],"is_endless":false,"potions_floor_spawned":[2,11,14,18,24,30],"killed_by":"2 Orb Walkers","ascension_level":15}}