{"host":"h3vysik1bw5w0dm6","time":1610967241,"event":{"mods":["AchievementEnabler","Aspiration","BaseMod","Better Note","Better Sensory Stone","Better Vampires","BetterRewards","Colored Powertips","Conspire","Downfall","Friendly Minions","Googly Eyes","Gremlin Skip","Halation","Infinite Spire","Minty Spire (QoL Compilation)","Quick Restart","Shop Mod","StSLib"],"gold_per_floor":[114,114,45,45,45,45,70,80,158,174,189,207,207,220,220,323,323,343,362,375,375,394,424,424,424,424,436,459,459,51,51,51,51,51],"floor_reached":33,"language":"ENG","playtime":1423,"items_purged":[],"score":267,"play_id":"68b72705-30ca-4990-a58e-41b3af93b62b","local_time":"20210118115401","is_ascension_mode":false,"campfire_choices":[{"floor":13.0,"key":"REST"},{"data":"Choke","floor":15.0,"key":"SMITH"},{"data":"Cloak And Dagger","floor":25,"key":"SMITH"},{"data":"Accuracy","floor":32,"key":"SMITH"}],"circlet_count":0,"master_deck":["Strike_G","Strike_G","Strike_G","Strike_G","Strike_G","Defend_G","Defend_G","Defend_G","Defend_G","Defend_G","Survivor","Neutralize+1","Cloak And Dagger+1","Choke+1","Injury","Backflip","Backflip","Backstab","Adrenaline+1","Deadly Poison+1","Cloak And Dagger+1","Accuracy+1","Adrenaline+1"],"relics":["Ring of the Snake","halation:PinkSoulGem","halation:SelfBoilingWater","Akabeko","champ:DuelingGlove","Ninja Scroll","SlaversCollar","infinitespire:PuzzleCube","aspiration:Nostalgia","Slimebound:AbsorbEndCombat","Bag of Preparation","Boot","Singing Bowl","DollysMirror"],"acts_visited":["Exordium","TheCity"],"potions_floor_usage":[23,23],"damage_taken":[{"damage":4.0,"enemies":"Jaw Worm","floor":1.0,"turns":5.0},{"damage":24.0,"enemies":"Gremlin Nob","floor":7.0,"turns":4.0},{"damage":0.0,"enemies":"conspire:RoseBush","floor":8.0,"turns":2.0},{"damage":0.0,"enemies":"infinitespire:Voidling","floor":10.0,"turns":2.0},{"damage":8.0,"enemies":"Large Slime","floor":11.0,"turns":5.0},{"damage":0.0,"enemies":"Exordium Thugs","floor":12.0,"turns":5.0},{"damage":0.0,"enemies":"Exordium Wildlife","floor":14.0,"turns":2.0},{"damage":20.0,"enemies":"The Guardian","floor":16.0,"turns":12.0},{"damage":2,"enemies":"conspire:FuzzyDice","floor":18,"turns":8},{"damage":9,"enemies":"Chosen","floor":19,"turns":4},{"damage":0,"enemies":"Snecko","floor":20,"turns":2},{"damage":1,"enemies":"Cultist and Chosen","floor":22,"turns":4},{"damage":6,"enemies":"conspire:Head Lice","floor":23,"turns":8},{"damage":0,"enemies":"Shelled Parasite and Fungi","floor":27,"turns":1},{"damage":57,"enemies":"Automaton","floor":33,"turns":6}],"seed_played":"-7867025472727076185","potions_obtained":[{"floor":7.0,"key":"Ancient Potion"},{"floor":11.0,"key":"Regen Potion"},{"floor":12.0,"key":"bronze:BurnAndBuffPotion"},{"floor":14.0,"key":"PowerPotion"},{"floor":16.0,"key":"SkillPotion"},{"floor":22,"key":"SteroidPotion"}],"is_trial":true,"path_per_floor":["M","?","$","?","?","?","E","M","T","M","M","M","R","M","R","B",null,"M","M","M","?","M","E","AVR","R","T","M","T","?","$","?","R","B"],"character_chosen":"THE_SILENT","items_purchased":["Choke","Singing Bowl","DollysMirror"],"campfire_rested":1,"item_purchase_floors":[3,30,30],"current_hp_per_floor":[66,66,66,66,59,59,35,35,35,35,27,39,60,60,60,40,70,68,59,59,59,58,52,52,52,52,52,52,52,52,52,52,0,0],"gold":51,"neow_bonus":"","is_daily":false,"chose_seed":false,"campfire_upgraded":3,"win_rate":0.0,"timestamp":1610967241,"path_taken":["M","?","$","?","?","?","E","?","T","M","M","M","R","M","R","BOSS","M","M","M","?","M","E","AVR","R","T","M","?","?","$","?","R","BOSS"],"items_purchased_type":["Card","Relic","Relic"],"build_version":"2020-12-22","purchased_purges":0,"victory":false,"max_hp_per_floor":[70,70,70,70,70,70,70,70,70,70,70,70,70,70,70,70,70,70,70,70,70,70,70,70,70,70,70,70,70,70,70,70,70,70],"card_choices":[{"not_picked":["Underhanded Strike","Footwork"],"picked":"Cloak And Dagger","floor":1.0},{"not_picked":["Underhanded Strike","Malaise"],"picked":"Backflip","floor":7.0},{"not_picked":["Terror","Dodge and Roll","Finisher"],"picked":"SKIP","floor":8.0},{"not_picked":["Outmaneuver","Noxious Fumes","Blur"],"picked":"SKIP","floor":10.0},{"not_picked":["Acrobatics","Heel Hook"],"picked":"Backflip","floor":11.0},{"not_picked":["Poisoned Stab","Riddle With Holes","Calculated Gamble"],"picked":"SKIP","floor":12.0},{"not_picked":["PiercingWail","Blur","Masterful Stab"],"picked":"SKIP","floor":14.0},{"not_picked":["Expertise","Terror","Choke"],"picked":"SKIP","floor":18},{"not_picked":["Quick Slash","Setup","Prepared"],"picked":"SKIP","floor":19},{"not_picked":["Choke","Dodge and Roll+1"],"picked":"Backstab","floor":20},{"not_picked":["Catalyst","Crippling Poison","Underhanded Strike"],"picked":"SKIP","floor":22},{"not_picked":["Slice","All Out Attack"],"picked":"Deadly Poison+1","floor":23},{"not_picked":["Deadly Poison+1","PiercingWail"],"picked":"Cloak And Dagger+1","floor":27}],"player_experience":397273,"relics_obtained":[{"floor":7.0,"key":"champ:DuelingGlove"},{"floor":9.0,"key":"Ninja Scroll"},{"floor":23,"key":"infinitespire:PuzzleCube"},{"floor":26,"key":"Bag of Preparation"},{"floor":28,"key":"Boot"}],"event_choices":[{"damage_healed":0.0,"max_hp_gain":0.0,"max_hp_loss":0.0,"gold_gain":0.0,"event_name":"Big Fish","player_choice":"Box","floor":4.0,"gold_loss":0.0,"damage_taken":0.0,"relics_obtained":["halation:SelfBoilingWater"],"cards_obtained":["Regret"]},{"damage_healed":0.0,"max_hp_gain":0.0,"max_hp_loss":0.0,"gold_gain":0.0,"event_name":"Scrap Ooze","player_choice":"Success","floor":5.0,"gold_loss":0.0,"damage_taken":7.0,"relics_obtained":["Akabeko"]},{"damage_healed":0.0,"max_hp_gain":0.0,"max_hp_loss":0.0,"gold_gain":0.0,"cards_transformed":["Regret"],"event_name":"Transmorgrifier","player_choice":"Transformed","floor":6.0,"gold_loss":0.0,"damage_taken":0.0,"cards_obtained":["Injury"]},{"cards_removed":["Neutralize"],"damage_healed":0,"gold_gain":0,"player_choice":"Take \u0026 Give","damage_taken":0,"max_hp_gain":0,"max_hp_loss":0,"event_name":"betterNote:BetterNote","floor":21,"gold_loss":0,"cards_obtained":["Adrenaline"]},{"damage_healed":0,"gold_gain":0,"player_choice":"Read","damage_taken":0,"max_hp_gain":0,"max_hp_loss":0,"event_name":"The Library","floor":29,"gold_loss":0,"cards_obtained":["Accuracy"]},{"damage_healed":0,"gold_gain":0,"player_choice":"Upgraded","damage_taken":0,"max_hp_gain":0,"max_hp_loss":0,"event_name":"Upgrade Shrine","floor":31,"gold_loss":0,"cards_upgraded":["Neutralize"]}],"is_beta":false,"boss_relics":[{"not_picked":["halation:ForbiddenBikini","halation:LoveArrow"],"picked":"SlaversCollar"}],"items_purged_floors":[],"is_endless":false,"potions_floor_spawned":[7,11,12,14,16,22],"killed_by":"Automaton","ascension_level":0}}