{"host":"baymyijz6sxaqj5s","time":1610976215,"event":{"mods":["AchievementEnabler","BaseMod","Colored Map","Colored Powertips","DeckTracker","Highlight Path","KOR Keyword Fix","Keyboard Shortcuts","Minty Spire (QoL Compilation)","StSLib","SuperFastMode","everything is the same but u backflip on backflip"],"gold_per_floor":[115,190,209,209,220,220,235,335,416,427,41,41,56,67,67,67,67],"floor_reached":16,"language":"KOR","playtime":278,"items_purged":[],"score":103,"play_id":"dc08311c-b28b-44ba-a3a2-d8001f356dfc","local_time":"20210118222335","is_ascension_mode":true,"campfire_choices":[{"data":"Bash","floor":6,"key":"SMITH"},{"floor":12,"key":"REST"},{"floor":15,"key":"REST"}],"circlet_count":0,"master_deck":["Strike_R","Strike_R","Strike_R","Strike_R","Strike_R","Defend_R","Defend_R","Defend_R","Defend_R","Bash+1","Heavy Blade+1","Body Slam","Whirlwind"],"relics":["Burning Blood","Question Card","Bronze Scales","Lantern"],"acts_visited":["Exordium"],"potions_floor_usage":[10,16],"damage_taken":[{"damage":0,"enemies":"Small Slimes","floor":1,"turns":3},{"damage":7,"enemies":"Jaw Worm","floor":3,"turns":4},{"damage":2,"enemies":"2 Louse","floor":5,"turns":2},{"damage":47,"enemies":"Exordium Thugs","floor":7,"turns":10},{"damage":20,"enemies":"2 Fungi Beasts","floor":10,"turns":5},{"damage":6,"enemies":"Blue Slaver","floor":13,"turns":5},{"damage":17,"enemies":"Looter","floor":14,"turns":2},{"damage":71,"enemies":"Slime Boss","floor":16,"turns":7}],"seed_played":"-4543740188938227831","potions_obtained":[{"floor":1,"key":"ElixirPotion"},{"floor":7,"key":"ElixirPotion"},{"floor":10,"key":"Swift Potion"}],"is_trial":false,"path_per_floor":["M","?","M","?","M","R","M","?","T","M","$","R","M","M","R","B"],"character_chosen":"IRONCLAD","items_purchased":["Whirlwind","Bronze Scales","Lantern"],"campfire_rested":2,"item_purchase_floors":[11,11,11],"current_hp_per_floor":[88,77,76,76,80,80,39,39,39,25,25,51,51,40,66,0,0],"gold":67,"neow_bonus":"TEN_PERCENT_HP_BONUS","is_daily":false,"chose_seed":false,"campfire_upgraded":1,"win_rate":0.0,"timestamp":1610976215,"path_taken":["M","?","M","?","M","R","?","?","T","M","$","R","M","M","R","BOSS"],"items_purchased_type":["Card","Relic","Relic"],"build_version":"2020-12-22","purchased_purges":0,"victory":false,"max_hp_per_floor":[88,88,88,88,88,88,88,88,88,88,88,88,88,88,88,88,88],"card_choices":[{"not_picked":["Carnage","Cleave"],"picked":"Heavy Blade","floor":1},{"not_picked":["Warcry","Clothesline","Searing Blow"],"picked":"SKIP","floor":3},{"not_picked":["Power Through","Cleave","Reckless Charge"],"picked":"SKIP","floor":5},{"not_picked":["Carnage","Pommel Strike"],"picked":"Body Slam","floor":7},{"not_picked":["Body Slam","Headbutt","Rage","Metallicize"],"picked":"SKIP","floor":10},{"not_picked":["Body Slam","Combust","Dark Embrace","Wild Strike"],"picked":"SKIP","floor":13},{"not_picked":["Clash","Body Slam","Anger","Rampage"],"picked":"SKIP","floor":14}],"player_experience":51184,"relics_obtained":[{"floor":9,"key":"Question Card"}],"event_choices":[{"damage_healed":0,"gold_gain":75,"player_choice":"Gather Gold","damage_taken":11,"max_hp_gain":0,"max_hp_loss":0,"event_name":"World of Goop","floor":2,"gold_loss":0},{"damage_healed":0,"gold_gain":0,"player_choice":"Grow","damage_taken":0,"max_hp_gain":0,"max_hp_loss":0,"event_name":"Living Wall","floor":4,"gold_loss":0,"cards_upgraded":["Heavy Blade"]},{"damage_healed":0,"gold_gain":100,"player_choice":"Pray","damage_taken":0,"max_hp_gain":0,"max_hp_loss":0,"event_name":"Golden Shrine","floor":8,"gold_loss":0}],"is_beta":false,"boss_relics":[],"items_purged_floors":[],"is_endless":false,"potions_floor_spawned":[1,7,10],"killed_by":"Slime Boss","ascension_level":2}}