{"host":"6wux4armhsntp4yb","time":1610975795,"event":{"mods":["BaseMod","Colored Map","DeckTracker","Minty Spire (QoL Compilation)","Relic Stats"],"gold_per_floor":[111,5,5,23,42,42,69,69,69,104,104,120,152,172,172,246,246,259,24,24,43,43,43,72,72,72,99,118,138,138,38,38,38,38],"floor_reached":33,"language":"JPN","playtime":1987,"items_purged":["Strike_G","Strike_G"],"score":656,"play_id":"b76726f4-980b-4eed-9d83-3999cf779155","local_time":"20210118221635","is_ascension_mode":true,"campfire_choices":[{"data":"Cloak And Dagger","floor":6,"key":"SMITH"},{"floor":8,"key":"REST"},{"data":"Neutralize","floor":11,"key":"SMITH"},{"data":"Venomology","floor":15,"key":"SMITH"},{"data":"Outmaneuver","floor":23,"key":"SMITH"},{"data":"Setup","floor":25,"key":"SMITH"},{"data":"Calculated Gamble","floor":30,"key":"SMITH"},{"data":"Blade Dance","floor":32,"key":"SMITH"}],"circlet_count":0,"master_deck":["AscendersBane","Strike_G","Strike_G","Defend_G","Defend_G","Defend_G","Defend_G","Defend_G+1","Survivor","Neutralize+1","Infinite Blades","Infinite Blades","PiercingWail","PiercingWail","Cloak And Dagger+1","Venomology+1","Leg Sweep+1","Slice","PiercingWail","After Image","Blade Dance+1","Outmaneuver+1","Setup+1","Calculated Gamble+1"],"relics":["WristBlade","Gambling Chip","Pantograph","Nunchaku","Toy Ornithopter","Runic Pyramid","Ancient Tea Set","Anchor","Question Card","War Paint"],"acts_visited":["Exordium","TheCity"],"potions_floor_usage":[7,10,12,13,14,16,16,18,24,24,27,27,29,33,33,33],"damage_taken":[{"damage":7,"enemies":"Small Slimes","floor":1,"turns":4},{"damage":0,"enemies":"Cultist","floor":4,"turns":4},{"damage":0,"enemies":"2 Louse","floor":5,"turns":3},{"damage":26,"enemies":"Gremlin Nob","floor":7,"turns":4},{"damage":4,"enemies":"Lagavulin","floor":10,"turns":7},{"damage":0,"enemies":"Large Slime","floor":12,"turns":4},{"damage":0,"enemies":"3 Sentries","floor":13,"turns":6},{"damage":0,"enemies":"Gremlin Gang","floor":14,"turns":4},{"damage":10,"enemies":"Hexaghost","floor":16,"turns":9},{"damage":2,"enemies":"Spheric Guardian","floor":18,"turns":7},{"damage":0,"enemies":"3 Byrds","floor":21,"turns":7},{"damage":1,"enemies":"Book of Stabbing","floor":24,"turns":5},{"damage":2,"enemies":"Slavers","floor":27,"turns":8},{"damage":6,"enemies":"Centurion and Healer","floor":28,"turns":10},{"damage":0,"enemies":"Shelled Parasite and Fungi","floor":29,"turns":5},{"damage":73,"enemies":"Champ","floor":33,"turns":18}],"seed_played":"-6804168836251333448","potions_obtained":[{"floor":1,"key":"AttackPotion"},{"floor":7,"key":"DistilledChaos"},{"floor":10,"key":"Swift Potion"},{"floor":12,"key":"LiquidMemories"},{"floor":14,"key":"BlessingOfTheForge"},{"floor":21,"key":"Dexterity Potion"},{"floor":27,"key":"Weak Potion"},{"floor":28,"key":"BlessingOfTheForge"}],"is_trial":false,"path_per_floor":["M","$","?","M","M","R","E","R","T","E","R","M","E","M","R","B",null,"M","$","?","M","?","R","E","R","T","E","M","M","R","$","R","B"],"character_chosen":"THE_SILENT","items_purchased":["Infinite Blades","PiercingWail","Ancient Tea Set"],"campfire_rested":1,"item_purchase_floors":[2,2,19],"current_hp_per_floor":[52,52,52,52,52,52,26,45,45,41,41,41,41,46,46,56,64,64,64,64,64,64,64,65,65,65,64,58,63,63,63,63,0,0],"gold":38,"neow_bonus":"BOSS_RELIC","is_daily":false,"chose_seed":false,"campfire_upgraded":7,"win_rate":0.0,"timestamp":1610975795,"path_taken":["M","$","?","M","M","R","E","R","T","E","R","M","E","M","R","BOSS","M","$","?","M","?","R","E","R","T","E","M","?","R","?","R","BOSS"],"items_purchased_type":["Card","Card","Relic"],"build_version":"2020-12-22","purchased_purges":2,"victory":false,"max_hp_per_floor":[66,66,66,66,66,66,66,66,66,66,66,66,66,66,66,66,66,66,66,66,66,66,66,66,66,66,66,66,66,66,66,66,66,66],"relic_stats":{"Nunchaku":[27],"counters":[16,105],"Gambling Chip":[43],"Pantograph":23,"War Paint":["Defend_G","Leg Sweep"],"Question Card":3,"obtain_stats":[{"Nunchaku":10,"Anchor":24,"WristBlade":0,"Gambling Chip":7,"Pantograph":9,"War Paint":27,"Ancient Tea Set":19,"Question Card":26,"Toy Ornithopter":13,"Ring of the Snake":0,"Runic Pyramid":17},{"Nunchaku":5,"Anchor":12,"WristBlade":0,"Gambling Chip":4,"Pantograph":4,"War Paint":13,"Ancient Tea Set":10,"Question Card":12,"Toy Ornithopter":7,"Ring of the Snake":0,"Runic Pyramid":9},{"Nunchaku":22,"Anchor":64,"WristBlade":0,"Gambling Chip":15,"Pantograph":15,"War Paint":72,"Ancient Tea Set":52,"Question Card":64,"Toy Ornithopter":32,"Ring of the Snake":0,"Runic Pyramid":45}],"Toy Ornithopter":15},"card_choices":[{"not_picked":["Bouncing Flask","Calculated Gamble"],"picked":"Infinite Blades","floor":1},{"not_picked":["Acrobatics","Prepared"],"picked":"PiercingWail","floor":4},{"not_picked":["Acrobatics","Bouncing Flask"],"picked":"Cloak And Dagger","floor":5},{"not_picked":["Backflip","Choke"],"picked":"Venomology","floor":7},{"not_picked":["Backflip","Deflect"],"picked":"Leg Sweep","floor":10},{"not_picked":["Prepared","Distraction"],"picked":"Slice","floor":12},{"not_picked":["Dodge and Roll","Bane","Doppelganger"],"picked":"SKIP","floor":13},{"not_picked":["Flechettes","Distraction"],"picked":"PiercingWail","floor":14},{"not_picked":["Die Die Die","Envenom"],"picked":"After Image","floor":16},{"not_picked":["Dagger Spray","Deadly Poison"],"picked":"Blade Dance","floor":18},{"not_picked":["Heel Hook","Dodge and Roll+1"],"picked":"Outmaneuver","floor":21},{"not_picked":["All Out Attack","Sucker Punch","Backflip"],"picked":"SKIP","floor":24},{"not_picked":["Prepared","Acrobatics","Corpse Explosion"],"picked":"Calculated Gamble","floor":27},{"not_picked":["Blade Dance","Predator","Dagger Spray","Dagger Throw"],"picked":"SKIP","floor":28},{"not_picked":["Blade Dance","Predator","Dagger Spray","Dagger Throw"],"picked":"SKIP","floor":28},{"not_picked":["Acrobatics","Expertise","Blade Dance","Underhanded Strike"],"picked":"SKIP","floor":29},{"not_picked":["Acrobatics","Expertise","Blade Dance","Underhanded Strike"],"picked":"SKIP","floor":29}],"player_experience":5802562,"relics_obtained":[{"floor":7,"key":"Gambling Chip"},{"floor":9,"key":"Pantograph"},{"floor":10,"key":"Nunchaku"},{"floor":13,"key":"Toy Ornithopter"},{"floor":24,"key":"Anchor"},{"floor":26,"key":"Question Card"},{"floor":27,"key":"War Paint"}],"event_choices":[{"damage_healed":0,"gold_gain":0,"player_choice":"Ignored","damage_taken":0,"max_hp_gain":0,"max_hp_loss":0,"event_name":"Shining Light","floor":3,"gold_loss":0},{"damage_healed":0,"gold_gain":0,"player_choice":"Ignored","damage_taken":0,"max_hp_gain":0,"max_hp_loss":0,"event_name":"Cursed Tome","floor":20,"gold_loss":0},{"damage_healed":0,"gold_gain":0,"cards_transformed":["Strike_G"],"player_choice":"Transformed","damage_taken":0,"max_hp_gain":0,"max_hp_loss":0,"event_name":"Transmorgrifier","floor":22,"gold_loss":0,"cards_obtained":["Setup"]}],"is_beta":false,"boss_relics":[{"not_picked":["Astrolabe","SlaversCollar"],"picked":"Runic Pyramid"}],"items_purged_floors":[19,31],"is_endless":false,"potions_floor_spawned":[1,7,10,12,14,21,27,28],"killed_by":"Champ","ascension_level":20}}