{"host":"wj6vwlg8bkoql3lv","time":1610993816,"event":{"mods":["BaseMod","Colored Map","Downfall","Hermit","Jorbs\u0027s Wanderer Trilogy","Marisa????????","Minty Spire (QoL Compilation)","StSLib","The Bug Knight","The Cursed","The Disciple","The Hierophant","The Marked","The Runesmith","The Senshi","The Servant 0.9.4"],"gold_per_floor":[109,34,53,53,53,97,129,141,205,297,321,346,358,387,399,510,522,522],"floor_reached":17,"language":"ENG","playtime":1360,"items_purged":["HollowMod:NailStrikeStart"],"score":182,"play_id":"ec78ca2c-ccc1-4df3-8b9f-3f0f8616cd0d","local_time":"20210118181656","is_ascension_mode":false,"campfire_choices":[{"data":"HollowMod:SoulStrike","floor":8,"key":"SMITH"},{"data":"HollowMod:FocusHealStart","floor":13,"key":"SMITH"},{"data":"HollowMod:PureNailStrike","floor":15,"key":"SMITH"}],"circlet_count":0,"master_deck":["HollowMod:NailStrikeStart","HollowMod:NailStrikeStart","HollowMod:NailStrikeStart","HollowMod:QuickDashStart","HollowMod:QuickDashStart","HollowMod:QuickDashStart","HollowMod:QuickDashStart","HollowMod:FocusHealStart+1","HollowMod:PogoStrike","HollowMod:HowlingWraiths","HollowMod:SoulStrike+1","Regret","HollowMod:SiblingsSouls","HollowMod:MonarchWings","HollowMod:FastStrike","HollowMod:PureNailStrike+1","HollowMod:MantisMark","HollowMod:HornetsHelp"],"relics":["HollowMod:VesselMask","NeowsBlessing","MealTicket","MawBank","Regal Pillow","Pen Nib","Black Star"],"acts_visited":["Exordium","TheCity"],"potions_floor_usage":[16,16,16],"damage_taken":[{"damage":0,"enemies":"Cultist","floor":1,"turns":1},{"damage":0,"enemies":"Jaw Worm","floor":3,"turns":1},{"damage":0,"enemies":"Lagavulin","floor":6,"turns":1},{"damage":4,"enemies":"2 Louse","floor":7,"turns":4},{"damage":8,"enemies":"Looter","floor":11,"turns":3},{"damage":10,"enemies":"Blue Slaver","floor":12,"turns":4},{"damage":20,"enemies":"Large Slime","floor":14,"turns":4},{"damage":53,"enemies":"Hexaghost","floor":16,"turns":9}],"seed_played":"-2669414625785235010","potions_obtained":[{"floor":6,"key":"EssenceOfSteel"},{"floor":7,"key":"hexamod:SoulburnPotion"},{"floor":11,"key":"DuplicationPotion"}],"is_trial":false,"path_per_floor":["M","$","M","?","?","E","M","R","T","?","M","M","R","M","R","B",null],"character_chosen":"THE_BUGKNIGHT","items_purchased":[],"campfire_rested":0,"item_purchase_floors":[],"current_hp_per_floor":[75,75,75,72,72,72,75,75,75,75,67,67,67,57,57,14,75,75],"gold":522,"neow_bonus":"THREE_ENEMY_KILL","is_daily":false,"chose_seed":false,"campfire_upgraded":3,"win_rate":0.0,"timestamp":1610993816,"path_taken":["M","$","M","?","?","E","M","R","T","?","M","M","R","M","R","BOSS"],"items_purchased_type":[],"build_version":"2020-12-22","purchased_purges":1,"victory":false,"max_hp_per_floor":[75,75,75,75,75,75,75,75,75,75,75,75,75,75,75,75,75,75],"card_choices":[{"not_picked":["HollowMod:CycloneSlash","HollowMod:MonarchWings"],"picked":"HollowMod:HowlingWraiths","floor":1},{"not_picked":["HollowMod:WraithStrike","HollowMod:ShadowDash"],"picked":"HollowMod:SoulStrike","floor":3},{"not_picked":["HollowMod:NewGlowingWomb","HollowMod:InfectionAssault"],"picked":"HollowMod:SiblingsSouls","floor":6},{"not_picked":["HollowMod:VengefulVoid","HollowMod:DoubleDash"],"picked":"HollowMod:MonarchWings","floor":7},{"not_picked":["HollowMod:SiblingsSouls","HollowMod:Hiveblood"],"picked":"HollowMod:FastStrike","floor":11},{"not_picked":["HollowMod:DoubleDash","HollowMod:DesolateDive"],"picked":"HollowMod:PureNailStrike","floor":12},{"not_picked":["HollowMod:VengefulVoid","HollowMod:CornifersMapStart"],"picked":"HollowMod:MantisMark","floor":14},{"not_picked":["HollowMod:ElderbugsWisdom","HollowMod:VoidDash"],"picked":"HollowMod:HornetsHelp","floor":16}],"player_experience":59042,"relics_obtained":[{"floor":6,"key":"Regal Pillow"},{"floor":9,"key":"Pen Nib"}],"event_choices":[{"damage_healed":0,"gold_gain":0,"player_choice":"Success","damage_taken":3,"relics_obtained":["MealTicket"],"max_hp_gain":0,"max_hp_loss":0,"event_name":"Scrap Ooze","floor":4,"gold_loss":0},{"damage_healed":0,"gold_gain":0,"player_choice":"Box","damage_taken":0,"relics_obtained":["MawBank"],"max_hp_gain":0,"max_hp_loss":0,"event_name":"Big Fish","floor":5,"gold_loss":0,"cards_obtained":["Regret"]},{"damage_healed":0,"gold_gain":80,"player_choice":"Gained Gold","damage_taken":0,"max_hp_gain":0,"max_hp_loss":0,"event_name":"Golden Wing","floor":10,"gold_loss":0}],"is_beta":false,"boss_relics":[{"not_picked":["Empty Cage","Cursed Key"],"picked":"Black Star"}],"items_purged_floors":[2],"is_endless":false,"potions_floor_spawned":[6,7,11,12],"ascension_level":0}}