{"host":"hxua32t82iuyq99n","time":1610997571,"event":{"mods":["AchievementEnabler","BaseMod","Colored Map","Minty Spire (QoL Compilation)","Shop Mod","everything is the same but u backflip on backflip"],"gold_per_floor":[112,129,144,158,172,172,21,21,67,78,153,172,229,243,243,348,348,359,378,76,94,105,105,117,117,164,192,192,74,74,87,87,189,189,204,253,59,0,10,23,23,23,50,60,73,73,87,104,104,104],"floor_reached":51,"language":"ENG","playtime":3259,"items_purged":["Strike_P","Pain"],"score":725,"play_id":"a0c447a7-346c-4b68-80a5-cc644e2757af","local_time":"20210118211931","is_ascension_mode":true,"campfire_choices":[{"data":"WindmillStrike","floor":6,"key":"SMITH"},{"data":"Conclude","floor":8,"key":"SMITH"},{"floor":15,"key":"REST"},{"floor":23,"key":"REST"},{"floor":28,"key":"REST"},{"floor":32,"key":"REST"},{"data":"DevaForm","floor":41,"key":"SMITH"},{"floor":46,"key":"REST"},{"floor":49,"key":"REST"}],"circlet_count":0,"master_deck":["Strike_P","Strike_P","Strike_P","Defend_P+1","Defend_P+1","Eruption","Vigilance","WheelKick","Consecrate","EmptyFist","WindmillStrike+1","BowlingBash","Conclude+1","Scrawl","CutThroughFate","CutThroughFate","Tantrum+1","Vault","ThirdEye","DevaForm+1","Halt","ReachHeaven","SpiritShield","Regret","TalkToTheHand+1","SandsOfTime+1"],"relics":["PureWater","War Paint","Cursed Key","Prayer Wheel","Regal Pillow","The Courier","Enchiridion","Snecko Eye","Unceasing Top","TeardropLocket","Red Mask","Nunchaku"],"acts_visited":["Exordium","TheCity","TheBeyond"],"potions_floor_usage":[21,22,27,33,36,45,50,50],"damage_taken":[{"damage":0,"enemies":"2 Louse","floor":1,"turns":2},{"damage":0,"enemies":"Small Slimes","floor":2,"turns":3},{"damage":2,"enemies":"Jaw Worm","floor":3,"turns":4},{"damage":2,"enemies":"Blue Slaver","floor":4,"turns":3},{"damage":10,"enemies":"2 Fungi Beasts","floor":5,"turns":3},{"damage":0,"enemies":"Red Slaver","floor":10,"turns":2},{"damage":0,"enemies":"Large Slime","floor":12,"turns":2},{"damage":0,"enemies":"Gremlin Gang","floor":14,"turns":3},{"damage":0,"enemies":"Slime Boss","floor":16,"turns":5},{"damage":8,"enemies":"Shell Parasite","floor":18,"turns":4},{"damage":0,"enemies":"3 Byrds","floor":19,"turns":2},{"damage":16,"enemies":"Snake Plant","floor":21,"turns":4},{"damage":20,"enemies":"Shelled Parasite and Fungi","floor":22,"turns":4},{"damage":0,"enemies":"Sentry and Sphere","floor":24,"turns":1},{"damage":69,"enemies":"Book of Stabbing","floor":27,"turns":6},{"damage":0,"enemies":"Snecko","floor":31,"turns":2},{"damage":52,"enemies":"Champ","floor":33,"turns":10},{"damage":0,"enemies":"3 Darklings","floor":35,"turns":3},{"damage":14,"enemies":"2 Orb Walkers","floor":36,"turns":3},{"damage":0,"enemies":"3 Shapes","floor":39,"turns":2},{"damage":0,"enemies":"Jaw Worm Horde","floor":40,"turns":3},{"damage":20,"enemies":"3 Darklings","floor":44,"turns":2},{"damage":13,"enemies":"Maw","floor":45,"turns":6},{"damage":14,"enemies":"Transient","floor":47,"turns":6},{"damage":3,"enemies":"Jaw Worm Horde","floor":48,"turns":3},{"damage":53,"enemies":"Time Eater","floor":50,"turns":8}],"seed_played":"8119606955331337885","potions_obtained":[{"floor":4,"key":"PowerPotion"},{"floor":5,"key":"StancePotion"},{"floor":10,"key":"GamblersBrew"},{"floor":16,"key":"Fruit Juice"},{"floor":22,"key":"Ancient Potion"},{"floor":31,"key":"Ambrosia"},{"floor":35,"key":"SpeedPotion"},{"floor":39,"key":"Fruit Juice"},{"floor":45,"key":"DuplicationPotion"}],"is_trial":false,"path_per_floor":["M","M","M","M","M","R","$","R","T","M","?","M","?","M","R","B",null,"M","M","$","M","M","R","M","?","T","E","R","$","?","M","R","B",null,"M","?","$","?","M","M","R","?","T","M","M","R","M","M","R","B",null],"character_chosen":"WATCHER","items_purchased":["Conclude","Prayer Wheel","ColorlessPotion","TeardropLocket"],"campfire_rested":6,"item_purchase_floors":[7,20,29,37],"current_hp_per_floor":[72,72,70,68,58,58,58,58,58,58,47,47,47,47,68,68,72,64,64,64,48,33,56,56,77,77,8,46,46,30,30,68,16,77,77,63,63,63,63,63,63,63,63,43,35,74,60,57,82,29],"gold":104,"neow_bonus":"TRANSFORM_CARD","is_daily":false,"chose_seed":false,"campfire_upgraded":3,"win_rate":0.0,"timestamp":1610997571,"path_taken":["M","M","M","M","M","R","$","R","T","M","?","M","?","M","R","BOSS","M","M","$","M","M","R","M","?","T","E","R","$","?","M","R","BOSS","M","?","$","?","M","M","R","?","T","M","M","R","?","M","R","BOSS"],"items_purchased_type":["Card","Relic","Potion","Relic"],"build_version":"2020-12-22","purchased_purges":2,"victory":true,"max_hp_per_floor":[72,72,72,72,72,72,72,72,72,72,72,72,72,72,72,72,72,72,72,72,72,77,77,77,77,77,77,77,77,77,77,77,77,77,77,77,77,77,77,77,77,77,77,77,82,82,82,82,82,82],"card_choices":[{"not_picked":["PathToVictory","Wallop"],"picked":"Consecrate","floor":1},{"not_picked":["Halt","FollowUp"],"picked":"EmptyFist","floor":2},{"not_picked":["Crescendo","Indignation"],"picked":"WindmillStrike","floor":3},{"not_picked":["WheelKick","Prostrate","Swivel"],"picked":"SKIP","floor":4},{"not_picked":["FlyingSleeves","FearNoEvil"],"picked":"BowlingBash","floor":5},{"not_picked":["BattleHymn","EmptyMind","Prostrate"],"picked":"SKIP","floor":10},{"not_picked":["MasterReality","FearNoEvil","Conclude"],"picked":"SKIP","floor":12},{"not_picked":["SashWhip","LikeWater","InnerPeace"],"picked":"SKIP","floor":14},{"not_picked":["Omniscience","MasterReality"],"picked":"Scrawl","floor":16},{"not_picked":["BowlingBash","FlyingSleeves"],"picked":"CutThroughFate","floor":18},{"not_picked":["CrushJoints","Prostrate"],"picked":"CutThroughFate","floor":19},{"not_picked":["EmptyMind+1","SashWhip"],"picked":"Tantrum+1","floor":21},{"not_picked":["Consecrate","SashWhip+1","Sanctity+1"],"picked":"SKIP","floor":21},{"not_picked":["Crescendo+1","CutThroughFate"],"picked":"Vault","floor":22},{"not_picked":["SashWhip","CrushJoints+1","Vengeance+1"],"picked":"SKIP","floor":22},{"not_picked":["BattleHymn+1","FlurryOfBlows"],"picked":"ThirdEye","floor":24},{"not_picked":["CutThroughFate","ClearTheMind+1","BowlingBash"],"picked":"SKIP","floor":24},{"not_picked":["Crescendo","Weave"],"picked":"DevaForm","floor":27},{"not_picked":["Evaluate","Conclude"],"picked":"Halt","floor":31},{"not_picked":["Crescendo","FlyingSleeves","EmptyBody"],"picked":"SKIP","floor":31},{"not_picked":["CarveReality+1","ThirdEye+1"],"picked":"ReachHeaven","floor":35},{"not_picked":["Vengeance","ThirdEye","FlurryOfBlows"],"picked":"SKIP","floor":35},{"not_picked":["Crescendo","Nirvana"],"picked":"SpiritShield","floor":39},{"not_picked":["CarveReality+1","Prostrate","CrushJoints"],"picked":"SKIP","floor":39},{"not_picked":["EmptyBody+1","Crescendo+1","FlyingSleeves"],"picked":"SKIP","floor":40},{"not_picked":["Halt","CrushJoints","Crescendo+1"],"picked":"SKIP","floor":40},{"not_picked":["ClearTheMind+1","BowlingBash+1","Fasting2"],"picked":"SKIP","floor":44},{"not_picked":["SashWhip+1","JustLucky","Halt+1"],"picked":"SKIP","floor":44},{"not_picked":["Sanctity","WreathOfFlame","ClearTheMind+1"],"picked":"SKIP","floor":45},{"not_picked":["Pray","Evaluate+1","ThirdEye"],"picked":"SKIP","floor":45},{"not_picked":["SandsOfTime","Crescendo+1"],"picked":"TalkToTheHand+1","floor":47},{"not_picked":["Collect","WreathOfFlame+1","Consecrate"],"picked":"SKIP","floor":47},{"not_picked":["Perseverance","Weave"],"picked":"SandsOfTime+1","floor":48},{"not_picked":["Halt+1","Swivel","DevaForm"],"picked":"SKIP","floor":48}],"player_experience":621367,"relics_obtained":[{"floor":9,"key":"War Paint"},{"floor":26,"key":"Regal Pillow"},{"floor":27,"key":"The Courier"},{"floor":30,"key":"Enchiridion"},{"floor":36,"key":"Unceasing Top"},{"floor":43,"key":"Nunchaku"}],"event_choices":[{"damage_healed":0,"gold_gain":75,"player_choice":"Gather Gold","damage_taken":11,"max_hp_gain":0,"max_hp_loss":0,"event_name":"World of Goop","floor":11,"gold_loss":0},{"damage_healed":0,"gold_gain":57,"player_choice":"Gained Gold","damage_taken":0,"max_hp_gain":0,"max_hp_loss":0,"event_name":"Golden Wing","floor":13,"gold_loss":0},{"damage_healed":25,"gold_gain":0,"player_choice":"Heal","damage_taken":0,"max_hp_gain":0,"max_hp_loss":0,"event_name":"The Library","floor":25,"gold_loss":0},{"damage_healed":0,"gold_gain":0,"player_choice":"Obtained Book","damage_taken":16,"max_hp_gain":0,"max_hp_loss":0,"event_name":"Cursed Tome","floor":30,"gold_loss":0},{"damage_healed":0,"gold_gain":0,"player_choice":"Fight","damage_taken":0,"max_hp_gain":0,"max_hp_loss":0,"event_name":"Mysterious Sphere","floor":36,"gold_loss":0},{"damage_healed":0,"gold_gain":0,"player_choice":"Paid","damage_taken":0,"relics_obtained":["Red Mask"],"max_hp_gain":0,"max_hp_loss":0,"event_name":"Tomb of Lord Red Mask","floor":38,"gold_loss":59},{"cards_removed":["Defend_P"],"damage_healed":0,"gold_gain":0,"player_choice":"Offered Basic","damage_taken":0,"max_hp_gain":0,"max_hp_loss":0,"event_name":"Bonfire Elementals","floor":42,"gold_loss":0}],"is_beta":false,"boss_relics":[{"not_picked":["SlaversCollar","Pandora\u0027s Box"],"picked":"Cursed Key"},{"not_picked":["Velvet Choker","Runic Dome"],"picked":"Snecko Eye"}],"items_purged_floors":[7,29],"is_endless":false,"potions_floor_spawned":[4,5,10,14,16,19,22,31,35,39,45,48],"ascension_level":1}}