{"host":"rylkjufw9dlhr07b","time":1610968137,"event":{"mods":["AchievementEnabler","BaseMod","Better Note","BetterRewards","Hubris","Minty Spire (QoL Compilation)","Quick Restart","Replay The Spire","StSLib"],"gold_per_floor":[116,116,131,67,67,100,112,128,128,156,235,235,252,269,269,340,340,357,20,20,20,20,20,36,55,132,132,132],"floor_reached":27,"language":"FRA","playtime":971,"items_purged":["Strike_R"],"score":424,"play_id":"e367eff9-f3e8-484c-badc-16a682dfa407","local_time":"20210118120857","is_ascension_mode":true,"campfire_choices":[{"data":"Feed","floor":12,"key":"SMITH"},{"floor":15,"key":"REST"},{"floor":23,"key":"REST"}],"circlet_count":0,"master_deck":["AscendersBane","Strike_R","Strike_R","Strike_R","Strike_R","Defend_R+1","Defend_R","Defend_R","Defend_R","Bash","Fire Breathing","Wild Strike","Wild Strike","Warcry","Feel No Pain","Wild Strike","Body Slam","Ghostly Armor","Dark Embrace+1","Shrug It Off","Fire Breathing","Feed+1","Sword Boomerang","Metallicize","Reckless Charge","Barricade","Evolve","Feel No Pain+1","Crow Ritual","Bash","ReplayTheSpireMod:Stacked","Burning Pact"],"relics":["Burning Blood","ReplayTheSpireMod:Lightbulb","Calipers","Ancient Tea Set","Akabeko","MealTicket","Mercury Hourglass","ChewingGum","Paper Frog"],"acts_visited":["Exordium","TheCity"],"potions_floor_usage":[10,13,16,25],"damage_taken":[{"damage":0,"enemies":"2 Louse","floor":1,"turns":2},{"damage":0,"enemies":"Cultist","floor":3,"turns":3},{"damage":40,"enemies":"Replay:BlueRogue","floor":6,"turns":9},{"damage":0,"enemies":"Jaw Worm","floor":7,"turns":3},{"damage":11,"enemies":"Lots of Slimes","floor":8,"turns":4},{"damage":8,"enemies":"Gremlin Nob","floor":10,"turns":3},{"damage":0,"enemies":"Looter","floor":13,"turns":2},{"damage":5,"enemies":"Gremlin Gang","floor":14,"turns":4},{"damage":7,"enemies":"The Guardian","floor":16,"turns":10},{"damage":37,"enemies":"Shell Parasite","floor":18,"turns":4},{"damage":22,"enemies":"2 Thieves","floor":24,"turns":4},{"damage":57,"enemies":"Snecko","floor":25,"turns":7},{"damage":13,"enemies":"Snake Plant","floor":27,"turns":2}],"seed_played":"-8553589601262695278","potions_obtained":[{"floor":3,"key":"BloodPotion"},{"floor":8,"key":"BlessingOfTheForge"},{"floor":10,"key":"BlessingOfTheForge"},{"floor":14,"key":"ElixirPotion"},{"floor":25,"key":"Explosive Potion"}],"is_trial":false,"path_per_floor":["M","?","M","$","?","E","M","M","T","E","T","R","M","M","R","B",null,"M","$","?","?","?","R","M","M","T","M"],"character_chosen":"IRONCLAD","items_purchased":["Fire Breathing","Wild Strike","ReplayTheSpireMod:Lightbulb","Warcry","Feel No Pain","Wild Strike","Calipers","ReplayTheSpireMod:Muscle Training","Dark Embrace+1","Feel No Pain+1","Crow Ritual"],"campfire_rested":2,"item_purchase_floors":[0,0,0,0,0,0,0,0,4,19,19],"current_hp_per_floor":[39,75,75,75,75,41,47,42,42,40,40,40,46,51,74,73,78,47,62,62,39,39,64,48,13,13,0,0],"gold":132,"neow_bonus":"","is_daily":false,"chose_seed":false,"campfire_upgraded":1,"win_rate":0.0,"timestamp":1610968137,"path_taken":["M","?","?","$","?","E","M","M","T","E","?","R","?","M","R","BOSS","M","$","?","?","?","R","M","M","T","M"],"items_purchased_type":["Card","Card","Relic","Card","Card","Card","Relic","Card","Card","Card","Card"],"build_version":"2020-12-22","purchased_purges":1,"victory":false,"max_hp_per_floor":[75,75,75,75,75,75,75,75,75,75,75,75,75,79,79,79,79,79,79,79,84,84,84,84,84,84,84,84],"card_choices":[{"not_picked":["hubris:ReadiedAction","ReplayTheSpireMod:Strike From Hell"],"picked":"Body Slam","floor":1},{"not_picked":["Second Wind","Blood for Blood"],"picked":"Ghostly Armor","floor":3},{"not_picked":["Inflame","hubris:ReadiedAction"],"picked":"Shrug It Off","floor":6},{"not_picked":["Rage","ReplayTheSpireMod:Strike From Hell"],"picked":"Fire Breathing","floor":7},{"not_picked":["Heavy Blade","Flex"],"picked":"Feed","floor":8},{"not_picked":["Brutality","hubris:ReadiedAction"],"picked":"Sword Boomerang","floor":10},{"not_picked":["hubris:ReadiedAction","Iron Wave"],"picked":"Metallicize","floor":13},{"not_picked":["Flame Barrier","Cleave"],"picked":"Reckless Charge","floor":14},{"not_picked":["Demon Form","Berserk"],"picked":"Barricade","floor":16},{"not_picked":["Perfected Strike","Twin Strike"],"picked":"Evolve","floor":18},{"not_picked":["Wild Strike","Life Link"],"picked":"ReplayTheSpireMod:Stacked","floor":24},{"not_picked":["Twin Strike+1","Flex"],"picked":"Burning Pact","floor":25}],"player_experience":541082,"relics_obtained":[{"floor":6,"key":"Ancient Tea Set"},{"floor":9,"key":"Akabeko"},{"floor":10,"key":"MealTicket"},{"floor":11,"key":"Mercury Hourglass"},{"floor":26,"key":"Paper Frog"}],"event_choices":[{"cards_removed":["ReplayTheSpireMod:Muscle Training"],"damage_healed":36,"gold_gain":0,"player_choice":"Offered Uncommon","damage_taken":0,"max_hp_gain":0,"max_hp_loss":0,"event_name":"Bonfire Elementals","floor":2,"gold_loss":0},{"cards_removed":["Feed"],"damage_healed":0,"gold_gain":0,"player_choice":"Give","damage_taken":0,"max_hp_gain":0,"max_hp_loss":0,"event_name":"betterNote:BetterNote","floor":20,"gold_loss":0,"cards_obtained":["Feed"]},{"damage_healed":0,"gold_gain":0,"player_choice":"Shed Blood","damage_taken":28,"max_hp_gain":5,"max_hp_loss":0,"event_name":"Forgotten Altar","floor":21,"gold_loss":0},{"damage_healed":0,"gold_gain":0,"player_choice":"1 cards matched","damage_taken":0,"max_hp_gain":0,"max_hp_loss":0,"event_name":"Match and Keep!","floor":22,"gold_loss":0,"cards_obtained":["Bash"]}],"is_beta":false,"boss_relics":[{"not_picked":["Honey Jar","Kintsugi"],"picked":"ChewingGum"}],"items_purged_floors":[19],"is_endless":false,"potions_floor_spawned":[3,8,10,14,25],"killed_by":"Snake Plant","ascension_level":18}}