{"host":"9tdk3zzhmpo6o3dg","time":1610955388,"event":{"mods":["AchievementEnabler","BaseMod","Downfall","Hermit","Hunter 猎人","Koishi","Marisa（F雨　魔理沙）","Minty Spire (QoL Compilation)","SOS（斯巴达之子）","Shop Mod","StSLib","The Alterego","The Animator","The Cursed","The Hierophant","The Marked","The Servant 0.9.4","WarShipGirlsR/战舰少女R mod","Yuri Mod"],"gold_per_floor":[115,125,138,138,71,102,102,128,128,128,146,156,156,176,176,176,176],"floor_reached":16,"language":"ZHS","playtime":785,"items_purged":[],"score":118,"play_id":"e81b3e30-206e-4da6-b077-6a1e6de0da39","local_time":"20210118153628","is_ascension_mode":true,"campfire_choices":[{"data":"Vigilance","floor":7.0,"key":"SMITH"},{"floor":13,"key":"REST"},{"floor":15,"key":"REST"}],"circlet_count":0,"master_deck":["Strike_P","Strike_P","Defend_P","Defend_P","Defend_P","Eruption+1","Vigilance+1","EmptyFist","FlurryOfBlows","InnerPeace","Weave","Weave","DeusExMachina","LikeWater","Prostrate","Study"],"relics":["PureWater","Omamori","Mummified Hand","Darkstone Periapt"],"acts_visited":["Exordium"],"potions_floor_usage":[14],"damage_taken":[{"damage":2.0,"enemies":"Cultist","floor":1.0,"turns":3.0},{"damage":2.0,"enemies":"Small Slimes","floor":2.0,"turns":2.0},{"damage":17.0,"enemies":"Jaw Worm","floor":3.0,"turns":2.0},{"damage":10.0,"enemies":"Gremlin Nob","floor":6.0,"turns":3.0},{"damage":35.0,"enemies":"3 Sentries","floor":8.0,"turns":8.0},{"damage":8.0,"enemies":"Lots of Slimes","floor":11.0,"turns":3.0},{"damage":3,"enemies":"Gremlin Gang","floor":12,"turns":3},{"damage":22,"enemies":"Exordium Thugs","floor":14,"turns":3},{"damage":19,"enemies":"The Guardian","floor":16,"turns":8}],"seed_played":"8998324608846497791","potions_obtained":[{"floor":3.0,"key":"BlessingOfTheForge"},{"floor":6.0,"key":"FairyPotion"},{"floor":12,"key":"Dexterity Potion"}],"is_trial":false,"path_per_floor":["M","M","M","?","$","E","R","E","T","?","M","M","R","M","R","B"],"character_chosen":"WATCHER","items_purchased":["Weave"],"campfire_rested":2,"item_purchase_floors":[5],"current_hp_per_floor":[49,47,30,30,30,20,20,16,16,16,8,5,26,4,25,6,6],"gold":176,"neow_bonus":"REMOVE_TWO","is_daily":false,"chose_seed":false,"campfire_upgraded":1,"win_rate":0.0,"timestamp":1610955388,"path_taken":["M","M","?","?","$","E","R","E","T","?","M","?","R","M","R","BOSS"],"items_purchased_type":["Card"],"build_version":"2020-12-22","purchased_purges":0,"victory":false,"max_hp_per_floor":[72,72,72,72,72,72,72,72,72,72,72,72,72,72,72,72,72],"card_choices":[{"not_picked":["PathToVictory","ClearTheMind"],"picked":"EmptyFist","floor":1.0},{"not_picked":["Evaluate","Protect"],"picked":"FlurryOfBlows","floor":2.0},{"not_picked":["Protect","ClearTheMind"],"picked":"InnerPeace","floor":3.0},{"not_picked":["Adaptation","Pray"],"picked":"Weave","floor":6.0},{"not_picked":["Conclude","Crescendo"],"picked":"DeusExMachina","floor":8.0},{"not_picked":["Pray","Collect"],"picked":"LikeWater","floor":11.0},{"not_picked":["Crescendo","Sanctity"],"picked":"Prostrate","floor":12},{"not_picked":["SandsOfTime","Evaluate"],"picked":"Study","floor":14}],"player_experience":180161,"relics_obtained":[{"floor":6.0,"key":"Omamori"},{"floor":8.0,"key":"Mummified Hand"},{"floor":9.0,"key":"Darkstone Periapt"}],"event_choices":[{"damage_healed":0.0,"max_hp_gain":0.0,"max_hp_loss":0.0,"gold_gain":0.0,"event_name":"Living Wall","player_choice":"Grow","floor":4.0,"gold_loss":0.0,"damage_taken":0.0,"cards_upgraded":["Eruption"]},{"cards_removed":["Strike_P"],"damage_healed":0.0,"max_hp_gain":0.0,"max_hp_loss":0.0,"gold_gain":0.0,"event_name":"Purifier","player_choice":"Purged","floor":10.0,"gold_loss":0.0,"damage_taken":0.0}],"is_beta":false,"boss_relics":[],"items_purged_floors":[],"is_endless":false,"potions_floor_spawned":[3,6,12],"killed_by":"The Guardian","ascension_level":1}}