{"host":"56ghxnzsglgdq727","time":1610949770,"event":{"mods":["AchievementEnabler","BaseMod","Downfall","Duelist Mod","Minty Spire (QoL Compilation)","Rare Cards Sparkle","StSLib","The Bug Knight","The Exalted","The Senshi","The Wild Card"],"gold_per_floor":[18,18,18,35,35,62,137,152,152,180,180,32,46,46,46,144,144,157,157,1,1,1,1,32,50,50,62,62,62],"floor_reached":28,"language":"ENG","playtime":950,"items_purged":["theDuelist:CurseAging"],"score":342,"play_id":"9a7127c3-b42e-44da-a5d6-68511a3395fb","local_time":"20210118010250","is_ascension_mode":true,"campfire_choices":[{"floor":11.0,"key":"REST"},{"floor":15.0,"key":"REST"},{"floor":23,"key":"REST"}],"circlet_count":0,"master_deck":["theDuelist:BabyDragon+1","theDuelist:CastleWalls","theDuelist:CastleWalls","theDuelist:CaveDragon+1","theDuelist:CaveDragon+1","theDuelist:LesserDragon+1","theDuelist:LesserDragon+1","theDuelist:Sparks","theDuelist:Sparks","theDuelist:YamataDragon+1","theDuelist:GaiaDragonChamp+1","theDuelist:CyberValley+1","theWildCard:PaleRider","theDuelist:LightningDarts","theDuelist:DragonMastery","theDuelist:MetalDragon","theDuelist:GravityLash","theDuelist:CyberEndDragon","theDuelist:GaiaDragonChamp","theDuelist:MetalDragon"],"relics":["theDuelist:MillenniumPuzzle","theDuelist:CardPoolRelic","theDuelist:CardPoolBasicRelic","theDuelist:BoosterPackPoolRelic","theDuelist:CardPoolAddRelic","theDuelist:CardPoolMinusRelic","theDuelist:CardPoolSaveRelic","theDuelist:CardPoolOptionsRelic","theDuelist:MillenniumPrayerbook","theDuelist:BoosterPackTrapEgg","Bottled Lightning","Nunchaku","Bromod:ArcaneGrace","Bronze Scales","Snake Skull","theDuelist:DragonRelic"],"acts_visited":["Exordium","TheCity"],"potions_floor_usage":[18,25,28],"damage_taken":[{"damage":11.0,"enemies":"Jaw Worm","floor":1.0,"turns":4.0},{"damage":1.0,"enemies":"Small Slimes","floor":4.0,"turns":3.0},{"damage":32.0,"enemies":"HollowMod:MossKnight","floor":6.0,"turns":6.0},{"damage":1.0,"enemies":"2 Louse","floor":8.0,"turns":2.0},{"damage":7.0,"enemies":"Gremlin Nob","floor":10.0,"turns":3.0},{"damage":0.0,"enemies":"Large Slime","floor":13.0,"turns":3.0},{"damage":7.0,"enemies":"The Guardian","floor":16.0,"turns":4.0},{"damage":9,"enemies":"Chosen","floor":18,"turns":4},{"damage":23,"enemies":"theDuelist:KaibaA2","floor":24,"turns":6},{"damage":5,"enemies":"2 Thieves","floor":25,"turns":2},{"damage":11,"enemies":"Sentry and Sphere","floor":27,"turns":4},{"damage":29,"enemies":"Book of Stabbing","floor":28,"turns":5}],"seed_played":"-9097853594343458134","potions_obtained":[{"floor":1.0,"key":"Ancient Potion"},{"floor":6.0,"key":"theDuelist:SolderPotionB"},{"floor":10.0,"key":"theDuelist:FreezingPotion"},{"floor":13.0,"key":"PowerPotion"},{"floor":18,"key":"Explosive Potion"},{"floor":25,"key":"theDuelist:BigTributeBottle"}],"is_trial":false,"path_per_floor":["M","?","$","M","?","E","?","M","T","E","R","$","M","$","R","B",null,"M","?","$","?","?","R","E","M","T","M","E"],"character_chosen":"THE_DUELIST","items_purchased":["theDuelist:MetalDragon","Bronze Scales"],"campfire_rested":3,"item_purchase_floors":[12,20],"current_hp_per_floor":[61,61,61,60,60,28,17,16,16,9,33,33,33,33,57,50,73,64,64,64,49,49,74,54,49,49,38,18,18],"gold":62,"neow_bonus":"THREE_RARE_CARDS","is_daily":false,"chose_seed":false,"campfire_upgraded":0,"win_rate":0.0,"timestamp":1610949770,"path_taken":["M","?","$","M","?","E","?","M","T","E","R","$","M","?","R","BOSS","M","?","$","?","?","R","E","M","T","M","E"],"items_purchased_type":["Card","Relic"],"build_version":"2020-12-22","purchased_purges":1,"victory":false,"max_hp_per_floor":[80,80,80,80,80,80,80,80,80,80,80,80,80,80,80,80,80,80,80,80,85,85,85,85,85,85,85,85,85],"card_choices":[{"not_picked":["theDuelist:StardustDragon","theDuelist:Scapegoat"],"picked":"theDuelist:GaiaDragonChamp","floor":0.0},{"not_picked":["theDuelist:BabyDragon","theDuelist:Duoterion","theDuelist:MoltenDestruction","theDuelist:ViceDragon"],"picked":"theDuelist:CyberValley","floor":1.0},{"not_picked":["theDuelist:Earthquake","theDuelist:VeilDarkness","theDuelist:SilverWing","theDuelist:DragonRavine","theDuelist:SuperStridentBlaze"],"picked":"SKIP","floor":4.0},{"not_picked":["theDuelist:BigFire","theDuelist:Hinotama","theDuelist:BattleguardKing","theDuelist:Raigeki"],"picked":"theDuelist:LightningDarts","floor":6.0},{"not_picked":["theDuelist:MadSwordBeast","theDuelist:CurseDragon","theDuelist:SafeZone+1","theDuelist:DragonPiper","theDuelist:LeviaDragon"],"picked":"SKIP","floor":8.0},{"not_picked":["theDuelist:StardustDragon","theDuelist:Lancephorhynchus","theDuelist:CyberDragonInfinity","theDuelist:BlueDuston"],"picked":"theDuelist:DragonMastery","floor":10.0},{"not_picked":["theDuelist:LesserDragon","theDuelist:LavaDragon","theDuelist:TwinBarrelDragon","theDuelist:DefenseZone","theDuelist:CyberDragonNachster"],"picked":"SKIP","floor":13.0},{"not_picked":["theDuelist:StardustDragon","theDuelist:CyberDragonInfinity","theDuelist:BerserkScales","theDuelist:ArmedProtectorDragon"],"picked":"theDuelist:GravityLash","floor":16.0},{"not_picked":["theDuelist:BlackBrutdrago","theDuelist:CyberValley","theDuelist:DarkHorus","theDuelist:MadSwordBeast+1"],"picked":"theDuelist:CyberEndDragon","floor":18},{"not_picked":["theDuelist:BoosterDragon","theDuelist:ExploderDragon","theDuelist:TwinBarrelDragon","theDuelist:CyberDragonDrei"],"picked":"theDuelist:GaiaDragonChamp","floor":24},{"not_picked":["theDuelist:BlackBrutdrago","theDuelist:StarlightRoad+1","theDuelist:BlackPtera","theDuelist:MoltenDestruction","theDuelist:BlackStego+1"],"picked":"SKIP","floor":25},{"not_picked":["theDuelist:Pyrorex","theDuelist:YamataDragon+1","theDuelist:LesserDragon+1","theDuelist:TwinHeadedFire+1"],"picked":"theDuelist:MetalDragon","floor":27}],"player_experience":282585,"relics_obtained":[{"floor":6.0,"key":"theDuelist:BoosterPackTrapEgg"},{"floor":9.0,"key":"Bottled Lightning"},{"floor":10.0,"key":"Nunchaku"},{"floor":24,"key":"Snake Skull"},{"floor":26,"key":"theDuelist:DragonRelic"}],"event_choices":[{"damage_healed":0.0,"max_hp_gain":0.0,"max_hp_loss":0.0,"gold_gain":0.0,"event_name":"Millennium Items","player_choice":"Took item - Received: Millennium Prayerbook","duelist":true,"floor":2.0,"gold_loss":0.0,"damage_taken":0.0},{"damage_healed":0.0,"max_hp_gain":0.0,"max_hp_loss":0.0,"gold_gain":75.0,"event_name":"World of Goop","player_choice":"Gather Gold","floor":7.0,"gold_loss":0.0,"damage_taken":11.0},{"damage_healed":0,"gold_gain":0,"player_choice":"Shed Blood","damage_taken":20,"max_hp_gain":5,"max_hp_loss":0,"event_name":"Forgotten Altar","floor":21,"gold_loss":0},{"damage_healed":0,"gold_gain":0,"player_choice":"Ignored","damage_taken":0,"max_hp_gain":0,"max_hp_loss":0,"event_name":"Vampires","floor":22,"gold_loss":0}],"is_beta":false,"boss_relics":[{"not_picked":["Cursed Key","Fusion Hammer"],"picked":"Bromod:ArcaneGrace"}],"items_purged_floors":[12],"is_endless":false,"potions_floor_spawned":[1,6,10,13,18,25],"killed_by":"Book of Stabbing","ascension_level":8}}