{"host":"f5gffvlv6a66yqkd","time":1610990617,"event":{"mods":["2.2 Compatiblity","Alarm Clock","BaseMod","Colored Map","Custom Start","DeckTracker","Keyboard Shortcuts","Minty Spire (QoL Compilation)","Permanent Neow","Quick Restart","Relic Stats","StSLib","SuperFastMode"],"gold_per_floor":[117,137,155,172,172,172,184,109,109,109,109,128,53,67,67,138,138,151,161,175,175,14,14,14,14],"floor_reached":24,"language":"KOR","playtime":510,"items_purged":["Strike_G"],"score":384,"play_id":"18c5336a-3087-442d-b016-f19b21795b19","local_time":"20210119022337","is_ascension_mode":true,"campfire_choices":[{"data":"Bouncing Flask","floor":6.0,"key":"SMITH"},{"data":"Deadly Poison","floor":11.0,"key":"SMITH"},{"data":"Wraith Form v2","floor":15.0,"key":"SMITH"},{"data":"Tactician","floor":23.0,"key":"SMITH"}],"circlet_count":0,"master_deck":["AscendersBane","Defend_G","Defend_G","Defend_G","Defend_G","Defend_G","Survivor","Neutralize+1","Dagger Spray","Heel Hook","Deadly Poison+1","Bane","Bouncing Flask+1","Acrobatics","Corpse Explosion","Tactician+1","Wraith Form v2+1","Adrenaline","Deflect"],"relics":["Ring of the Snake","Juzu Bracelet","Empty Cage","Lee\u0027s Waffle"],"acts_visited":["Exordium","TheCity"],"potions_floor_usage":[24],"damage_taken":[{"damage":0.0,"enemies":"Cultist","floor":1.0,"turns":4.0},{"damage":0.0,"enemies":"2 Louse","floor":2.0,"turns":2.0},{"damage":2.0,"enemies":"Jaw Worm","floor":3.0,"turns":5.0},{"damage":9.0,"enemies":"Red Slaver","floor":4.0,"turns":4.0},{"damage":1.0,"enemies":"3 Louse","floor":7.0,"turns":4.0},{"damage":0.0,"enemies":"Blue Slaver","floor":12.0,"turns":4.0},{"damage":4.0,"enemies":"Red Slaver","floor":14.0,"turns":4.0},{"damage":28.0,"enemies":"Hexaghost","floor":16.0,"turns":7.0},{"damage":6.0,"enemies":"3 Byrds","floor":18.0,"turns":2.0},{"damage":16.0,"enemies":"Chosen","floor":19.0,"turns":4.0},{"damage":1.0,"enemies":"Snake Plant","floor":20.0,"turns":3.0},{"damage":0.0,"enemies":"Cultist and Chosen","floor":21.0,"turns":1.0},{"damage":77,"enemies":"Gremlin Leader","floor":24,"turns":7}],"seed_played":"1037757817486391833","potions_obtained":[{"floor":7.0,"key":"Block Potion"},{"floor":12.0,"key":"SteroidPotion"},{"floor":14.0,"key":"Poison Potion"},{"floor":18.0,"key":"SmokeBomb"}],"is_trial":false,"path_per_floor":["M","M","M","M","?","R","M","?","T","?","R","M","$","M","R","B",null,"M","M","M","M","$","R","E"],"character_chosen":"THE_SILENT","items_purchased":["Lee\u0027s Waffle"],"campfire_rested":0,"item_purchase_floors":[22],"current_hp_per_floor":[59,59,57,48,48,48,47,47,47,47,47,47,47,43,43,15,53,47,31,30,30,73,73,0,0],"gold":14,"neow_bonus":"UPGRADE_CARD","is_daily":false,"chose_seed":false,"campfire_upgraded":4,"win_rate":0.0,"timestamp":1610990617,"path_taken":["M","M","M","M","?","R","M","?","T","?","R","M","?","M","R","BOSS","M","M","M","M","$","R","E"],"items_purchased_type":["Relic"],"build_version":"2020-12-22","purchased_purges":1,"victory":false,"max_hp_per_floor":[66,66,66,66,66,66,66,66,66,66,66,66,66,66,66,66,66,66,66,66,66,73,73,73,73],"relic_stats":{"Lee\u0027s Waffle":43,"counters":[13,51],"Juzu Bracelet":1,"obtain_stats":[{"Lee\u0027s Waffle":22,"Juzu Bracelet":9,"Empty Cage":17,"Ring of the Snake":0},{"Lee\u0027s Waffle":12,"Juzu Bracelet":5,"Empty Cage":8,"Ring of the Snake":0},{"Lee\u0027s Waffle":44,"Juzu Bracelet":19,"Empty Cage":34,"Ring of the Snake":0}],"Ring of the Snake":[26]},"card_choices":[{"not_picked":["Backflip","Calculated Gamble"],"picked":"Dagger Spray","floor":1.0},{"not_picked":["Underhanded Strike","Terror"],"picked":"Heel Hook","floor":2.0},{"not_picked":["Poisoned Stab","Dodge and Roll"],"picked":"Deadly Poison","floor":3.0},{"not_picked":["Dodge and Roll","Leg Sweep"],"picked":"Bane","floor":4.0},{"not_picked":["Calculated Gamble","Deadly Poison"],"picked":"Acrobatics","floor":7.0},{"not_picked":["Dagger Spray","Dodge and Roll"],"picked":"Tactician","floor":12.0},{"not_picked":["All Out Attack","Poisoned Stab"],"picked":"Wraith Form v2","floor":14.0},{"not_picked":["Burst","Malaise"],"picked":"Adrenaline","floor":16.0},{"not_picked":["Terror","Poisoned Stab","Eviscerate"],"picked":"SKIP","floor":18.0},{"not_picked":["Quick Slash","Dagger Spray+1"],"picked":"Deflect","floor":19.0},{"not_picked":["Blade Dance","Underhanded Strike","Deflect"],"picked":"SKIP","floor":20.0}],"player_experience":1593543,"relics_obtained":[{"floor":9.0,"key":"Juzu Bracelet"}],"event_choices":[{"damage_healed":0.0,"max_hp_gain":0.0,"max_hp_loss":0.0,"gold_gain":0.0,"cards_transformed":["Strike_G"],"event_name":"Living Wall","player_choice":"Change","floor":5.0,"gold_loss":0.0,"damage_taken":0.0,"cards_obtained":["Bouncing Flask"]},{"cards_removed":["Strike_G"],"damage_healed":0.0,"max_hp_gain":0.0,"max_hp_loss":0.0,"gold_gain":0.0,"event_name":"The Cleric","player_choice":"Card Removal","floor":8.0,"gold_loss":75.0,"damage_taken":0.0},{"damage_healed":0.0,"max_hp_gain":0.0,"max_hp_loss":0.0,"gold_gain":0.0,"event_name":"Match and Keep!","player_choice":"1 cards matched","floor":10.0,"gold_loss":0.0,"damage_taken":0.0,"cards_obtained":["Corpse Explosion"]}],"is_beta":false,"boss_relics":[{"not_picked":["Ring of the Serpent","Runic Dome"],"picked":"Empty Cage"}],"items_purged_floors":[13],"is_endless":false,"potions_floor_spawned":[7,12,14,18,19,21],"killed_by":"Gremlin Leader","ascension_level":20}}