{"host":"3j2m8n0ywf988fwb","time":1610946466,"event":{"mods":["2.2 Compatiblity","AchievementEnabler","Aspiration","BaseMod","Bestiary","Better Altar","Better Match","Better Note","Better Sensory Stone","Better Skull","Better Third Choice","CCEM","Colored Map","Colored Powertips","Dark Map","Googly Eyes","Halation","HexUI Lib","Highlight Path","Hubris","Infinite Spire","Jedi Mod","Marked Mod","Mimic Mod","Minty Spire (QoL Compilation)","Random Character Button","Relic Stats","Replay The Spire","Shop Mod","StS++","StSLib","Unceasing Turn Reminder","everything is the same but u backflip on backflip"],"gold_per_floor":[118,133,133,133,144,173,17,45,69,69,69],"floor_reached":10,"language":"ENG","playtime":369,"items_purged":["Strike_R"],"score":91,"play_id":"a7c38bb3-8c0b-455a-b304-b96472a57a06","local_time":"20210117230746","is_ascension_mode":true,"campfire_choices":[],"circlet_count":0,"master_deck":["Strike_R","Strike_R","Strike_R","Strike_R","Defend_R","Defend_R","Defend_R","Defend_R","Bash","StSpp:Turnabout","Inflame","StSpp:Succumb","StSpp:TheBiggerTheyAre","Reckless Charge","Flex"],"relics":["Burning Blood","hubris:Towel","Lantern","Tiny Chest","Darkstone Periapt","CCEMRelics:Barrel"],"acts_visited":["Exordium"],"potions_floor_usage":[2,10],"damage_taken":[{"damage":4,"enemies":"Small Slimes","floor":1,"turns":4},{"damage":7,"enemies":"Jaw Worm","floor":2,"turns":3},{"damage":8,"enemies":"infinitespire:Voidling","floor":5,"turns":4},{"damage":40,"enemies":"Lagavulin","floor":6,"turns":5},{"damage":36,"enemies":"Gremlin Nob","floor":8,"turns":4},{"damage":25,"enemies":"3 Sentries","floor":10,"turns":5}],"seed_played":"6838105360083093130","potions_obtained":[{"floor":1,"key":"Adrenaline Potion"},{"floor":6,"key":"PowerPotion"}],"is_trial":false,"path_per_floor":["M","M","?","?","M","E","$","E","T","E"],"character_chosen":"IRONCLAD","items_purchased":["Reckless Charge"],"campfire_rested":0,"item_purchase_floors":[7],"current_hp_per_floor":[80,79,79,79,77,43,43,13,13,0,0],"gold":69,"neow_bonus":"ONE_RANDOM_RARE_CARD","is_daily":false,"chose_seed":false,"campfire_upgraded":0,"win_rate":0.0,"timestamp":1610946466,"path_taken":["M","M","?","?","M","E","$","E","T","E"],"items_purchased_type":["Card"],"build_version":"2020-12-22","purchased_purges":1,"victory":false,"max_hp_per_floor":[80,80,80,80,80,80,80,80,80,80,80],"relic_stats":{"Darkstone Periapt":0,"counters":[6,25],"Tiny Chest":0,"obtain_stats":[{"Darkstone Periapt":8,"CCEMRelics:Barrel":9,"Lantern":4,"Tiny Chest":6,"hubris:Towel":3,"Burning Blood":0},{"Darkstone Periapt":5,"CCEMRelics:Barrel":5,"Lantern":2,"Tiny Chest":4,"hubris:Towel":2,"Burning Blood":0},{"Darkstone Periapt":20,"CCEMRelics:Barrel":20,"Lantern":7,"Tiny Chest":16,"hubris:Towel":7,"Burning Blood":0}],"Burning Blood":28},"card_choices":[{"not_picked":["Thunderclap","Infernal Blade"],"picked":"Inflame","floor":1},{"not_picked":["Havoc","Body Slam"],"picked":"StSpp:Succumb","floor":2},{"not_picked":["hubris:ReadiedAction","Flame Barrier"],"picked":"StSpp:TheBiggerTheyAre","floor":5},{"not_picked":["jedi:collectorstrike","Havoc","hubris:ReadiedAction"],"picked":"SKIP","floor":6},{"not_picked":["Sever Soul","StSpp:Succumb"],"picked":"Flex","floor":8}],"player_experience":753760,"relics_obtained":[{"floor":4,"key":"Lantern"},{"floor":6,"key":"Tiny Chest"},{"floor":8,"key":"Darkstone Periapt"},{"floor":9,"key":"CCEMRelics:Barrel"}],"event_choices":[{"damage_healed":0,"gold_gain":0,"player_choice":"Relic","damage_taken":0,"max_hp_gain":0,"max_hp_loss":0,"event_name":"Wheel of Change","floor":4,"gold_loss":0}],"is_beta":false,"boss_relics":[],"items_purged_floors":[7],"is_endless":false,"potions_floor_spawned":[1,6],"killed_by":"3 Sentries","ascension_level":4}}