{"host":"1pwde2j81wdvsae3","time":1610941054,"event":{"mods":["BaseMod","Minty Spire (QoL Compilation)","Replay The Spire","Shop Mod","StSLib"],"gold_per_floor":[115,115,134,134,209,239,239,12,12,30,30,45,61,11,11,85,85,98,116,18,0,12,12,12,12,81,91,280,280,280],"floor_reached":29,"language":"ZHS","playtime":953,"items_purged":["Pain"],"score":390,"play_id":"be40402e-01b5-43a7-92b6-f6277643ff45","local_time":"20210118113734","is_ascension_mode":true,"campfire_choices":[{"floor":7.0,"key":"REST"},{"data":"ReplayTheSpireMod:Muscle Training","floor":11.0,"key":"SMITH"},{"floor":23,"key":"REST"},{"data":"Corruption","floor":25,"key":"SMITH"}],"circlet_count":0,"master_deck":["AscendersBane","Strike_R","Strike_R","Strike_R","Strike_R","Strike_R","Defend_R","Defend_R","Defend_R","Defend_R","Bash+1","Rage","ReplayTheSpireMod:Muscle Training+1","Entrench","Immolate","Feel No Pain","Ghostly Armor","Sword Boomerang","Armaments","Armaments","Corruption+1","Headbutt","Perfected Strike","Anger","Thunderclap","Writhe","Rampage","Flex"],"relics":["Black Blood","Pen Nib","Ancient Tea Set","ReplayFunnel","Pantograph","WarpedTongs","Ornamental Fan","Bottled Flame"],"acts_visited":["TheCity"],"potions_floor_usage":[16,29],"damage_taken":[{"damage":8.0,"enemies":"Jaw Worm","floor":1.0,"turns":4.0},{"damage":0.0,"enemies":"Small Slimes","floor":3.0,"turns":3.0},{"damage":33.0,"enemies":"Replay:BlueRogue","floor":6.0,"turns":5.0},{"damage":2.0,"enemies":"Cultist","floor":10.0,"turns":3.0},{"damage":1,"enemies":"Red Slaver","floor":12,"turns":2},{"damage":8,"enemies":"Large Slime","floor":13,"turns":5},{"damage":46,"enemies":"Slime Boss","floor":16,"turns":11},{"damage":16,"enemies":"3 Byrds","floor":18,"turns":5},{"damage":35,"enemies":"Shell Parasite","floor":19,"turns":8},{"damage":25,"enemies":"Sentry and Sphere","floor":22,"turns":7},{"damage":27,"enemies":"Chosen and Byrds","floor":27,"turns":5},{"damage":4,"enemies":"Snake Plant","floor":29,"turns":3}],"seed_played":"3107226527961871925","potions_obtained":[{"floor":1.0,"key":"PowerPotion"},{"floor":10.0,"key":"BlessingOfTheForge"},{"floor":27,"key":"FearPotion"}],"is_trial":false,"path_per_floor":["M","?","M","?","?","E","R","$","T","M","R","M","M","$","R","B",null,"M","M","$","?","M","R","?","R","T","M","?","M"],"character_chosen":"IRONCLAD","items_purchased":["Immolate","Feel No Pain","Armaments","Anger"],"campfire_rested":2,"item_purchase_floors":[8,8,14,20],"current_hp_per_floor":[66,66,72,61,50,23,45,45,45,49,49,54,52,52,52,35,65,61,38,38,38,25,47,47,47,47,32,2,0,0],"gold":280,"neow_bonus":"RANDOM_COMMON_RELIC","is_daily":false,"chose_seed":false,"campfire_upgraded":2,"win_rate":0.0,"timestamp":1610941054,"path_taken":["M","?","M","?","?","E","R","$","T","M","R","M","?","?","R","BOSS","M","M","$","?","M","R","?","R","T","M","?","M"],"items_purchased_type":["Card","Card","Card","Card"],"build_version":"2020-12-22","purchased_purges":1,"victory":false,"max_hp_per_floor":[75,75,75,75,75,75,75,75,75,75,75,75,75,75,75,75,75,75,75,75,75,75,75,75,75,75,75,75,75,75],"card_choices":[{"not_picked":["ReplayTheSpireMod:LeadingStrike","Clothesline"],"picked":"Rage","floor":1.0},{"not_picked":["Cleave","Armaments"],"picked":"ReplayTheSpireMod:Muscle Training","floor":3.0},{"not_picked":["Body Slam","True Grit"],"picked":"Entrench","floor":6.0},{"not_picked":["Flame Barrier","Clash"],"picked":"Ghostly Armor","floor":10.0},{"not_picked":["Pommel Strike","Armaments"],"picked":"Sword Boomerang","floor":12},{"not_picked":["Replay:Undeath\u0027s Touch","Warcry"],"picked":"Armaments","floor":13},{"not_picked":["Berserk","Replay:Many Hands"],"picked":"Corruption","floor":16},{"not_picked":["Sword Boomerang+1","True Grit"],"picked":"Headbutt","floor":18},{"not_picked":["Rupture","Sentinel"],"picked":"Perfected Strike","floor":19},{"not_picked":["Burning Pact","ReplayTheSpireMod:Corrosion Curse"],"picked":"Thunderclap","floor":22},{"not_picked":["Clothesline","Abandon"],"picked":"Rampage","floor":27},{"not_picked":["Blood for Blood","Replay:Undeath\u0027s Touch"],"picked":"Flex","floor":28}],"player_experience":219615,"relics_obtained":[{"floor":6.0,"key":"ReplayFunnel"},{"floor":9.0,"key":"Pantograph"},{"floor":26,"key":"Bottled Flame"}],"event_choices":[{"damage_healed":0.0,"max_hp_gain":0.0,"max_hp_loss":0.0,"gold_gain":0.0,"event_name":"Living Wall","player_choice":"Grow","floor":2.0,"gold_loss":0.0,"damage_taken":0.0,"cards_upgraded":["Bash"]},{"damage_healed":0.0,"max_hp_gain":0.0,"max_hp_loss":0.0,"gold_gain":0.0,"event_name":"Scrap Ooze","player_choice":"Success","floor":4.0,"gold_loss":0.0,"damage_taken":11.0,"relics_obtained":["Ancient Tea Set"]},{"damage_healed":0.0,"max_hp_gain":0.0,"max_hp_loss":0.0,"gold_gain":75.0,"event_name":"World of Goop","player_choice":"Gather Gold","floor":5.0,"gold_loss":0.0,"damage_taken":11.0},{"damage_healed":0,"gold_gain":0,"player_choice":"Rummage","damage_taken":0,"relics_obtained":["WarpedTongs"],"max_hp_gain":0,"max_hp_loss":0,"event_name":"Accursed Blacksmith","floor":15,"gold_loss":0,"cards_obtained":["Pain"]},{"damage_healed":0,"gold_gain":0,"player_choice":"Paid Fearfully","damage_taken":0,"max_hp_gain":0,"max_hp_loss":0,"event_name":"Masked Bandits","floor":21,"gold_loss":18},{"damage_healed":0,"gold_gain":0,"player_choice":"Opened","damage_taken":0,"relics_obtained":["Ornamental Fan"],"max_hp_gain":0,"max_hp_loss":0,"event_name":"The Mausoleum","floor":24,"gold_loss":0,"cards_obtained":["Writhe"]}],"is_beta":false,"boss_relics":[{"not_picked":["Empty Cage","Honey Jar"],"picked":"Black Blood"}],"items_purged_floors":[20],"is_endless":false,"potions_floor_spawned":[1,10,13,27],"killed_by":"Snake Plant","ascension_level":15}}