{"host":"pnw33a014vs8wril","time":1610981136,"event":{"mods":["BaseMod","Downfall","Highlight Path","Minty Spire (QoL Compilation)","StSLib"],"gold_per_floor":[112,45,45,45,220,249,249,249,249,283,293,304,330,340,340,436,436,449,145,60,60,73,102,128,128,154,174,192,219,250,265,265,370,370,383,73,73,73,123,123,123,123,123,123,152,0,0,18,18,18],"floor_reached":51,"language":"ENG","playtime":3321,"items_purged":["Doubt"],"score":917,"play_id":"d49bf41d-448a-4e66-9276-fb75fdd50314","local_time":"20210118154536","daily_mods":["Draft","Heirloom","Flight"],"is_ascension_mode":false,"campfire_choices":[{"data":"Hologram","floor":7,"key":"SMITH"},{"data":"Redo","floor":8,"key":"SMITH"},{"data":"Redo","floor":15,"key":"SMITH"},{"data":"Darkness","floor":25,"key":"SMITH"},{"data":"Storm","floor":32,"key":"SMITH"},{"data":"Capacitor","floor":40,"key":"SMITH"},{"data":"Coolheaded","floor":42,"key":"SMITH"},{"data":"Skim","floor":44,"key":"SMITH"},{"data":"Madness","floor":47,"key":"SMITH"},{"data":"Madness","floor":49,"key":"SMITH"}],"circlet_count":0,"master_deck":["Skim+1","Go for the Eyes","BootSequence","Capacitor+1","Redo+1","FTL","Redo+1","Go for the Eyes","Storm+1","FTL+1","Coolheaded+1","Skim+1","White Noise+1","Self Repair","Hologram+1","Scrape","Darkness+1","Heatsinks+1","Echo Form+1","Gash","Machine Learning+1","Hologram+1","Reboot","Coolheaded+1","Force Field+1","Buffer+1","Force Field+1","Self Repair+1","Madness+1","Madness+1","Madness+1","Parasite","Heatsinks+1"],"relics":["Cracked Core","FossilizedHelix","Meat on the Bone","Mango","Frozen Egg 2","Pocketwatch","DataDisk","SlaversCollar","Matryoshka","Kunai","PreservedInsect","Cables","Bottled Flame","Anchor","Lantern","Slimebound:PreparedRelic","Cursed Key","champ:Barbells","Calipers","Oddly Smooth Stone","Symbiotic Virus","Blood Vial","Red Mask"],"acts_visited":["Exordium","TheCity","TheBeyond"],"potions_floor_usage":[28,50,50,50],"damage_taken":[{"damage":0,"enemies":"Jaw Worm","floor":1,"turns":3},{"damage":13,"enemies":"3 Sentries","floor":6,"turns":4},{"damage":4,"enemies":"Gremlin Nob","floor":10,"turns":4},{"damage":0,"enemies":"Small Slimes","floor":11,"turns":3},{"damage":0,"enemies":"Cultist","floor":12,"turns":3},{"damage":9,"enemies":"Lagavulin","floor":13,"turns":4},{"damage":6,"enemies":"Red Slaver","floor":14,"turns":3},{"damage":0,"enemies":"Slime Boss","floor":16,"turns":5},{"damage":0,"enemies":"Spheric Guardian","floor":18,"turns":3},{"damage":19,"enemies":"3 Byrds","floor":22,"turns":5},{"damage":9,"enemies":"Book of Stabbing","floor":23,"turns":4},{"damage":6,"enemies":"Gremlin Leader","floor":24,"turns":4},{"damage":24,"enemies":"Centurion and Healer","floor":27,"turns":5},{"damage":6,"enemies":"3 Cultists","floor":28,"turns":3},{"damage":19,"enemies":"Slavers","floor":29,"turns":5},{"damage":0,"enemies":"Gremlin Leader","floor":30,"turns":5},{"damage":12,"enemies":"Shelled Parasite and Fungi","floor":31,"turns":5},{"damage":29,"enemies":"Automaton","floor":33,"turns":8},{"damage":33,"enemies":"3 Darklings","floor":35,"turns":4},{"damage":0,"enemies":"Mind Bloom Boss Battle","floor":39,"turns":5},{"damage":0,"enemies":"Giant Head","floor":45,"turns":5},{"damage":0,"enemies":"Orb Walker","floor":48,"turns":2},{"damage":0,"enemies":"Time Eater","floor":50,"turns":8}],"seed_played":"3991861032141178709","potions_obtained":[{"floor":1,"key":"PowerPotion"},{"floor":6,"key":"Swift Potion"},{"floor":12,"key":"FearPotion"},{"floor":16,"key":"PotionOfCapacity"},{"floor":24,"key":"EssenceOfDarkness"},{"floor":31,"key":"bronze:BurnAndBuffPotion"}],"is_trial":true,"path_per_floor":["M","$","?","T","?","E","R","R","T","E","M","M","E","M","R","B",null,"M","$","?","?","M","E","E","R","T","M","M","E","E","M","R","B",null,"M","$","?","?","?","R","?","R","T","R","E","?","R","M","R","B",null],"character_chosen":"DEFECT","items_purchased":["Self Repair","Gash","Matryoshka","champ:Barbells","Self Repair+1"],"campfire_rested":0,"item_purchase_floors":[2,19,19,36,36],"current_hp_per_floor":[75,75,75,75,75,83,83,83,83,86,89,89,87,88,88,89,89,89,89,89,89,77,75,76,76,76,59,60,67,67,62,62,59,89,70,70,70,70,89,89,78,78,78,78,89,89,89,89,89,89],"gold":18,"neow_bonus":"","is_daily":false,"chose_seed":false,"campfire_upgraded":10,"win_rate":0.0,"timestamp":1610981136,"path_taken":["M","$","?","?","?","E","R","R","T","E","?","?","E","M","R","BOSS","M","$","?","?","M","E","E","R","T","?","?","E","E","M","R","BOSS","M","$","?","?","?","R","?","R","T","R","E","?","R","?","R","BOSS"],"items_purchased_type":["Card","Card","Relic","Relic","Card"],"build_version":"2020-12-22","purchased_purges":1,"victory":true,"max_hp_per_floor":[75,75,75,75,75,89,89,89,89,89,89,89,89,89,89,89,89,89,89,89,89,89,89,89,89,89,89,89,89,89,89,89,89,89,89,89,89,89,89,89,89,89,89,89,89,89,89,89,89,89],"card_choices":[{"not_picked":["Lockon","Rebound"],"picked":"Skim","floor":0},{"not_picked":["Coolheaded","Cold Snap"],"picked":"Go for the Eyes","floor":0},{"not_picked":["Leap","Ball Lightning"],"picked":"BootSequence","floor":0},{"not_picked":["Tempest","Steam"],"picked":"Capacitor","floor":0},{"not_picked":["Genetic Algorithm","Compile Driver"],"picked":"Redo","floor":0},{"not_picked":["Stack","Static Discharge"],"picked":"FTL","floor":0},{"not_picked":["Barrage","Steam"],"picked":"Redo","floor":0},{"not_picked":["Compile Driver","Ball Lightning"],"picked":"Static Discharge","floor":0},{"not_picked":["Reprogram","Streamline"],"picked":"Go for the Eyes","floor":0},{"not_picked":["White Noise","Lockon"],"picked":"Storm","floor":0},{"not_picked":["Sweeping Beam","Steam Power"],"picked":"FTL","floor":0},{"not_picked":["Steam","Streamline"],"picked":"Coolheaded","floor":0},{"not_picked":["Barrage","BootSequence"],"picked":"Skim","floor":0},{"not_picked":["Compile Driver","Redo"],"picked":"Beam Cell","floor":0},{"not_picked":["Cold Snap","Genetic Algorithm"],"picked":"White Noise","floor":0},{"not_picked":["Sweeping Beam","Steam","Go for the Eyes"],"picked":"SKIP","floor":1},{"not_picked":["Undo","Blizzard"],"picked":"Hologram","floor":6},{"not_picked":["Cold Snap","Skim"],"picked":"Scrape","floor":10},{"not_picked":["Go for the Eyes","Skim","Fusion"],"picked":"SKIP","floor":11},{"not_picked":["Steam Power","Sweeping Beam","Rebound"],"picked":"SKIP","floor":12},{"not_picked":["Rebound","Compile Driver"],"picked":"Darkness","floor":13},{"not_picked":["Coolheaded","Undo"],"picked":"Heatsinks+1","floor":14},{"not_picked":["All For One","Hyperbeam"],"picked":"Echo Form+1","floor":16},{"not_picked":["Doom and Gloom","Go for the Eyes","Turbo+1"],"picked":"SKIP","floor":18},{"not_picked":["Redo+1","BootSequence"],"picked":"Hologram+1","floor":22},{"not_picked":["Streamline","Scrape"],"picked":"Reboot","floor":23},{"not_picked":["Turbo","Rip and Tear+1","Meteor Strike"],"picked":"SKIP","floor":24},{"not_picked":["Go for the Eyes+1","Streamline","Lockon"],"picked":"SKIP","floor":27},{"not_picked":["Force Field","Rip and Tear+1"],"picked":"Coolheaded+1","floor":28},{"not_picked":["Turbo+1","Doom and Gloom","BootSequence"],"picked":"SKIP","floor":29},{"not_picked":["Compile Driver","Static Discharge+1","FTL"],"picked":"SKIP","floor":30},{"not_picked":["Compile Driver","Double Energy"],"picked":"Force Field+1","floor":31},{"not_picked":["Reboot","Amplify"],"picked":"Buffer+1","floor":33},{"not_picked":["Turbo","Compile Driver+1"],"picked":"Force Field","floor":35},{"not_picked":["Secret Technique","Jack Of All Trades"],"picked":"Madness","floor":38},{"not_picked":["Lockon","Go for the Eyes+1"],"picked":"Heatsinks+1","floor":45},{"not_picked":["Chill+1","Beam Cell","Sweeping Beam"],"picked":"SKIP","floor":48}],"player_experience":959919,"relics_obtained":[{"floor":4,"key":"Meat on the Bone"},{"floor":6,"key":"Mango"},{"floor":9,"key":"Frozen Egg 2"},{"floor":10,"key":"Pocketwatch"},{"floor":13,"key":"DataDisk"},{"floor":23,"key":"PreservedInsect"},{"floor":24,"key":"Cables"},{"floor":26,"key":"Bottled Flame"},{"floor":26,"key":"Anchor"},{"floor":29,"key":"Lantern"},{"floor":30,"key":"Slimebound:PreparedRelic"},{"floor":39,"key":"Calipers"},{"floor":43,"key":"Oddly Smooth Stone"},{"floor":43,"key":"Symbiotic Virus"},{"floor":45,"key":"Blood Vial"}],"event_choices":[{"damage_healed":0,"gold_gain":175,"player_choice":"AGREE","damage_taken":0,"max_hp_gain":0,"max_hp_loss":0,"event_name":"Liars Game","floor":5,"gold_loss":0,"cards_obtained":["Doubt"]},{"damage_healed":0,"gold_gain":0,"player_choice":"Obtained Relic","damage_taken":0,"relics_obtained":["Kunai"],"max_hp_gain":0,"max_hp_loss":0,"event_name":"Addict","floor":20,"gold_loss":85},{"damage_healed":0,"gold_gain":0,"cards_transformed":["Static Discharge"],"player_choice":"Transformed","damage_taken":0,"max_hp_gain":0,"max_hp_loss":0,"event_name":"Transmorgrifier","floor":21,"gold_loss":0,"cards_obtained":["Machine Learning"]},{"cards_removed":["Beam Cell"],"damage_healed":0,"gold_gain":0,"player_choice":"Removed Attack","damage_taken":0,"max_hp_gain":0,"max_hp_loss":0,"event_name":"Falling","floor":37,"gold_loss":0},{"damage_healed":0,"gold_gain":0,"player_choice":"Memory 1","damage_taken":0,"max_hp_gain":0,"max_hp_loss":0,"event_name":"SensoryStone","floor":38,"gold_loss":0},{"damage_healed":0,"gold_gain":0,"player_choice":"Fight","damage_taken":0,"max_hp_gain":0,"max_hp_loss":0,"event_name":"MindBloom","floor":39,"gold_loss":0},{"damage_healed":0,"gold_gain":0,"player_choice":"Embrace Madness","damage_taken":11,"max_hp_gain":0,"max_hp_loss":0,"event_name":"Winding Halls","floor":41,"gold_loss":0,"cards_obtained":["Madness","Madness"]},{"damage_healed":0,"gold_gain":0,"player_choice":"Paid","damage_taken":0,"relics_obtained":["Red Mask"],"max_hp_gain":0,"max_hp_loss":0,"event_name":"Tomb of Lord Red Mask","floor":46,"gold_loss":152}],"is_beta":false,"boss_relics":[{"not_picked":["Runic Dome","Velvet Choker"],"picked":"SlaversCollar"},{"not_picked":["Empty Cage","Black Star"],"picked":"Cursed Key"}],"items_purged_floors":[36],"is_endless":false,"potions_floor_spawned":[1,6,12,16,18,24,27,31,45,48],"ascension_level":0}}