{"host":"egwexuw5uvnxf11j","time":1610940996,"event":{"mods":["2.2 Compatiblity","Aspiration","BaseMod","Better Altar","Better Note","Better Sensory Stone","Better Third Choice","Displayed Cursed Tome","Downfall","Hermit","Key Reminder","Koishi","Marisa????????","Minty Spire (QoL Compilation)","Quick Restart","Shade Mod","Spicy Shops","StSLib","The Construct","The Cursed","The Hierophant","The Runesmith","The Senshi","The Servant 0.9.4","Transform Curses"],"gold_per_floor":[112,130,43,55,55,33,33],"floor_reached":6,"language":"ENG","playtime":260,"items_purged":[],"score":43,"play_id":"9752d84b-e51d-432e-8ff9-f1afaba55b26","local_time":"20210117223636","is_ascension_mode":true,"campfire_choices":[],"circlet_count":0,"master_deck":["hierophant:Strike_Hierophant","hierophant:Strike_Hierophant","hierophant:Strike_Hierophant","hierophant:Strike_Hierophant","hierophant:Punish","hierophant:Defend_Hierophant","hierophant:Defend_Hierophant","hierophant:Defend_Hierophant","hierophant:Defend_Hierophant","hierophant:ChurchCoffers","Dramatic Entrance","hierophant:Racketeering","hierophant:RustyCrate","hierophant:Doubloon","hierophant:Doubloon","hierophant:Community","hierophant:Zeal","hierophant:Doubloon","hierophant:Refuge","Regret"],"relics":["hierophant:PropheticMaskRelic","Incense Burner"],"acts_visited":["Exordium"],"potions_floor_usage":[],"damage_taken":[{"damage":0,"enemies":"Small Slimes","floor":1,"turns":1},{"damage":0,"enemies":"2 Louse","floor":2,"turns":2},{"damage":11,"enemies":"Jaw Worm","floor":4,"turns":5},{"damage":65,"enemies":"Lagavulin","floor":6,"turns":9}],"seed_played":"4013178229254920791","potions_obtained":[],"is_trial":false,"path_per_floor":["M","M","$","M","?","E"],"character_chosen":"HIEROPHANT","items_purchased":["hierophant:Community","hierophant:Zeal"],"campfire_rested":0,"item_purchase_floors":[3,3],"current_hp_per_floor":[75,75,75,64,64,0,0],"gold":33,"neow_bonus":"RANDOM_COLORLESS","is_daily":false,"chose_seed":false,"campfire_upgraded":0,"win_rate":0.0,"timestamp":1610940996,"path_taken":["M","M","$","M","?","E"],"items_purchased_type":["Card","Card"],"build_version":"2020-12-22","purchased_purges":0,"victory":false,"max_hp_per_floor":[75,75,75,75,75,75,75],"card_choices":[{"not_picked":["Impatience","Trip"],"picked":"Dramatic Entrance","floor":0},{"not_picked":["hierophant:SealAway","hierophant:Shelter"],"picked":"hierophant:Racketeering","floor":1},{"not_picked":["hierophant:ArchangelShield","hierophant:Shelter"],"picked":"hierophant:RustyCrate","floor":2},{"not_picked":["hierophant:SecretStash","hierophant:EyeForCoin"],"picked":"hierophant:Refuge","floor":4}],"player_experience":2247103,"relics_obtained":[],"event_choices":[{"damage_healed":0,"gold_gain":0,"player_choice":"Box","damage_taken":0,"relics_obtained":["Incense Burner"],"max_hp_gain":0,"max_hp_loss":0,"event_name":"Big Fish","floor":5,"gold_loss":0,"cards_obtained":["Regret"]}],"is_beta":false,"boss_relics":[],"items_purged_floors":[],"is_endless":false,"potions_floor_spawned":[],"killed_by":"Lagavulin","ascension_level":4}}