{"host":"3twtdwjpiqhvvn5s","time":1610972991,"event":{"mods":["AchievementEnabler","Act Like it!","Aspiration","BaseMod","BetterRewards","Colored Map","Colored Powertips","Downfall","Duelist Mod","Friendly Minions","GifTheSpireLib","Hallownest","Hermit","Hubris","Infinite Spire","Jorbs\u0027s Wanderer Trilogy","Koishi","KomeijiMod","Marisa????????","Minty Spire (QoL Compilation)","Random Character Mod","Rare Cards Sparkle","Shop Mod","StSLib","Td1madao Mod","The Administrix","The Animator","The Bug Knight","The Caster","The Cursed","The Disciple","The Hierophant","The Necromancer","The Poker Player","The Runesmith","The Servant 0.9.4","TheFirefly"],"gold_per_floor":[109,28,28,48,48,48,60,80,80,142,202,252,12,26,26,26,26],"floor_reached":16,"language":"ENG","playtime":28621,"items_purged":[],"score":94,"play_id":"7b0fa484-84a1-41ed-94a8-173bbbfc4efc","local_time":"20210118062951","daily_mods":["Binary"],"is_ascension_mode":false,"campfire_choices":[{"data":"champ:EndlessRage","floor":6,"key":"SMITH"},{"floor":15,"key":"REST"}],"circlet_count":0,"master_deck":["thefirefly:Strike","thefirefly:Strike","thefirefly:Strike","thefirefly:Strike","thefirefly:Defend","thefirefly:Defend","thefirefly:Defend+1","thefirefly:Defend","thefirefly:StealthMode","thefirefly:PhotonBlast+1","champ:EndlessRage+1"],"relics":["thefirefly:StealthSystem","Busted Crown","SsserpentHead","HollowMod:PaleOreRelic","Thread and Needle"],"acts_visited":["Exordium"],"potions_floor_usage":[8,10,11,16],"damage_taken":[{"damage":1,"enemies":"Jaw Worm","floor":1,"turns":4},{"damage":4,"enemies":"Cultist","floor":4,"turns":4},{"damage":5,"enemies":"Small Slimes","floor":7,"turns":5},{"damage":5,"enemies":"Looter","floor":8,"turns":5},{"damage":0,"enemies":"Lots of Slimes","floor":10,"turns":4},{"damage":3,"enemies":"3 Louse","floor":11,"turns":4},{"damage":0,"enemies":"2 Fungi Beasts","floor":14,"turns":4},{"damage":42,"enemies":"The Guardian","floor":16,"turns":10}],"seed_played":"8977631710964216099","potions_obtained":[{"floor":4,"key":"GamblersBrew"},{"floor":8,"key":"Energy Potion"},{"floor":10,"key":"AttackPotion"},{"floor":11,"key":"SkillPotion"}],"is_trial":true,"path_per_floor":["M","$","?","M","$","R","M","M","T","M","M","?","$","M","R","B"],"character_chosen":"THE_FIREFLY","items_purchased":["champ:EndlessRage","Thread and Needle"],"campfire_rested":1,"item_purchase_floors":[2,13],"current_hp_per_floor":[54,54,54,50,50,50,45,40,40,40,37,26,26,26,42,0,0],"gold":26,"neow_bonus":"","is_daily":false,"chose_seed":false,"campfire_upgraded":1,"win_rate":0.0,"timestamp":1610972991,"path_taken":["M","$","?","M","$","R","M","M","T","?","?","?","?","M","R","BOSS"],"items_purchased_type":["Card","Relic"],"build_version":"2020-12-22","purchased_purges":0,"victory":false,"max_hp_per_floor":[55,55,55,55,55,55,55,55,55,55,55,55,55,55,55,55,55],"card_choices":[],"player_experience":1816069,"relics_obtained":[{"floor":9,"key":"HollowMod:PaleOreRelic"}],"event_choices":[{"damage_healed":0,"gold_gain":0,"player_choice":"Trade","damage_taken":0,"relics_obtained":["SsserpentHead"],"max_hp_gain":0,"max_hp_loss":0,"event_name":"FaceTrader","floor":3,"gold_loss":0},{"damage_healed":0,"gold_gain":0,"player_choice":"Entered Light","damage_taken":11,"max_hp_gain":0,"max_hp_loss":0,"event_name":"Shining Light","floor":12,"gold_loss":0,"cards_upgraded":["thefirefly:PhotonBlast","thefirefly:Defend"]}],"is_beta":false,"boss_relics":[],"items_purged_floors":[],"is_endless":false,"potions_floor_spawned":[4,8,10,11],"killed_by":"The Guardian","ascension_level":0}}