{"host":"vm3f1ccwgbs4oygt","time":1610992417,"event":{"mods":["BaseMod","BetterRewards","Colored Powertips","Minty Spire (QoL Compilation)","Permanent Neow","Shop Mod","StSLib"],"gold_per_floor":[119,44,58,75,75,108,108,143,143,143,143,160,172,198,198,293,293,293,293],"floor_reached":18,"language":"ENG","playtime":2057,"items_purged":["Strike_R"],"score":198,"play_id":"44877251-3b41-408f-8514-fd9cf4517a1d","local_time":"20210118185337","is_ascension_mode":true,"campfire_choices":[{"floor":7,"key":"RECALL"},{"data":"Disarm","floor":11,"key":"SMITH"},{"data":"Armaments","floor":15,"key":"SMITH"}],"circlet_count":0,"master_deck":["Strike_R","Strike_R","Strike_R","Strike_R","Defend_R","Defend_R","Defend_R","Defend_R","Bash+1","Disarm+1","Clothesline","Shrug It Off","Exhume","Parasite","Flex","Armaments+1","Feed"],"relics":["Burning Blood","Juzu Bracelet","Question Card","Pantograph","Snecko Eye"],"acts_visited":["Exordium","TheCity"],"potions_floor_usage":[6,6,13,16],"damage_taken":[{"damage":2,"enemies":"Small Slimes","floor":1,"turns":5},{"damage":4,"enemies":"Cultist","floor":3,"turns":3},{"damage":5,"enemies":"2 Louse","floor":4,"turns":3},{"damage":29,"enemies":"3 Sentries","floor":6,"turns":9},{"damage":26,"enemies":"Gremlin Nob","floor":8,"turns":5},{"damage":2,"enemies":"Exordium Thugs","floor":12,"turns":4},{"damage":37,"enemies":"Large Slime","floor":13,"turns":10},{"damage":26,"enemies":"Lagavulin","floor":14,"turns":13},{"damage":12,"enemies":"Hexaghost","floor":16,"turns":17},{"damage":91,"enemies":"3 Byrds","floor":18,"turns":5}],"seed_played":"-9022121047901290241","potions_obtained":[{"floor":3,"key":"PowerPotion"},{"floor":4,"key":"Fire Potion"},{"floor":8,"key":"BloodPotion"},{"floor":13,"key":"EssenceOfSteel"},{"floor":16,"key":"Dexterity Potion"}],"is_trial":false,"path_per_floor":["M","$","M","M","?","E","R","E","T","?","R","M","M","E","R","B",null,"M"],"character_chosen":"IRONCLAD","items_purchased":[],"campfire_rested":0,"item_purchase_floors":[],"current_hp_per_floor":[80,80,80,80,72,49,49,29,29,49,49,53,38,18,18,37,80,0,0],"gold":293,"neow_bonus":"UPGRADE_CARD","is_daily":false,"chose_seed":false,"campfire_upgraded":2,"win_rate":0.0,"timestamp":1610992417,"path_taken":["M","$","M","M","?","E","R","E","T","?","R","M","M","E","R","BOSS","M"],"items_purchased_type":[],"build_version":"2020-12-22","purchased_purges":1,"victory":false,"max_hp_per_floor":[80,80,80,80,80,80,80,80,80,80,80,80,80,80,80,80,80,80,80],"card_choices":[{"not_picked":["Pommel Strike","Havoc"],"picked":"Disarm","floor":1},{"not_picked":["Flex","Blood for Blood"],"picked":"Clothesline","floor":3},{"not_picked":["Headbutt","Whirlwind","True Grit"],"picked":"SKIP","floor":4},{"not_picked":["Metallicize","Dual Wield"],"picked":"Shrug It Off","floor":6},{"not_picked":["Dark Embrace","Combust"],"picked":"Exhume","floor":8},{"not_picked":["Clothesline","Thunderclap","Hemokinesis","Second Wind"],"picked":"SKIP","floor":12},{"not_picked":["Clothesline","Burning Pact","Iron Wave"],"picked":"Flex","floor":13},{"not_picked":["Second Wind","Feel No Pain","Twin Strike"],"picked":"Armaments","floor":14},{"not_picked":["Fiend Fire","Double Tap","Corruption"],"picked":"Feed","floor":16}],"player_experience":524443,"relics_obtained":[{"floor":6,"key":"Juzu Bracelet"},{"floor":8,"key":"Question Card"},{"floor":14,"key":"Pantograph"}],"event_choices":[{"damage_healed":0,"gold_gain":0,"player_choice":"Damaged","damage_taken":8,"max_hp_gain":0,"max_hp_loss":0,"event_name":"Wheel of Change","floor":5,"gold_loss":0},{"damage_healed":20,"gold_gain":0,"player_choice":"Healed and dodged fight","damage_taken":0,"max_hp_gain":0,"max_hp_loss":0,"event_name":"Mushrooms","floor":10,"gold_loss":0,"cards_obtained":["Parasite"]}],"is_beta":false,"boss_relics":[{"not_picked":["Mark of Pain","Astrolabe"],"picked":"Snecko Eye"}],"items_purged_floors":[2],"is_endless":false,"potions_floor_spawned":[3,4,8,13,16],"killed_by":"3 Byrds","ascension_level":2}}