{"host":"cmxkjr0hek4mqvmn","time":1610935195,"event":{"mods":["BaseMod","Beaked The Cultist","Better Match","Better Skull","Better Third Choice","BetterRewards","Clawfect","Colored Map","Displayed Cursed Tome","Duelist Mod","GifTheSpireLib","Hermit","Hubris","JesterMod","Mimic Mod","Minty Spire (QoL Compilation)","Quick Restart","Robot Space Explorer","StSLib","The Bladedancer","The Blue Laboratory","The Cursed","Thieving Mod","Waifu the Spire"],"gold_per_floor":[116,116,41,53,228,254,2,31,57,100,100,100,9,36,36,146,146,174,99,99,125,134,134,134,176,201,201,230,266,282,296,296,400,400,412,412,421,434,456,468,481,481,481],"floor_reached":42,"language":"ENG","playtime":2612,"items_purged":["Regret","Doubt"],"score":504,"play_id":"dd900399-9efc-4427-b0df-34716a046ab2","local_time":"20210117205955","is_ascension_mode":true,"campfire_choices":[{"data":"Hyperbeam","floor":12.0,"key":"SMITH"},{"data":"Glacier","floor":15.0,"key":"SMITH"},{"data":"J.A.X.","floor":24.0,"key":"SMITH"},{"floor":32,"key":"REST"}],"circlet_count":0,"master_deck":["Gash","Gash","Gash","Gash","Gash","Defend_B","Defend_B","Defend_B","Defend_B","Hyperbeam+1","Self Repair","Madness","Clawfect:ClawLightning","Clawfect:ClawingBeam","Glacier+1","Clawfect:ClawForTheEyes","Stack","Buffer","Clawfect:ClawAndTear+1","Clawfect:ClawForTheEyes","J.A.X.+1","Echo Form","Clawfect:ClawCell","Genetic Algorithm","Core Surge","Master of Strategy","FTL+1"],"relics":["Clawfect:DRClaw","Bag of Marbles","Omamori","Lee\u0027s Waffle","Ancient Tea Set","Smiling Mask","CeramicFish","hubris:Towel","beaked:MawFillet","WarpedTongs","Eternal Feather","Strawberry","Thread and Needle","Vajra","Velvet Choker"],"acts_visited":["Exordium","TheCity","TheBeyond"],"potions_floor_usage":[29,31,31,31,33,33,40,41,42],"damage_taken":[{"damage":0.0,"enemies":"2 Louse","floor":1.0,"turns":1.0},{"damage":0.0,"enemies":"Small Slimes","floor":4.0,"turns":1.0},{"damage":28.0,"enemies":"Gremlin Nob","floor":6.0,"turns":4.0},{"damage":18.0,"enemies":"3 Sentries","floor":8.0,"turns":3.0},{"damage":31.0,"enemies":"Lagavulin","floor":10.0,"turns":4.0},{"damage":0.0,"enemies":"Cultist","floor":14.0,"turns":1.0},{"damage":37.0,"enemies":"The Guardian","floor":16.0,"turns":8.0},{"damage":5.0,"enemies":"3 Byrds","floor":18.0,"turns":4.0},{"damage":0.0,"enemies":"Chosen","floor":21.0,"turns":6.0},{"damage":12.0,"enemies":"theDuelist:KaibaA2","floor":25.0,"turns":4.0},{"damage":16.0,"enemies":"Snecko","floor":28.0,"turns":5.0},{"damage":50,"enemies":"Slavers","floor":29,"turns":4},{"damage":2,"enemies":"Cultist and Chosen","floor":30,"turns":3},{"damage":10,"enemies":"Shelled Parasite and Fungi","floor":31,"turns":6},{"damage":29,"enemies":"hubris:MusketHawk","floor":33,"turns":6},{"damage":0,"enemies":"3 Darklings","floor":35,"turns":1},{"damage":16,"enemies":"Orb Walker","floor":38,"turns":3},{"damage":39,"enemies":"Spire Growth","floor":39,"turns":6},{"damage":0,"enemies":"Maw","floor":40,"turns":7},{"damage":47,"enemies":"Writhing Mass","floor":41,"turns":6},{"damage":46,"enemies":"Giant Head","floor":42,"turns":7}],"seed_played":"-1957289235846991108","potions_obtained":[{"floor":4.0,"key":"blueLaboratory:AbyssPotion"},{"floor":14.0,"key":"blueLaboratory:NullPotion"},{"floor":16.0,"key":"blueLaboratory:ExaltedPotion"},{"floor":21.0,"key":"Explosive Potion"},{"floor":30,"key":"EntropicBrew"},{"floor":31,"key":"blueLaboratory:ImpenetrablePotion"},{"floor":39,"key":"FocusPotion"},{"floor":40,"key":"Explosive Potion"},{"floor":41,"key":"PotionOfCapacity"}],"is_trial":false,"path_per_floor":["M","?","$","M","?","E","$","E","T","E","?","R","$","M","R","B",null,"M","?","?","M","?","?","R","E","T","?","M","E","M","M","R","B",null,"M","?","?","M","M","M","M","E"],"character_chosen":"DEFECT","items_purchased":["Lee\u0027s Waffle","DuplicationPotion","Clawfect:ClawForTheEyes"],"campfire_rested":1,"item_purchase_floors":[7,13,13],"current_hp_per_floor":[75,75,75,75,75,54,82,64,64,40,40,40,40,40,40,10,82,82,82,82,82,82,82,82,77,84,84,78,35,33,37,75,53,89,89,85,85,79,60,74,41,0,0],"gold":481,"neow_bonus":"ONE_RANDOM_RARE_CARD","is_daily":false,"chose_seed":false,"campfire_upgraded":3,"win_rate":0.0,"timestamp":1610935195,"path_taken":["M","?","$","M","?","E","$","E","T","E","?","R","?","M","R","BOSS","M","?","?","?","?","?","R","E","T","?","M","E","M","M","R","BOSS","M","?","?","M","M","?","M","E"],"items_purchased_type":["Relic","Potion","Card"],"build_version":"2020-12-22","purchased_purges":2,"victory":false,"max_hp_per_floor":[75,75,75,75,75,75,82,82,82,82,82,82,82,82,82,82,82,82,82,82,82,82,82,82,82,89,89,89,89,89,89,89,89,89,89,85,85,85,85,85,85,85,85],"card_choices":[{"not_picked":["Clawfect:ScrapingClaw","Rebound"],"picked":"Self Repair","floor":1.0},{"not_picked":["Turbo","Rebound"],"picked":"FTL","floor":4.0},{"not_picked":["Reprogram","Conserve Battery"],"picked":"Clawfect:ClawLightning","floor":6.0},{"not_picked":["Multi-Cast","Steam Power"],"picked":"Clawfect:ClawingBeam","floor":8.0},{"not_picked":["Double Energy","Fusion"],"picked":"Glacier","floor":10.0},{"not_picked":["Capacitor","Steam"],"picked":"Stack","floor":14.0},{"not_picked":["Meteor Strike","Rainbow"],"picked":"Buffer","floor":16.0},{"not_picked":["Double Energy+1","hubris:PowerSurge"],"picked":"Clawfect:ClawAndTear+1","floor":18.0},{"not_picked":["Leap","Steam Power"],"picked":"Clawfect:ClawForTheEyes","floor":21.0},{"not_picked":["Clawfect:ClawSnap","Static Discharge"],"picked":"Echo Form","floor":25.0},{"not_picked":["Storm","Loop+1"],"picked":"Clawfect:ClawCell","floor":28.0},{"not_picked":["Electrodynamics","Clawfect:Clawter"],"picked":"Genetic Algorithm","floor":29},{"not_picked":["hubris:PowerSurge","Glacier+1","Blizzard"],"picked":"SKIP","floor":30},{"not_picked":["Clawfect:ClawSnap","Coolheaded","Clawfect:ClawAndTear"],"picked":"SKIP","floor":31},{"not_picked":["Buffer","Thunder Strike"],"picked":"Core Surge","floor":33},{"not_picked":["Undo","Turbo","Coolheaded"],"picked":"SKIP","floor":35},{"not_picked":["Chrysalis","Bandage Up"],"picked":"Master of Strategy","floor":37},{"not_picked":["Glacier","Consume+1","Auto Shields"],"picked":"SKIP","floor":38},{"not_picked":["Loop","Clawfect:ClawLightning+1"],"picked":"FTL+1","floor":39},{"not_picked":["Leap+1","Hologram","hubris:PowerSurge"],"picked":"SKIP","floor":40},{"not_picked":["Clawfect:ClawingBeam+1","Clawfect:ClawCell","Clawfect:ClawSnap+1"],"picked":"SKIP","floor":41}],"player_experience":603379,"relics_obtained":[{"floor":6.0,"key":"Omamori"},{"floor":8.0,"key":"Ancient Tea Set"},{"floor":9.0,"key":"Smiling Mask"},{"floor":10.0,"key":"CeramicFish"},{"floor":25.0,"key":"Eternal Feather"},{"floor":26.0,"key":"Strawberry"},{"floor":29,"key":"Vajra"}],"event_choices":[{"damage_healed":0.0,"max_hp_gain":0.0,"max_hp_loss":0.0,"gold_gain":0.0,"event_name":"Big Fish","player_choice":"Box","floor":2.0,"gold_loss":0.0,"damage_taken":0.0,"relics_obtained":["Bag of Marbles"],"cards_obtained":["Regret"]},{"damage_healed":0.0,"max_hp_gain":0.0,"max_hp_loss":0.0,"gold_gain":175.0,"event_name":"betterThird:BetterSerpent","player_choice":"AGREE","floor":5.0,"gold_loss":0.0,"damage_taken":53.0},{"cards_removed":["Defend_B"],"damage_healed":0.0,"max_hp_gain":0.0,"max_hp_loss":0.0,"gold_gain":0.0,"event_name":"Beggar","player_choice":"Gave Gold","floor":19.0,"gold_loss":75.0,"damage_taken":0.0},{"damage_healed":0.0,"max_hp_gain":0.0,"max_hp_loss":0.0,"gold_gain":0.0,"event_name":"Accursed Blacksmith","player_choice":"Rummage","floor":20.0,"gold_loss":0.0,"damage_taken":0.0,"relics_obtained":["WarpedTongs"],"cards_obtained":["Pain"]},{"damage_healed":0.0,"max_hp_gain":0.0,"max_hp_loss":0.0,"gold_gain":0.0,"event_name":"Drug Dealer","player_choice":"Obtain J.A.X.","floor":22.0,"gold_loss":0.0,"damage_taken":0.0,"cards_obtained":["J.A.X."]},{"damage_healed":0.0,"max_hp_gain":0.0,"max_hp_loss":0.0,"gold_gain":0.0,"event_name":"Vampires","player_choice":"Ignored","floor":23.0,"gold_loss":0.0,"damage_taken":0.0},{"damage_healed":0.0,"max_hp_gain":0.0,"max_hp_loss":0.0,"gold_gain":0.0,"event_name":"The Mausoleum","player_choice":"Opened","floor":27.0,"gold_loss":0.0,"damage_taken":0.0,"relics_obtained":["Thread and Needle"]},{"damage_healed":0,"gold_gain":0,"player_choice":"Max HP","damage_taken":0,"max_hp_gain":0,"max_hp_loss":4,"event_name":"Winding Halls","floor":36,"gold_loss":0},{"damage_healed":0,"gold_gain":0,"player_choice":"Memory 1","damage_taken":0,"max_hp_gain":0,"max_hp_loss":0,"event_name":"SensoryStone","floor":37,"gold_loss":0}],"is_beta":false,"boss_relics":[{"not_picked":["hubris:RunicObelisk","hubris:TerracottaHorce"],"picked":"beaked:MawFillet"},{"not_picked":["SacredBark","Astrolabe"],"picked":"Velvet Choker"}],"items_purged_floors":[3,7],"is_endless":false,"potions_floor_spawned":[4,14,16,21,29,30,31,39,40,41],"killed_by":"Giant Head","ascension_level":1}}