{"host":"4jkyggjfmxcpengt","time":1610996676,"event":{"mods":["AchievementEnabler","BaseMod","Better Note","Block Reminder","Colored Powertips","Fiend Mod","Hermit","Minty Spire (QoL Compilation)","Quick Restart","Replay The Spire","SacredBarkPlus","StSLib","The Animator","Transform Curses","Unceasing Turn Reminder"],"gold_per_floor":[114,114,114,134,153,153,184,249,303,253,125,125,139,139,139,244,244,256,271,289,289,303,303,303,303,303,5,32,32,32,42,42,141,141,155,166,166,90,90,90,190,190,217,217,235,253,253,253],"floor_reached":47,"language":"SPA","playtime":3393,"items_purged":["Strike_P"],"score":798,"play_id":"9ef26f58-96ac-4a7d-b668-e44c796499c4","local_time":"20210118200436","is_ascension_mode":true,"campfire_choices":[{"data":"Replay:Anticipation","floor":6.0,"key":"SMITH"},{"floor":12.0,"key":"REST"},{"data":"Eruption","floor":15.0,"key":"SMITH"},{"data":"BowlingBash","floor":23,"key":"SMITH"},{"data":"Evaluate","floor":25,"key":"SMITH"},{"floor":29,"key":"REST"},{"floor":32,"key":"REST"},{"floor":40,"key":"REST"},{"data":"Wallop","floor":42,"key":"SMITH"},{"data":"ThirdEye","floor":44,"key":"SMITH"}],"circlet_count":0,"master_deck":["Strike_P","Strike_P","Defend_P","Defend_P","Defend_P","Defend_P","Eruption+1","Vigilance+1","Evaluate+1","SandsOfTime","Replay:Anticipation+1","FlurryOfBlows","EmptyFist","FlurryOfBlows","Omniscience","FollowUp","Replay:BluntJabs","CrushJoints","Overencumbered","BowlingBash+1","Decay","ForeignInfluence","JustLucky","LikeWater","Meditate+1","Fasting2","Alpha","Replay:ManipulateFuture","ThirdEye+1","Wallop+1","Flash of Steel","CutThroughFate+1","Wallop+1","Parasite"],"relics":["PureWater","Toy Ornithopter","Bag of Marbles","Painkiller Herb","Centennial Puzzle","Du-Vu Doll","Lantern","Juzu Bracelet","Nilry\u0027s Codex","Velvet Choker","Anchor"],"acts_visited":["Exordium","TheCity","TheBeyond"],"potions_floor_usage":[22,33,35,35,46,47,47],"damage_taken":[{"damage":4.0,"enemies":"Jaw Worm","floor":1.0,"turns":5.0},{"damage":5.0,"enemies":"Small Slimes","floor":4.0,"turns":3.0},{"damage":16.0,"enemies":"2 Louse","floor":5.0,"turns":2.0},{"damage":15.0,"enemies":"3 Sentries","floor":7.0,"turns":11.0},{"damage":0.0,"enemies":"2 Fungi Beasts","floor":13.0,"turns":3.0},{"damage":25.0,"enemies":"Slime Boss","floor":16.0,"turns":10.0},{"damage":0.0,"enemies":"Shell Parasite","floor":18.0,"turns":3.0},{"damage":8.0,"enemies":"3 Byrds","floor":19.0,"turns":7.0},{"damage":14.0,"enemies":"Snake Plant","floor":20.0,"turns":2.0},{"damage":15,"enemies":"Snecko","floor":22,"turns":3},{"damage":10,"enemies":"Replay:Snechameleon","floor":28,"turns":4},{"damage":0,"enemies":"3 Cultists","floor":31,"turns":3},{"damage":59,"enemies":"Pondfish","floor":33,"turns":11},{"damage":43,"enemies":"Orb Walker","floor":35,"turns":6},{"damage":0,"enemies":"3 Shapes","floor":36,"turns":3},{"damage":2,"enemies":"Jaw Worm Horde","floor":45,"turns":4},{"damage":19,"enemies":"Spire Growth","floor":46,"turns":3},{"damage":60,"enemies":"Writhing Mass","floor":47,"turns":4}],"seed_played":"6781185997526314027","potions_obtained":[{"floor":4.0,"key":"Adrenaline Potion"},{"floor":7.0,"key":"SteroidPotion"},{"floor":16.0,"key":"LiquidMemories"},{"floor":20.0,"key":"Ancient Potion"},{"floor":28,"key":"Reflective Coating"},{"floor":31,"key":"Explosive Potion"},{"floor":33,"key":"BlessingOfTheForge"},{"floor":35,"key":"SteroidPotion"},{"floor":46,"key":"ColorlessPotion"}],"is_trial":false,"path_per_floor":["M","?","?","M","M","R","E","?","T","?","$","R","M","?","R","B",null,"?","?","?","?","?","T","?","T","T","T","E","T","?","?","T","B",null,"?","?","?","T","?","T","?","T","T","T","?","?","?"],"character_chosen":"WATCHER","items_purchased":["EmptyFist","ForeignInfluence","JustLucky","LikeWater","Lantern","Wallop"],"campfire_rested":4,"item_purchase_floors":[11,27,27,27,27,38],"current_hp_per_floor":[61,66,66,61,45,45,30,30,30,30,30,53,53,53,53,28,65,70,67,53,53,43,43,43,43,43,43,33,56,40,40,63,9,60,27,27,27,27,27,50,50,50,50,50,48,34,0,0],"gold":253,"neow_bonus":"THREE_CARDS","is_daily":false,"chose_seed":false,"campfire_upgraded":6,"win_rate":0.0,"timestamp":1610996676,"path_taken":["M","?","?","M","M","R","E","?","T","?","$","R","M","?","R","BOSS","?","?","?","?","?","T","?","T","T","T","E","T","?","?","T","BOSS","?","?","?","T","?","T","?","T","T","T","?","?","?"],"items_purchased_type":["Card","Card","Card","Card","Relic","Card"],"build_version":"2020-12-22","purchased_purges":1,"victory":false,"max_hp_per_floor":[72,77,77,77,77,77,77,77,77,77,77,77,77,77,77,77,77,77,77,77,77,77,77,77,77,77,77,77,77,77,77,77,77,77,77,77,77,77,77,77,77,77,77,77,77,77,77,77],"card_choices":[{"not_picked":["SashWhip","DeceiveReality"],"picked":"Evaluate","floor":0.0},{"not_picked":["PathToVictory","Crescendo"],"picked":"SandsOfTime","floor":1.0},{"not_picked":["DeceiveReality","Protect","Replay:AtTheReady"],"picked":"SKIP","floor":4.0},{"not_picked":["Replay:BluntJabs","CrushJoints"],"picked":"Replay:Anticipation","floor":5.0},{"not_picked":["BowlingBash","JustLucky"],"picked":"FlurryOfBlows","floor":7.0},{"not_picked":["Pray","Sanctity"],"picked":"FlurryOfBlows","floor":13.0},{"not_picked":["Blasphemy","SpiritShield"],"picked":"Omniscience","floor":16.0},{"not_picked":["CrushJoints","Halt+1"],"picked":"FollowUp","floor":18.0},{"not_picked":["PathToVictory","Replay:DivineShield"],"picked":"Replay:BluntJabs","floor":19.0},{"not_picked":["Weave","Replay:DivineShield"],"picked":"CrushJoints","floor":20.0},{"not_picked":["Crescendo+1","Halt+1"],"picked":"BowlingBash","floor":22},{"not_picked":["DeceiveReality+1","BowlingBash"],"picked":"Meditate+1","floor":28},{"not_picked":["Meditate","CrushJoints"],"picked":"Fasting2","floor":31},{"not_picked":["Scrawl","Establishment"],"picked":"Alpha","floor":33},{"not_picked":["Study+1","FollowUp+1"],"picked":"Replay:ManipulateFuture","floor":35},{"not_picked":["SashWhip+1","EmptyBody+1"],"picked":"ThirdEye","floor":36},{"not_picked":["ReplayTheSpireMod:Trickstab","ReplayTheSpireMod:Necrogeddon"],"picked":"Flash of Steel","floor":39},{"not_picked":["Replay:AtTheReady","Replay:BluntJabs"],"picked":"CutThroughFate+1","floor":45},{"not_picked":["Fasting2+1","Conclude"],"picked":"Wallop+1","floor":46}],"player_experience":997705,"relics_obtained":[{"floor":7.0,"key":"Toy Ornithopter"},{"floor":9.0,"key":"Bag of Marbles"},{"floor":26,"key":"Du-Vu Doll"},{"floor":28,"key":"Juzu Bracelet"},{"floor":30,"key":"Nilry\u0027s Codex"},{"floor":43,"key":"Anchor"}],"event_choices":[{"damage_healed":0.0,"max_hp_gain":5.0,"max_hp_loss":0.0,"gold_gain":0.0,"event_name":"Big Fish","player_choice":"Donut","floor":2.0,"gold_loss":0.0,"damage_taken":0.0},{"damage_healed":0.0,"max_hp_gain":0.0,"max_hp_loss":0.0,"gold_gain":0.0,"event_name":"Living Wall","player_choice":"Grow","floor":3.0,"gold_loss":0.0,"damage_taken":0.0,"cards_upgraded":["Vigilance"]},{"damage_healed":0.0,"max_hp_gain":0.0,"max_hp_loss":0.0,"gold_gain":65.0,"event_name":"Golden Wing","player_choice":"Gained Gold","floor":8.0,"gold_loss":0.0,"damage_taken":0.0},{"cards_removed":["Strike_P"],"damage_healed":0.0,"max_hp_gain":0.0,"max_hp_loss":0.0,"gold_gain":0.0,"event_name":"The Cleric","player_choice":"Card Removal","floor":10.0,"gold_loss":50.0,"damage_taken":0.0},{"damage_healed":0.0,"max_hp_gain":0.0,"max_hp_loss":0.0,"gold_gain":0.0,"event_name":"Liars Game","player_choice":"Ignored","floor":14.0,"gold_loss":0.0,"damage_taken":0.0},{"damage_healed":0,"gold_gain":0,"player_choice":"Cursed","damage_taken":0,"max_hp_gain":0,"max_hp_loss":0,"event_name":"Wheel of Change","floor":24,"gold_loss":0,"cards_obtained":["Decay"]},{"damage_healed":0,"gold_gain":0,"player_choice":"Obtained Book","damage_taken":16,"max_hp_gain":0,"max_hp_loss":0,"event_name":"Cursed Tome","floor":30,"gold_loss":0},{"damage_healed":0,"gold_gain":0,"player_choice":"Ignored","damage_taken":0,"max_hp_gain":0,"max_hp_loss":0,"event_name":"Tomb of Lord Red Mask","floor":37,"gold_loss":0},{"damage_healed":0,"gold_gain":0,"player_choice":"Memory 1","damage_taken":0,"max_hp_gain":0,"max_hp_loss":0,"event_name":"SensoryStone","floor":39,"gold_loss":0},{"damage_healed":0,"gold_gain":100,"player_choice":"Pray","damage_taken":0,"max_hp_gain":0,"max_hp_loss":0,"event_name":"Golden Shrine","floor":41,"gold_loss":0}],"is_beta":false,"boss_relics":[{"not_picked":["Busted Crown","Snecko Heart"],"picked":"Painkiller Herb"},{"not_picked":["Runic Dome","Replay:Drink Me"],"picked":"Velvet Choker"}],"items_purged_floors":[11],"is_endless":false,"potions_floor_spawned":[4,7,16,20,28,31,33,35,46],"killed_by":"Writhing Mass","ascension_level":7}}