{"host":"6749gst1gzuv21qf","time":1610940674,"event":{"mods":["BaseMod","Better Altar","Better Match","Better Note","Better Sensory Stone","Better Skull","Better Third Choice","BetterRewards","Colored Map","Colored Powertips","Downfall","Hermit","Highlight Path","Minty Spire (QoL Compilation)","Permanent Neow","Shop Mod","Spicy Shops","StSLib","The Cursed"],"gold_per_floor":[0,15,26,37,487,499,499,514,514,534,534,561,575,575,595,595,595],"floor_reached":16,"language":"ENG","playtime":758,"items_purged":[],"score":106,"play_id":"8416a15e-417c-48e4-aaf2-185d85754ddc","local_time":"20210117223114","is_ascension_mode":false,"campfire_choices":[{"data":"bronze:Goto","floor":1,"key":"SMITH"},{"data":"bronze:Replicate","floor":11,"key":"SMITH"}],"circlet_count":0,"master_deck":["bronze:Strike","bronze:Strike","bronze:Strike","bronze:Strike","bronze:Defend","bronze:Defend","bronze:Defend","bronze:Defend","bronze:Replicate+1","bronze:Goto+1","bronze:Flail+1","bronze:WhirlingStrike","bronze:WildBeam","downfall:Icky","downfall:Icky","downfall:Icky","bronze:DelayedSlice","bronze:NullPointer","bronze:GetLatest","bronze:BronzeOrb","bronze:Verify","Finesse","bronze:Invalidate"],"relics":["bronze:BronzeCore","TungstenRod","Lantern","White Beast Statue"],"acts_visited":["Exordium"],"potions_floor_usage":[16,16],"damage_taken":[{"damage":0,"enemies":"Cultist","floor":2,"turns":3},{"damage":5,"enemies":"Small Slimes","floor":3,"turns":4},{"damage":1,"enemies":"2 Louse","floor":4,"turns":2},{"damage":8,"enemies":"Exordium Thugs","floor":6,"turns":3},{"damage":6,"enemies":"Blue Slaver","floor":8,"turns":2},{"damage":3,"enemies":"3 Louse","floor":10,"turns":2},{"damage":19,"enemies":"Gremlin Nob","floor":12,"turns":5},{"damage":13,"enemies":"Large Slime","floor":13,"turns":4},{"damage":0,"enemies":"Red Slaver","floor":15,"turns":2},{"damage":28,"enemies":"WA_ARCHETYPE_RETAIN","floor":16,"turns":4}],"seed_played":"4729934158594023848","potions_obtained":[{"floor":4,"key":"sneckomod:MuddlingPotion"},{"floor":6,"key":"ColorlessPotion"},{"floor":8,"key":"bronze:BurnAndBuffPotion"},{"floor":13,"key":"Regen Potion"},{"floor":15,"key":"bronze:FreeFunctionsPotion"}],"is_trial":false,"path_per_floor":["R","M","M","M","?","M","T","M","?","M","R","E","M","?","M","B"],"character_chosen":"THE_AUTOMATON","items_purchased":[],"campfire_rested":0,"item_purchase_floors":[],"current_hp_per_floor":[70,70,65,64,64,56,56,50,50,47,47,28,15,15,15,0,0],"gold":595,"neow_bonus":"ONE_RARE_RELIC","is_daily":false,"chose_seed":false,"campfire_upgraded":2,"win_rate":0.0,"timestamp":1610940674,"path_taken":["R","M","?","M","?","M","T","M","?","?","R","E","M","?","M","BOSS"],"items_purchased_type":[],"build_version":"2020-12-22","purchased_purges":0,"victory":false,"max_hp_per_floor":[70,70,70,70,70,70,70,70,70,70,70,70,70,70,70,70,70],"card_choices":[{"not_picked":["bronze:Frontload","bronze:DarkDash"],"picked":"bronze:Flail","floor":2},{"not_picked":["bronze:FineTuning","bronze:NullPointer"],"picked":"bronze:WhirlingStrike","floor":3},{"not_picked":["bronze:ForLoop","bronze:Constructor"],"picked":"bronze:WildBeam","floor":4},{"not_picked":["bronze:Safeguard","bronze:BitShift"],"picked":"bronze:DelayedSlice","floor":6},{"not_picked":["bronze:Branch","bronze:WildBeam"],"picked":"bronze:NullPointer","floor":8},{"not_picked":["bronze:Iterate","bronze:FineTuning"],"picked":"bronze:GetLatest","floor":10},{"not_picked":["bronze:OilSpill","bronze:WildBeam"],"picked":"bronze:BronzeOrb","floor":12},{"not_picked":["bronze:Shell","bronze:Turbo"],"picked":"bronze:Verify","floor":13},{"not_picked":["Flash of Steel","Good Instincts"],"picked":"Finesse","floor":14},{"not_picked":["bronze:Frontload","bronze:BitShift"],"picked":"bronze:Invalidate","floor":15}],"player_experience":711958,"relics_obtained":[{"floor":7,"key":"Lantern"},{"floor":12,"key":"White Beast Statue"}],"event_choices":[{"damage_healed":0,"gold_gain":1,"player_choice":"1","damage_taken":0,"max_hp_gain":0,"max_hp_loss":0,"event_name":"betterStone:BetterStone","floor":14,"gold_loss":0}],"is_beta":false,"boss_relics":[],"items_purged_floors":[],"is_endless":false,"potions_floor_spawned":[4,6,8,13,15],"killed_by":"WA_ARCHETYPE_RETAIN","ascension_level":0}}