{"host":"oehe2dxjvdgux73m","time":1610956105,"event":{"mods":["AchievementEnabler","BaseMod","Colored Map","Colored Powertips","DeckTracker","Keyboard Shortcuts","Minty Spire (QoL Compilation)","Permanent Neow","Quick Restart","StSLib","SuperFastMode"],"gold_per_floor":[113,113,130,146,146,181,196,227,251,263,263,282,282,308,308,406,456,467,467,484,409,422,450,450,484,484,497,497,522,522,539,539,539,539],"floor_reached":33,"language":"KOR","playtime":1429,"items_purged":["Strike_B"],"score":360,"play_id":"352fc53d-07fb-4083-b340-8a8f8304ee2d","local_time":"20210118164825","is_ascension_mode":true,"campfire_choices":[{"floor":11.0,"key":"REST"},{"floor":13.0,"key":"REST"},{"data":"Chill","floor":15.0,"key":"SMITH"},{"floor":24.0,"key":"REST"},{"floor":28.0,"key":"REST"},{"data":"Redo","floor":30,"key":"SMITH"},{"data":"Multi-Cast","floor":32,"key":"SMITH"}],"circlet_count":0,"master_deck":["Strike_B","Strike_B","Strike_B","Defend_B","Defend_B","Defend_B","Defend_B","Zap+1","Dualcast+1","Doom and Gloom","Conserve Battery","Glacier","Capacitor","Rebound","Compile Driver","Hologram","Chill+1","Barrage","Multi-Cast+1","Recycle","Ball Lightning","Reboot","Redo+1","Conserve Battery+1","Self Repair","Beam Cell+1","Tempest","Leap+1","Skim+1"],"relics":["Cracked Core","MealTicket","Gambling Chip","Mummified Hand","Centennial Puzzle","Potion Belt","Oddly Smooth Stone","Tiny House","PreservedInsect","Dream Catcher","HornCleat","Thread and Needle"],"acts_visited":["Exordium","TheCity"],"potions_floor_usage":[31,31,33],"damage_taken":[{"damage":2.0,"enemies":"Jaw Worm","floor":1.0,"turns":4.0},{"damage":9.0,"enemies":"2 Louse","floor":3.0,"turns":2.0},{"damage":0.0,"enemies":"Cultist","floor":4.0,"turns":3.0},{"damage":15.0,"enemies":"3 Sentries","floor":6.0,"turns":6.0},{"damage":0.0,"enemies":"Lots of Slimes","floor":7.0,"turns":2.0},{"damage":27.0,"enemies":"Gremlin Nob","floor":8.0,"turns":4.0},{"damage":11.0,"enemies":"2 Fungi Beasts","floor":10.0,"turns":3.0},{"damage":8.0,"enemies":"3 Louse","floor":12.0,"turns":3.0},{"damage":10.0,"enemies":"3 Sentries","floor":14.0,"turns":6.0},{"damage":8.0,"enemies":"Slime Boss","floor":16.0,"turns":9.0},{"damage":6.0,"enemies":"Spheric Guardian","floor":18.0,"turns":6.0},{"damage":19.0,"enemies":"Shell Parasite","floor":20.0,"turns":4.0},{"damage":11.0,"enemies":"Sentry and Sphere","floor":22.0,"turns":4.0},{"damage":35.0,"enemies":"Book of Stabbing","floor":23.0,"turns":8.0},{"damage":14.0,"enemies":"Slavers","floor":25.0,"turns":3.0},{"damage":19.0,"enemies":"Shelled Parasite and Fungi","floor":27.0,"turns":6.0},{"damage":6.0,"enemies":"Book of Stabbing","floor":29.0,"turns":6.0},{"damage":11,"enemies":"Snake Plant","floor":31,"turns":5},{"damage":63,"enemies":"Collector","floor":33,"turns":7}],"seed_played":"3816899426902183354","potions_obtained":[{"floor":3.0,"key":"Swift Potion"},{"floor":6.0,"key":"SpeedPotion"},{"floor":10.0,"key":"DistilledChaos"},{"floor":12.0,"key":"SteroidPotion"},{"floor":14.0,"key":"BlessingOfTheForge"},{"floor":16.0,"key":"Energy Potion"},{"floor":17.0,"key":"Fruit Juice"},{"floor":22.0,"key":"BlessingOfTheForge"},{"floor":23.0,"key":"GamblersBrew"},{"floor":25.0,"key":"DistilledChaos"}],"is_trial":false,"path_per_floor":["M","?","M","M","T","E","M","E","T","M","R","M","R","E","R","B",null,"M","?","M","$","M","E","R","E","T","M","R","E","R","M","R","B"],"character_chosen":"DEFECT","items_purchased":[],"campfire_rested":4,"item_purchase_floors":[],"current_hp_per_floor":[73,73,64,64,64,49,49,22,22,11,33,25,47,37,37,29,85,79,79,60,75,64,36,61,47,47,35,60,61,61,57,57,0,0],"gold":539,"neow_bonus":"RANDOM_COMMON_RELIC","is_daily":false,"chose_seed":false,"campfire_upgraded":3,"win_rate":0.0,"timestamp":1610956105,"path_taken":["M","?","M","M","?","E","M","E","T","M","R","M","R","E","R","BOSS","M","?","?","$","M","E","R","E","T","?","R","E","R","M","R","BOSS"],"items_purchased_type":[],"build_version":"2020-12-22","purchased_purges":1,"victory":false,"max_hp_per_floor":[75,75,75,75,75,75,75,75,75,75,75,75,75,75,75,75,85,85,85,85,85,85,85,85,85,85,85,85,85,85,85,85,85,85],"card_choices":[{"not_picked":["Stack","Steam"],"picked":"Doom and Gloom","floor":1.0},{"not_picked":["Lockon","Leap"],"picked":"Conserve Battery","floor":3.0},{"not_picked":["Go for the Eyes","Hello World"],"picked":"Glacier","floor":4.0},{"not_picked":["Compile Driver","Static Discharge"],"picked":"Capacitor","floor":6.0},{"not_picked":["Sunder","Coolheaded"],"picked":"Rebound","floor":7.0},{"not_picked":["Sunder","Rip and Tear"],"picked":"Compile Driver","floor":8.0},{"not_picked":["Recycle","Rebound"],"picked":"Hologram","floor":10.0},{"not_picked":["Consume","Reprogram"],"picked":"Chill","floor":12.0},{"not_picked":["Redo","Compile Driver"],"picked":"Barrage","floor":14.0},{"not_picked":["Echo Form","All For One"],"picked":"Multi-Cast","floor":16.0},{"not_picked":["Streamline","Cold Snap"],"picked":"Recycle","floor":17.0},{"not_picked":["Cold Snap","Consume"],"picked":"Ball Lightning","floor":18.0},{"not_picked":["Rebound","Cold Snap+1"],"picked":"Conserve Battery+1","floor":20.0},{"not_picked":["Turbo+1","Ball Lightning"],"picked":"Self Repair","floor":22.0},{"not_picked":["Capacitor","Reboot"],"picked":"Beam Cell+1","floor":23.0},{"not_picked":["Sweeping Beam","All For One","Redo"],"picked":"SKIP","floor":25.0},{"not_picked":["Beam Cell","Lockon"],"picked":"Tempest","floor":27.0},{"not_picked":["Coolheaded","Compile Driver"],"picked":"Leap+1","floor":28.0},{"not_picked":["Genetic Algorithm","Auto Shields+1"],"picked":"Skim+1","floor":29.0},{"not_picked":["BootSequence","Undo","Go for the Eyes"],"picked":"SKIP","floor":31}],"player_experience":280636,"relics_obtained":[{"floor":5.0,"key":"Gambling Chip"},{"floor":6.0,"key":"Mummified Hand"},{"floor":8.0,"key":"Centennial Puzzle"},{"floor":9.0,"key":"Potion Belt"},{"floor":14.0,"key":"Oddly Smooth Stone"},{"floor":23.0,"key":"PreservedInsect"},{"floor":25.0,"key":"Dream Catcher"},{"floor":26.0,"key":"HornCleat"},{"floor":29.0,"key":"Thread and Needle"}],"event_choices":[{"damage_healed":0.0,"max_hp_gain":0.0,"max_hp_loss":0.0,"gold_gain":0.0,"event_name":"Living Wall","player_choice":"Grow","floor":2.0,"gold_loss":0.0,"damage_taken":0.0,"cards_upgraded":["Zap"]},{"damage_healed":0.0,"max_hp_gain":0.0,"max_hp_loss":0.0,"gold_gain":0.0,"event_name":"Match and Keep!","player_choice":"2 cards matched","floor":19.0,"gold_loss":0.0,"damage_taken":0.0,"cards_obtained":["Reboot","Redo"]}],"is_beta":false,"boss_relics":[{"not_picked":["Snecko Eye","SlaversCollar"],"picked":"Tiny House"}],"items_purged_floors":[21],"is_endless":false,"potions_floor_spawned":[3,6,10,12,14,16,22,23,25],"killed_by":"Collector","ascension_level":2}}