{"host":"t6r1isv2bex5ovch","time":1610970004,"event":{"mods":["AchievementEnabler","Act Like it!","Aspiration","BaseMod","Better Altar","Better Match","Better Note","Better Sensory Stone","Better Skull","Better Third Choice","Better Vampires","Colored Powertips","Displayed Cursed Tome","Evolution","Fox Events","Hubris","Minty Spire (QoL Compilation)","StSLib","The Jungle"],"gold_per_floor":[117,117,42,62,82,82,107,107,107,122,154,154,185,197,197,302,302,318,218,237,42,54,88,88,116,116,116,116,116,148,166,166,264,264,274,274,124,124,124,150,150,181,181,200,228,241,241,255,255,255,255],"floor_reached":50,"language":"ENG","playtime":3462,"items_purged":["Defend_P","Defend_P","Defend_P","CutThroughFate"],"score":869,"play_id":"c288f569-2e7c-4854-98b4-83d4dd45d7cc","local_time":"20210118214004","is_ascension_mode":true,"campfire_choices":[{"floor":6.0,"key":"RECALL"},{"data":"Devotion","floor":8.0,"key":"SMITH"},{"data":"Eruption","floor":15.0,"key":"SMITH"},{"data":"Establishment","floor":29.0,"key":"SMITH"},{"data":"Prostrate","floor":32.0,"key":"SMITH"},{"floor":41.0,"key":"DIG"},{"floor":47.0,"key":"DIG"},{"floor":49.0,"key":"DIG"}],"circlet_count":0,"master_deck":["FollowUp","FollowUp","FollowUp","Eruption+1","Vigilance","Devotion+1","SandsOfTime","Consecrate","Prostrate+1","Prostrate+1","hubris:DuctTapeCard"],"relics":["PureWater","EVO:Axolotl","aspiration:DSix","Omamori","Pantograph","Shovel","hubris:HollowSoul","aspiration:ChemicalBlood","MutagenicStrength","hubris:PeanutButter","Damaru","Black Star","TeardropLocket","Happy Flower","Lantern","hubris:DuctTape","Strawberry","Toxic Egg 2","Eternal Feather","Akabeko","Art of War","Nunchaku"],"acts_visited":["Exordium","TheCity","TheBeyond"],"potions_floor_usage":[50,50,50,50,50,50],"damage_taken":[{"damage":0.0,"enemies":"Small Slimes","floor":1.0,"turns":3.0},{"damage":0.0,"enemies":"Cultist","floor":4.0,"turns":2.0},{"damage":2.0,"enemies":"2 Louse","floor":5.0,"turns":2.0},{"damage":23.0,"enemies":"Lagavulin","floor":7.0,"turns":6.0},{"damage":4.0,"enemies":"2 Fungi Beasts","floor":10.0,"turns":3.0},{"damage":10.0,"enemies":"Gremlin Nob","floor":11.0,"turns":3.0},{"damage":12.0,"enemies":"Lagavulin","floor":13.0,"turns":5.0},{"damage":0.0,"enemies":"Exordium Wildlife","floor":14.0,"turns":3.0},{"damage":0.0,"enemies":"Slime Boss","floor":16.0,"turns":4.0},{"damage":18.0,"enemies":"3 Byrds","floor":18.0,"turns":4.0},{"damage":16.0,"enemies":"Chosen","floor":20.0,"turns":3.0},{"damage":16.0,"enemies":"Snake Plant","floor":22.0,"turns":3.0},{"damage":18.0,"enemies":"Book of Stabbing","floor":23.0,"turns":3.0},{"damage":0.0,"enemies":"Gremlin Leader","floor":25.0,"turns":3.0},{"damage":6.0,"enemies":"Slavers","floor":30.0,"turns":2.0},{"damage":0.0,"enemies":"Sentry and Sphere","floor":31.0,"turns":3.0},{"damage":12.0,"enemies":"hubris:MusketHawk","floor":33.0,"turns":5.0},{"damage":36.0,"enemies":"3 Darklings","floor":35.0,"turns":3.0},{"damage":27.0,"enemies":"Nemesis","floor":40.0,"turns":3.0},{"damage":56.0,"enemies":"Reptomancer","floor":42.0,"turns":3.0},{"damage":0.0,"enemies":"3 Shapes","floor":44.0,"turns":2.0},{"damage":0.0,"enemies":"Nemesis","floor":45.0,"turns":3.0},{"damage":3.0,"enemies":"3 Darklings","floor":46.0,"turns":3.0},{"damage":28.0,"enemies":"Spire Growth","floor":48.0,"turns":2.0},{"damage":18,"enemies":"Donu and Deca","floor":50,"turns":2}],"seed_played":"5515802805129216078","potions_obtained":[{"floor":7.0,"key":"Dexterity Potion"},{"floor":10.0,"key":"Regen Potion"},{"floor":11.0,"key":"Fire Potion"},{"floor":14.0,"key":"SteroidPotion"},{"floor":18.0,"key":"Regen Potion"},{"floor":22.0,"key":"Ambrosia"},{"floor":30.0,"key":"EssenceOfSteel"},{"floor":33.0,"key":"AttackPotion"},{"floor":40.0,"key":"SkillPotion"},{"floor":42.0,"key":"SkillPotion"},{"floor":42.0,"key":"SteroidPotion"},{"floor":42.0,"key":"EssenceOfSteel"},{"floor":42.0,"key":"LiquidBronze"},{"floor":42.0,"key":"Explosive Potion"},{"floor":42.0,"key":"PowerPotion"},{"floor":42.0,"key":"PowerPotion"},{"floor":45.0,"key":"DuplicationPotion"},{"floor":46.0,"key":"Explosive Potion"},{"floor":48.0,"key":"Explosive Potion"}],"is_trial":false,"path_per_floor":["M","?","$","M","M","R","E","R","T","M","E","?","E","M","R","B",null,"M","$","M","$","M","E","?","E","T","$","?","R","E","M","R","B",null,"M","?","$","?","?","E","R","E","T","M","E","M","R","M","R","B"],"character_chosen":"WATCHER","items_purchased":["Establishment"],"campfire_rested":0,"item_purchase_floors":[21],"current_hp_per_floor":[72,72,72,72,70,70,47,47,47,43,42,42,30,30,30,55,72,54,54,47,47,31,13,13,36,36,36,36,36,36,36,36,49,72,36,36,36,36,36,9,9,43,43,43,43,40,46,18,24,0,0],"gold":255,"neow_bonus":"DSIX","is_daily":false,"chose_seed":false,"campfire_upgraded":4,"win_rate":0.0,"timestamp":1610970004,"path_taken":["M","?","$","?","M","R","E","R","T","M","E","?","E","M","R","BOSS","M","$","M","$","M","E","?","E","T","$","?","R","E","?","R","BOSS","M","?","$","?","?","E","R","E","T","M","E","?","R","M","R","BOSS"],"items_purchased_type":["Card"],"build_version":"2020-12-22","purchased_purges":4,"victory":false,"max_hp_per_floor":[72,72,72,72,72,72,72,72,72,72,72,72,72,72,72,72,72,72,72,72,72,72,72,72,72,72,72,72,72,72,72,72,72,72,72,72,72,72,72,72,72,79,79,79,79,79,79,79,79,79,79],"card_choices":[{"not_picked":["EmptyBody","SashWhip","JustLucky"],"picked":"SKIP","floor":1.0},{"not_picked":["SignatureMove","FollowUp","Swivel"],"picked":"SKIP","floor":4.0},{"not_picked":["Protect","CutThroughFate"],"picked":"Devotion","floor":5.0},{"not_picked":["CrushJoints","Collect","ForeignInfluence"],"picked":"SKIP","floor":7.0},{"not_picked":["ThirdEye","ClearTheMind"],"picked":"BattleHymn","floor":10.0},{"not_picked":["CarveReality","ReachHeaven"],"picked":"SandsOfTime","floor":11.0},{"not_picked":["Evaluate","FollowUp","DeceiveReality"],"picked":"SKIP","floor":13.0},{"not_picked":["SignatureMove","WheelKick"],"picked":"Consecrate","floor":14.0},{"not_picked":["SignatureMove","Protect"],"picked":"Prostrate","floor":18.0},{"not_picked":["FlurryOfBlows","ClearTheMind+1","MentalFortress"],"picked":"SKIP","floor":20.0},{"not_picked":["SashWhip","Sanctity+1","FlyingSleeves"],"picked":"SKIP","floor":22.0},{"not_picked":["Ragnarok","Halt","FlurryOfBlows"],"picked":"SKIP","floor":23.0},{"not_picked":["EmptyFist","Protect+1"],"picked":"FollowUp+1","floor":25.0},{"not_picked":["FollowUp","Swivel+1","EmptyMind"],"picked":"SKIP","floor":30.0},{"not_picked":["ClearTheMind+1","PathToVictory","Evaluate+1"],"picked":"SKIP","floor":31.0},{"not_picked":["CrushJoints","CarveReality","Crescendo"],"picked":"SKIP","floor":35.0},{"not_picked":["WheelKick","ReachHeaven","Judgement"],"picked":"SKIP","floor":40.0},{"not_picked":["Indignation+1","Wireheading","Evaluate+1"],"picked":"SKIP","floor":42.0},{"not_picked":["Indignation+1","FlyingSleeves","Worship+1"],"picked":"SKIP","floor":44.0},{"not_picked":["Indignation+1","PathToVictory+1"],"picked":"Prostrate+1","floor":45.0},{"not_picked":["Evaluate+1","FollowUp","CrushJoints+1"],"picked":"SKIP","floor":46.0},{"not_picked":["Evaluate+1","FollowUp","CrushJoints+1"],"picked":"SKIP","floor":46.0},{"not_picked":["ClearTheMind+1","Judgement+1","FollowUp+1"],"picked":"SKIP","floor":48.0}],"player_experience":344291,"relics_obtained":[{"floor":7.0,"key":"Omamori"},{"floor":11.0,"key":"Pantograph"},{"floor":13.0,"key":"Shovel"},{"floor":23.0,"key":"aspiration:ChemicalBlood"},{"floor":25.0,"key":"hubris:PeanutButter"},{"floor":30.0,"key":"Damaru"},{"floor":40.0,"key":"TeardropLocket"},{"floor":40.0,"key":"Happy Flower"},{"floor":41.0,"key":"Lantern"},{"floor":42.0,"key":"hubris:DuctTape"},{"floor":42.0,"key":"Strawberry"},{"floor":43.0,"key":"Toxic Egg 2"},{"floor":45.0,"key":"Eternal Feather"},{"floor":45.0,"key":"Akabeko"},{"floor":47.0,"key":"Art of War"},{"floor":49.0,"key":"Nunchaku"}],"event_choices":[{"cards_removed":["Strike_P"],"damage_healed":0.0,"max_hp_gain":0.0,"max_hp_loss":0.0,"gold_gain":0.0,"event_name":"Bonfire Elementals","player_choice":"Offered Basic","floor":2.0,"gold_loss":0.0,"damage_taken":0.0},{"damage_healed":0.0,"max_hp_gain":0.0,"max_hp_loss":0.0,"gold_gain":0.0,"event_name":"Drug Dealer","player_choice":"Inject Mutagens","floor":24.0,"gold_loss":0.0,"damage_taken":0.0,"relics_obtained":["MutagenicStrength"]},{"damage_healed":0.0,"max_hp_gain":0.0,"max_hp_loss":0.0,"gold_gain":0.0,"cards_transformed":["Defend_P"],"event_name":"Transmorgrifier","player_choice":"Transformed","floor":28.0,"gold_loss":0.0,"damage_taken":0.0,"cards_obtained":["CutThroughFate"]},{"damage_healed":0.0,"max_hp_gain":0.0,"max_hp_loss":0.0,"gold_gain":0.0,"event_name":"Tomb of Lord Red Mask","player_choice":"Ignored","floor":36.0,"gold_loss":0.0,"damage_taken":0.0},{"damage_healed":0.0,"max_hp_gain":0.0,"max_hp_loss":0.0,"gold_gain":0.0,"event_name":"The Moai Head","player_choice":"Ignored","floor":38.0,"gold_loss":0.0,"damage_taken":0.0},{"cards_removed":["FollowUp"],"damage_healed":0.0,"max_hp_gain":0.0,"max_hp_loss":0.0,"gold_gain":0.0,"event_name":"Falling","player_choice":"Removed Attack","floor":39.0,"gold_loss":0.0,"damage_taken":0.0}],"is_beta":false,"boss_relics":[{"not_picked":["Velvet Choker","hubris:BlackHole"],"picked":"hubris:HollowSoul"},{"not_picked":["Snecko Eye","Runic Dome"],"picked":"Black Star"}],"items_purged_floors":[3,19,21,37],"is_endless":false,"potions_floor_spawned":[7,10,11,14,18,22,30,33,40,45,46,48],"killed_by":"Donu and Deca","ascension_level":3}}