{"host":"hzswyuuwdl03wwzr","time":1610960619,"event":{"mods":["100% Spire Juice","ATMod(∞¢Ë™Mod)","AchievementEnabler","Act Like it!","Arknights The Spire","BaseMod","Gensokyo","Hallownest","Marisa£®ÏF”Í°°ƒß¿Ì…≥£©","Minty Spire (QoL Compilation)","Remilia£®¿Ÿ√◊¿Ú—«£©","Replay The Spire","Robot Space Explorer","StSLib","The Bug Knight","The Dragon Tamer","The Marked","The Servant 0.9.4","Yakumo Yukari mod","Youmu£®ªÍ∆«—˝√Œ£©","°æπ¶ƒ‹Mod°øªÏ„Á÷Æª∑–ﬁ∏¥≤π∂°","°æ“≈ŒÔø®≈∆°øREMEMod"],"gold_per_floor":[114,114,114,114,127,152,167,167,194,194,49,49,49,78,78,182,182,193,153,403,413,813,843,859,859,859],"floor_reached":25,"language":"ZHS","playtime":699,"items_purged":[],"score":252,"play_id":"b61738dd-0f3c-49b7-91b5-cc8bbe992a56","local_time":"20210118170339","is_ascension_mode":false,"campfire_choices":[{"data":"SanzenSekai","floor":10,"key":"SMITH"},{"data":"LowerRealmReflectionSlash","floor":12,"key":"SMITH"},{"data":"SlashOfPresentWorld","floor":15,"key":"SMITH"}],"circlet_count":0,"master_deck":["Strike_YM+1","Strike_YM","Strike_YM","Defend_YM","Defend_YM","Defend_YM","Defend_YM","SlashOfPresentWorld+1","WheelOfPainOfLivingAndDead","SanzenSekai+1","LowerRealmReflectionSlash+1","SpiritMediumsBind","DoubleWheelOfPain","SanzenSekai+1","AsuraSword","StrangeHalfBody+1","AT_EmpoweredMortalDraw","SlashOfMeditation+1","CherryBlossomFlashing+1","SlashOfSaigyouSpringWind"],"relics":["HalfPhantom","AT_ATBox","REME_ComplimentaryCards","NeowsBlessing","Centennial Puzzle","Hallownest:DreamNailRelic","Juzu Bracelet","REME_CardOfGreed","Hallownest:TeacherSealRelic","AT_MortalBlade","REME_HourglassOfDeath"],"acts_visited":["Hallownest:Greenpath","Gensokyo:Gensokyoer"],"potions_floor_usage":[16,24],"damage_taken":[{"damage":2,"enemies":"Hallownest:2_Tiktiks_and_1_Crawlid","floor":1,"turns":2},{"damage":0,"enemies":"Hallownest:monsterHuskWarrior","floor":5,"turns":1},{"damage":0,"enemies":"Hallownest:eliteCrystalGuardian","floor":6,"turns":1},{"damage":0,"enemies":"Hallownest:monsterHuskGuard","floor":7,"turns":3},{"damage":10,"enemies":"Hallownest:eliteMossKnight","floor":14,"turns":6},{"damage":11,"enemies":"Hallownest:BossFalseKnight","floor":16,"turns":7},{"damage":0,"enemies":"Gensokyo:CosmicMonolith","floor":18,"turns":2},{"damage":21,"enemies":"Gensokyo:AngelMirror","floor":21,"turns":3},{"damage":6,"enemies":"Gensokyo:Koishi","floor":23,"turns":4},{"damage":16,"enemies":"Gensokyo:Monolith_and_Dog","floor":24,"turns":3},{"damage":41,"enemies":"Gensokyo:Swordslinger","floor":25,"turns":2}],"seed_played":"1172966053026238713","potions_obtained":[{"floor":1,"key":"Death Potion"},{"floor":5,"key":"BlessingOfTheForge"},{"floor":7,"key":"Strength Potion"},{"floor":16,"key":"REME_GoldPotion"},{"floor":24,"key":"Milkshake"}],"is_trial":false,"path_per_floor":["M","?","?","?","M","E","M","?","T","R","$","R","?","E","R","B",null,"M","?","?","M","?","E","M","M"],"character_chosen":"YOUMU","items_purchased":["REME_CardOfGreed"],"campfire_rested":0,"item_purchase_floors":[11],"current_hp_per_floor":[73,73,73,73,73,73,73,73,73,73,73,73,73,68,68,57,80,80,80,76,55,55,49,33,0,0],"gold":859,"neow_bonus":"THREE_ENEMY_KILL","is_daily":false,"chose_seed":false,"campfire_upgraded":3,"win_rate":0.0,"timestamp":1610960619,"path_taken":["M","?","?","?","M","E","?","?","T","R","$","R","?","E","R","BOSS","M","?","?","M","?","E","M","M"],"items_purchased_type":["Relic"],"build_version":"2020-12-22","purchased_purges":0,"victory":false,"max_hp_per_floor":[75,75,75,75,75,75,75,75,75,75,75,75,75,80,80,80,80,80,80,76,76,76,76,76,76,76],"card_choices":[{"not_picked":["TwoHundredYojanaInOneSlash","FourBirthsSword"],"picked":"SanzenSekai","floor":1},{"not_picked":["RapidSlash","HeavenlyHaloSlash"],"picked":"SpiritMediumsBind","floor":5},{"not_picked":["SlashClearingTheSixSenses","SwordOfBindingDesires"],"picked":"DoubleWheelOfPain","floor":6},{"not_picked":["HumanKnowledgeSword","FlashingScatteredFlowers"],"picked":"SanzenSekai","floor":7},{"not_picked":["TwoHundredYojanaInOneSlash","HumanKnowledgeSword"],"picked":"AsuraSword","floor":14},{"not_picked":["SuddenDivineSeveringOfKarmicWind","MatsuyoiReflectingSatelliteSlash"],"picked":"StrangeHalfBody","floor":16},{"not_picked":["SpiderLilyBurial","TransmigrationSlash","FlashingScatteredFlowers"],"picked":"SKIP","floor":18},{"not_picked":["LowerRealmReflectionSlash","CrescentMoonSlash"],"picked":"SlashOfMeditation+1","floor":21},{"not_picked":["TenKingsRetributionOnThePreta","SwordOfBindingDesires"],"picked":"CherryBlossomFlashing+1","floor":23},{"not_picked":["RapidSlash","SpiritMediumsBind"],"picked":"SlashOfSaigyouSpringWind","floor":24}],"player_experience":30125,"relics_obtained":[{"floor":6,"key":"Centennial Puzzle"},{"floor":9,"key":"Juzu Bracelet"},{"floor":14,"key":"Durian"},{"floor":23,"key":"REME_HourglassOfDeath"}],"event_choices":[],"is_beta":false,"boss_relics":[{"not_picked":["Tiny House","Replay:Ancient Bell"],"picked":"AT_MortalBlade"}],"items_purged_floors":[],"is_endless":false,"potions_floor_spawned":[1,5,7,16,24],"killed_by":"Gensokyo:Swordslinger","ascension_level":0}}