{"host":"qqgw5gp46oujbhdl","time":1610983480,"event":{"mods":["Aspiration","BaseMod","BetterRewards","Downfall","Hermit","Infinite Spire","Melee Mod","Minty Spire (QoL Compilation)","StSLib","The Death Knight","The Disciple","The Forsaken","The Hierophant","The Servant 0.9.4","The Spell Scribe","The Valiant","TheBandit","Wandering Minibosses"],"gold_per_floor":[111,286,300,300,310,310,345,11,62,62,84,84,102,122,122,236,236,262,259,259,259,259],"floor_reached":20,"language":"POL","playtime":1614,"items_purged":["Doubt"],"score":174,"play_id":"58371942-5982-4e6e-a875-7a4134e81072","local_time":"20210118162440","is_ascension_mode":false,"campfire_choices":[{"data":"wariomod:BlastDash","floor":6,"key":"SMITH"},{"data":"wariomod:DeadlyDash","floor":12,"key":"SMITH"},{"data":"wariomod:GoAgain","floor":15,"key":"SMITH"}],"circlet_count":0,"master_deck":["wariomod:Strike","wariomod:Strike","wariomod:Defend","wariomod:Defend","wariomod:Defend","wariomod:Defend","wariomod:Step","wariomod:Leap","wariomod:Boomsmack+1","wariomod:BlastDash+1","wariomod:DanceDash","wariomod:DeadlyDash+1","wariomod:Boomsmack+1","Enlightenment","wariomod:ThatsNotAll+1","wariomod:GoAgain+1","wariomod:BoomAndDoom","wariomod:SmackSlam+1","wariomod:SmallSprint+1"],"relics":["wariomod:TheHat","CeramicFish","Molten Egg 2","Regal Pillow","Empty Cage"],"acts_visited":["Exordium","TheCity"],"potions_floor_usage":[16,16,20],"damage_taken":[{"damage":5,"enemies":"Cultist","floor":1,"turns":4},{"damage":26,"enemies":"Jaw Worm","floor":3,"turns":4},{"damage":2,"enemies":"Small Slimes","floor":5,"turns":3},{"damage":24,"enemies":"Gremlin Nob","floor":7,"turns":4},{"damage":11,"enemies":"3 Louse","floor":11,"turns":3},{"damage":3,"enemies":"Gremlin Gang","floor":14,"turns":3},{"damage":29,"enemies":"Hexaghost","floor":16,"turns":7},{"damage":23,"enemies":"Shell Parasite","floor":18,"turns":5},{"damage":29,"enemies":"2 Thieves","floor":19,"turns":5},{"damage":37,"enemies":"Snecko","floor":20,"turns":5}],"seed_played":"8676337548363314671","potions_obtained":[{"floor":3,"key":"hexamod:SoulburnPotion"},{"floor":7,"key":"hexamod:SoulburnPotion"},{"floor":14,"key":"infinitespire:BlackPotion"},{"floor":18,"key":"sneckomod:MuddlingPotion"}],"is_trial":false,"path_per_floor":["M","?","M","?","M","R","E","$","T","?","M","R","?","M","R","B",null,"M","M","M"],"character_chosen":"THE_BANDIT","items_purchased":["Molten Egg 2"],"campfire_rested":0,"item_purchase_floors":[8],"current_hp_per_floor":[83,83,57,57,55,55,31,31,31,60,49,49,49,46,46,17,88,65,36,0,0,0],"gold":259,"neow_bonus":"TEN_PERCENT_HP_BONUS","is_daily":false,"chose_seed":false,"campfire_upgraded":3,"win_rate":0.0,"timestamp":1610983480,"path_taken":["M","?","M","?","?","R","E","$","T","?","M","R","?","M","R","BOSS","M","M","?"],"items_purchased_type":["Relic"],"build_version":"2020-12-22","purchased_purges":1,"victory":false,"max_hp_per_floor":[88,88,88,88,88,88,88,88,88,88,88,88,88,88,88,88,88,88,88,88,88,88],"card_choices":[{"not_picked":["wariomod:ThatsNotAll","wariomod:SmallSprint"],"picked":"wariomod:Boomsmack","floor":1},{"not_picked":["wariomod:DoubleDash","wariomod:BodyBlock"],"picked":"wariomod:BlastDash","floor":3},{"not_picked":["wariomod:DoubleDash","wariomod:SpikeSlash"],"picked":"wariomod:DanceDash","floor":5},{"not_picked":["wariomod:AbandonGame","wariomod:Hopshield"],"picked":"wariomod:DeadlyDash","floor":7},{"not_picked":["wariomod:DanceDash+1","wariomod:EndlessBlast+1"],"picked":"wariomod:Boomsmack+1","floor":11},{"not_picked":["wariomod:DisarmingMoves","wariomod:DropBash+1"],"picked":"wariomod:GoAgain","floor":14},{"not_picked":["wariomod:ForbiddenMagic","wariomod:AbandonGame"],"picked":"wariomod:BoomAndDoom","floor":16},{"not_picked":["wariomod:OctoJump","wariomod:DoubleDash+1"],"picked":"wariomod:SmackSlam+1","floor":18},{"not_picked":["wariomod:TempestBlasts","wariomod:DoubleDash+1"],"picked":"wariomod:SmallSprint+1","floor":19}],"player_experience":390425,"relics_obtained":[{"floor":7,"key":"CeramicFish"},{"floor":9,"key":"Regal Pillow"}],"event_choices":[{"damage_healed":0,"gold_gain":175,"player_choice":"AGREE","damage_taken":0,"max_hp_gain":0,"max_hp_loss":0,"event_name":"Liars Game","floor":2,"gold_loss":0,"cards_obtained":["Doubt"]},{"damage_healed":0,"gold_gain":0,"player_choice":"Forge","damage_taken":0,"max_hp_gain":0,"max_hp_loss":0,"event_name":"Accursed Blacksmith","floor":4,"gold_loss":0,"cards_upgraded":["wariomod:Boomsmack"]},{"damage_healed":29,"gold_gain":0,"player_choice":"Banana","damage_taken":0,"max_hp_gain":0,"max_hp_loss":0,"event_name":"Big Fish","floor":10,"gold_loss":0},{"damage_healed":0,"gold_gain":0,"player_choice":"2 cards matched","damage_taken":0,"max_hp_gain":0,"max_hp_loss":0,"event_name":"Match and Keep!","floor":13,"gold_loss":0,"cards_obtained":["Enlightenment","wariomod:ThatsNotAll"]}],"is_beta":false,"boss_relics":[{"not_picked":["Sozu","wariomod:DoomHat"],"picked":"Empty Cage"}],"items_purged_floors":[8],"is_endless":false,"potions_floor_spawned":[3,7,14,18],"killed_by":"Snecko","ascension_level":0}}