{"host":"k8gerrcpv9xe1nxe","time":1610951933,"event":{"mods":["2.2 Compatiblity","AchievementEnabler","BaseMod","Bestiary","Minty Spire (QoL Compilation)","Relic Stats","StSLib"],"gold_per_floor":[116,127,127,142,142,170,170,205,252,287,298,298,298,47,47,150,150,160,174,174,174,194,194,222,222,222,254,273,273,46,73,73,178,178,178,178],"floor_reached":35,"language":"ENG","playtime":1108,"items_purged":[],"score":722,"play_id":"6e4725a2-1518-4dee-a5fe-598b5ba392b2","local_time":"20210118013853","is_ascension_mode":true,"campfire_choices":[{"floor":7,"key":"REST"},{"floor":13,"key":"REST"},{"data":"Armaments","floor":15,"key":"SMITH"},{"floor":23,"key":"REST"},{"floor":25,"key":"REST"},{"floor":29,"key":"REST"},{"floor":32,"key":"REST"}],"circlet_count":0,"master_deck":["AscendersBane","Bash","Whirlwind","Blood for Blood","Reckless Charge","Reckless Charge+1","Rampage","Burning Pact+1","Armaments+1","Pummel","Hemokinesis","Shrug It Off","Uppercut","Flame Barrier","Demon Form","Pommel Strike","Inflame+1","Decay","Dual Wield+1","Heavy Blade+1","Dark Embrace","Feel No Pain+1","Reaper"],"relics":["Pandora\u0027s Box","StrikeDummy","Vajra","Bronze Scales","Centennial Puzzle","Shuriken","Fusion Hammer","Toxic Egg 2","Blood Vial","Ancient Tea Set","Anchor","Strawberry","Runic Pyramid"],"acts_visited":["Exordium","TheCity","TheBeyond"],"potions_floor_usage":[6,8,24],"damage_taken":[{"damage":0,"enemies":"2 Louse","floor":1,"turns":3},{"damage":5,"enemies":"Small Slimes","floor":2,"turns":3},{"damage":2,"enemies":"Cultist","floor":4,"turns":2},{"damage":12,"enemies":"3 Sentries","floor":6,"turns":3},{"damage":2,"enemies":"Gremlin Nob","floor":8,"turns":2},{"damage":22,"enemies":"3 Sentries","floor":10,"turns":4},{"damage":2,"enemies":"Blue Slaver","floor":11,"turns":2},{"damage":27,"enemies":"The Guardian","floor":16,"turns":7},{"damage":14,"enemies":"Chosen","floor":18,"turns":3},{"damage":0,"enemies":"3 Byrds","floor":19,"turns":3},{"damage":8,"enemies":"Snecko","floor":22,"turns":4},{"damage":28,"enemies":"Slavers","floor":24,"turns":3},{"damage":7,"enemies":"Gremlin Leader","floor":27,"turns":4},{"damage":18,"enemies":"Centurion and Healer","floor":28,"turns":3},{"damage":10,"enemies":"Book of Stabbing","floor":31,"turns":3},{"damage":45,"enemies":"Champ","floor":33,"turns":7},{"damage":84,"enemies":"3 Shapes","floor":35,"turns":11}],"seed_played":"8743351284411324099","potions_obtained":[{"floor":1,"key":"Energy Potion"},{"floor":2,"key":"FearPotion"},{"floor":10,"key":"Swift Potion"},{"floor":11,"key":"DistilledChaos"},{"floor":18,"key":"FearPotion"},{"floor":28,"key":"BloodPotion"}],"is_trial":false,"path_per_floor":["M","M","?","M","?","E","R","E","T","E","M","?","R","$","R","B",null,"M","M","?","?","M","R","E","R","T","E","M","R","$","E","R","B",null,"M"],"character_chosen":"IRONCLAD","items_purchased":["Shuriken","Anchor","Dark Embrace"],"campfire_rested":6,"item_purchase_floors":[14,30,30],"current_hp_per_floor":[72,67,51,49,41,29,53,51,51,29,27,20,44,44,44,17,64,50,50,50,50,42,66,38,62,62,57,41,65,65,64,87,42,76,0,0],"gold":178,"neow_bonus":"BOSS_RELIC","is_daily":false,"chose_seed":false,"campfire_upgraded":1,"win_rate":0.0,"timestamp":1610951933,"path_taken":["M","M","?","M","?","E","R","E","T","E","?","?","R","$","R","BOSS","M","M","?","?","M","R","E","R","T","E","M","R","$","E","R","BOSS","M"],"items_purchased_type":["Relic","Relic","Card"],"build_version":"2020-12-22","purchased_purges":0,"victory":false,"max_hp_per_floor":[80,80,80,80,80,80,80,80,80,80,80,80,80,80,80,80,80,80,80,80,80,80,80,80,80,80,80,80,80,80,87,87,87,87,87,87],"relic_stats":{"Blood Vial":8,"Centennial Puzzle":[30],"counters":[17,67],"Shuriken":[13],"Bronze Scales":[137],"Pandora\u0027s Box":["Whirlwind","Blood for Blood","Searing Blow","Reckless Charge","Reckless Charge","Rampage","Burning Pact","Armaments","Pummel"],"obtain_stats":[{"Vajra":8,"Ancient Tea Set":27,"Burning Blood":0,"Blood Vial":26,"Centennial Puzzle":10,"Anchor":30,"Shuriken":14,"Bronze Scales":9,"Strawberry":31,"Pandora\u0027s Box":0,"Fusion Hammer":17,"Toxic Egg 2":24,"StrikeDummy":6,"Runic Pyramid":34},{"Vajra":5,"Ancient Tea Set":13,"Burning Blood":0,"Blood Vial":12,"Centennial Puzzle":6,"Anchor":14,"Shuriken":7,"Bronze Scales":5,"Strawberry":15,"Pandora\u0027s Box":0,"Fusion Hammer":8,"Toxic Egg 2":12,"StrikeDummy":4,"Runic Pyramid":16},{"Vajra":13,"Ancient Tea Set":43,"Burning Blood":0,"Blood Vial":39,"Centennial Puzzle":17,"Anchor":46,"Shuriken":19,"Bronze Scales":13,"Strawberry":49,"Pandora\u0027s Box":0,"Fusion Hammer":26,"Toxic Egg 2":39,"StrikeDummy":11,"Runic Pyramid":56}]},"card_choices":[{"not_picked":["Heavy Blade","Rampage"],"picked":"Hemokinesis","floor":1},{"not_picked":["Reckless Charge","Havoc","Headbutt"],"picked":"SKIP","floor":2},{"not_picked":["Clash","Whirlwind","Cleave"],"picked":"SKIP","floor":4},{"not_picked":["Anger","Rampage"],"picked":"Shrug It Off","floor":6},{"not_picked":["Fire Breathing","Rage","Clash"],"picked":"SKIP","floor":8},{"not_picked":["Juggernaut","Intimidate"],"picked":"Uppercut","floor":10},{"not_picked":["Pommel Strike","Rupture"],"picked":"Flame Barrier","floor":11},{"not_picked":["Fiend Fire","Exhume"],"picked":"Demon Form","floor":16},{"not_picked":["Cleave","Second Wind+1"],"picked":"Pommel Strike","floor":18},{"not_picked":["Power Through+1","Perfected Strike"],"picked":"Inflame+1","floor":19},{"not_picked":["Sword Boomerang","Iron Wave","Berserk"],"picked":"SKIP","floor":22},{"not_picked":["Armaments+1","Havoc+1"],"picked":"Dual Wield+1","floor":24},{"not_picked":["Second Wind+1","Blood for Blood+1"],"picked":"Heavy Blade+1","floor":27},{"not_picked":["Warcry+1","Reckless Charge","Uppercut"],"picked":"SKIP","floor":28},{"not_picked":["Flex+1","Brutality"],"picked":"Feel No Pain+1","floor":31},{"not_picked":["Brutality","Offering+1"],"picked":"Reaper","floor":33}],"player_experience":139398,"relics_obtained":[{"floor":6,"key":"StrikeDummy"},{"floor":8,"key":"Vajra"},{"floor":9,"key":"Bronze Scales"},{"floor":10,"key":"Centennial Puzzle"},{"floor":24,"key":"Toxic Egg 2"},{"floor":26,"key":"Blood Vial"},{"floor":27,"key":"Ancient Tea Set"},{"floor":31,"key":"Strawberry"}],"event_choices":[{"damage_healed":0,"gold_gain":0,"player_choice":"Entered Light","damage_taken":16,"max_hp_gain":0,"max_hp_loss":0,"event_name":"Shining Light","floor":3,"gold_loss":0,"cards_upgraded":["Reckless Charge","Burning Pact"]},{"damage_healed":0,"gold_gain":0,"player_choice":"Damaged","damage_taken":8,"max_hp_gain":0,"max_hp_loss":0,"event_name":"Wheel of Change","floor":5,"gold_loss":0},{"cards_removed":["Searing Blow"],"damage_healed":0,"gold_gain":0,"player_choice":"Card Removal","damage_taken":7,"max_hp_gain":0,"max_hp_loss":0,"event_name":"Golden Wing","floor":12,"gold_loss":0},{"damage_healed":0,"gold_gain":0,"player_choice":"Smashed Altar","damage_taken":0,"max_hp_gain":0,"max_hp_loss":0,"event_name":"Forgotten Altar","floor":20,"gold_loss":0,"cards_obtained":["Decay"]},{"damage_healed":0,"gold_gain":0,"player_choice":"Ignored","damage_taken":0,"max_hp_gain":0,"max_hp_loss":0,"event_name":"Vampires","floor":21,"gold_loss":0}],"is_beta":false,"boss_relics":[{"not_picked":["Cursed Key","Busted Crown"],"picked":"Fusion Hammer"},{"not_picked":["Snecko Eye","Runic Cube"],"picked":"Runic Pyramid"}],"items_purged_floors":[],"is_endless":false,"potions_floor_spawned":[1,2,10,11,18,28,31],"killed_by":"3 Shapes","ascension_level":10}}