{"host":"h4qgcirtxz6qax9j","time":1610971565,"event":{"mods":["AchievementEnabler","BaseMod","Colored Powertips","Hermit","Minty Spire (QoL Compilation)","StSLib","SuperFastMode","The Servant 0.9.4"],"gold_per_floor":[112,128,139,158,158,158,158,172,172,183,194,224,224,224,224,322,322,297,310,322,77,88,88,88,88,88,113,113,128,138,138,138,233,233,244,13,25,37,57,57,68,68,68,88,107,124,137,154,154,154],"floor_reached":51,"language":"KOR","playtime":2967,"items_purged":[],"score":731,"play_id":"e9ead562-7ebb-46b3-b498-7312982160b2","local_time":"20210118210605","is_ascension_mode":false,"campfire_choices":[{"data":"Embodiment","floor":7.0,"key":"SMITH"},{"floor":13.0,"key":"REST"},{"data":"Exchange","floor":15.0,"key":"SMITH"},{"floor":23.0,"key":"REST"},{"data":"MurderousAura","floor":25.0,"key":"SMITH"},{"floor":28.0,"key":"REST"},{"floor":32.0,"key":"REST"},{"floor":40.0,"key":"REST"},{"floor":42.0,"key":"REST"},{"floor":49.0,"key":"REST"}],"circlet_count":0,"master_deck":["Strike_S","Strike_S","Strike_S","Strike_S","Defend_S+1","Defend_S","Defend_S","Defend_S","KidneyShot","Exchange+1","ShatteredReality","ShatteredReality","DualDimension+1","Embodiment+1","Contraction","Potential","Desolation","MurderousAura+1","BottledTime","Alleviate","BottledTime+1","Normality","ShiftingGears","Replace","TheWorld","InstantArmor","BottledTime+1","Potential+1","Revamp+1","ShiftingGears","BottledTime","Potential"],"relics":["SplendidAttire","Strawberry","PocketWatch","Question Card","StoneMask","Membership Card","Regal Pillow","Bottled Tornado","Peace Pipe","Lizard Tail","War Paint","Frozen Egg 2"],"acts_visited":["Exordium","TheCity","TheBeyond"],"potions_floor_usage":[],"damage_taken":[{"damage":0.0,"enemies":"Jaw Worm","floor":1.0,"turns":5.0},{"damage":2.0,"enemies":"2 Louse","floor":2.0,"turns":2.0},{"damage":0.0,"enemies":"Small Slimes","floor":3.0,"turns":3.0},{"damage":8.0,"enemies":"Red Slaver","floor":4.0,"turns":4.0},{"damage":4.0,"enemies":"Looter","floor":8.0,"turns":4.0},{"damage":0.0,"enemies":"Blue Slaver","floor":10.0,"turns":5.0},{"damage":12.0,"enemies":"Large Slime","floor":11.0,"turns":8.0},{"damage":32.0,"enemies":"3 Sentries","floor":12.0,"turns":7.0},{"damage":10.0,"enemies":"The Guardian","floor":16.0,"turns":9.0},{"damage":22.0,"enemies":"2 Thieves","floor":18.0,"turns":5.0},{"damage":0.0,"enemies":"Chosen","floor":19.0,"turns":4.0},{"damage":27.0,"enemies":"Snecko","floor":20.0,"turns":6.0},{"damage":9.0,"enemies":"Centurion and Healer","floor":22.0,"turns":6.0},{"damage":54.0,"enemies":"Gremlin Leader","floor":27.0,"turns":5.0},{"damage":20.0,"enemies":"Chosen and Byrds","floor":29.0,"turns":6.0},{"damage":13.0,"enemies":"Snecko","floor":30.0,"turns":6.0},{"damage":10.0,"enemies":"Automaton","floor":33.0,"turns":11.0},{"damage":78.0,"enemies":"3 Darklings","floor":35.0,"turns":10.0},{"damage":3.0,"enemies":"Orb Walker","floor":37.0,"turns":3.0},{"damage":17.0,"enemies":"Transient","floor":38.0,"turns":5.0},{"damage":20.0,"enemies":"3 Darklings","floor":39.0,"turns":9.0},{"damage":40.0,"enemies":"Jaw Worm Horde","floor":41.0,"turns":8.0},{"damage":41.0,"enemies":"4 Shapes","floor":44.0,"turns":7.0},{"damage":23.0,"enemies":"Sphere and 2 Shapes","floor":45.0,"turns":10.0},{"damage":53.0,"enemies":"Transient","floor":46.0,"turns":5.0},{"damage":21.0,"enemies":"3 Darklings","floor":47.0,"turns":8.0},{"damage":1.0,"enemies":"Spire Growth","floor":48.0,"turns":5.0},{"damage":39,"enemies":"Donu and Deca","floor":50,"turns":11}],"seed_played":"-2587729925441256954","potions_obtained":[{"floor":2.0,"key":"FairyPotion"},{"floor":4.0,"key":"Swift Potion"},{"floor":12.0,"key":"Block Potion"},{"floor":20.0,"key":"Explosive Potion"},{"floor":29.0,"key":"Swift Potion"},{"floor":35.0,"key":"LiquidMemories"},{"floor":44.0,"key":"ColorlessPotion"},{"floor":46.0,"key":"BlessingOfTheForge"},{"floor":48.0,"key":"SpeedPotion"}],"is_trial":false,"path_per_floor":["M","M","M","M","?","?","R","M","T","M","M","E","R","?","R","B",null,"M","M","M","$","M","R","?","R","T","E","R","M","M","?","R","B",null,"M","$","M","M","M","R","M","R","T","M","M","M","M","M","R","B",null],"character_chosen":"THE_SERVANT","items_purchased":["Membership Card","Regal Pillow","BottledTime","Lizard Tail","War Paint"],"campfire_rested":7,"item_purchase_floors":[21,21,21,36,36],"current_hp_per_floor":[72,70,70,62,62,67,67,63,63,63,51,19,42,61,61,51,77,58,61,37,37,34,73,73,73,73,22,61,47,37,21,62,55,89,14,14,14,30,13,55,24,67,67,38,24,27,9,11,57,24],"gold":154,"neow_bonus":"RANDOM_COMMON_RELIC","is_daily":false,"chose_seed":false,"campfire_upgraded":3,"win_rate":0.0,"timestamp":1610971565,"path_taken":["M","M","M","M","?","?","R","M","T","M","?","E","R","?","R","BOSS","M","M","M","$","M","R","?","R","T","E","R","?","M","?","R","BOSS","M","$","M","M","M","R","M","R","T","M","M","M","M","M","R","BOSS"],"items_purchased_type":["Relic","Relic","Card","Relic","Relic"],"build_version":"2020-12-22","purchased_purges":0,"victory":true,"max_hp_per_floor":[72,72,72,72,72,77,77,77,77,77,77,77,77,77,77,77,77,78,79,80,80,82,82,79,79,79,80,80,82,83,88,88,89,89,90,90,91,92,93,93,96,96,96,100,103,104,105,106,106,108],"card_choices":[{"not_picked":["Spin","FanOfKnives"],"picked":"ShatteredReality","floor":1.0},{"not_picked":["Desolation","Barrier"],"picked":"ShatteredReality","floor":2.0},{"not_picked":["WasteNot","BottledTime"],"picked":"DualDimension","floor":3.0},{"not_picked":["Defy","SurpressingFire"],"picked":"Embodiment","floor":4.0},{"not_picked":["TimeWarp","MoonPhase"],"picked":"Contraction","floor":8.0},{"not_picked":["Comet","Defy"],"picked":"Potential","floor":10.0},{"not_picked":["Reset","FastForward","Defy"],"picked":"SKIP","floor":11.0},{"not_picked":["Rearm","Manipulate"],"picked":"Desolation","floor":12.0},{"not_picked":["Solidify","Sunlight","PendulumOfEternity"],"picked":"MurderousAura","floor":16.0},{"not_picked":["Rewind","Moondial","Luminosity"],"picked":"BottledTime","floor":18.0},{"not_picked":["Luminosity","Contraction","Starlight"],"picked":"Alleviate","floor":19.0},{"not_picked":["Foresight","Misdirection","Read","ReturningBlade"],"picked":"SKIP","floor":20.0},{"not_picked":["Ricochet+1","Starlight","FanOfKnives+1","Potential+1"],"picked":"SKIP","floor":22.0},{"not_picked":["Defy","Luminosity","PendulumOfEternity","Starlight"],"picked":"SKIP","floor":27.0},{"not_picked":["BestPractice","RealityMarble","Spin+1"],"picked":"ShiftingGears","floor":29.0},{"not_picked":["Defy","MoonPhase","DoubleEdge"],"picked":"Replace","floor":30.0},{"not_picked":["Dilation","Solidify","Sunlight"],"picked":"TheWorld","floor":33.0},{"not_picked":["Rewind+1","DoubleEdge","Revamp"],"picked":"InstantArmor","floor":35.0},{"not_picked":["FastForward","DoubleEdge+1","TimeWarp","Read"],"picked":"SKIP","floor":37.0},{"not_picked":["MurderousAura","Unruled","Rearm+1"],"picked":"BottledTime+1","floor":38.0},{"not_picked":["DoubleEdge+1","Rearm","Unruled+1"],"picked":"Potential+1","floor":39.0},{"not_picked":["Replace+1","Barrier+1","Shuttle+1"],"picked":"Revamp+1","floor":41.0},{"not_picked":["MoonPhase+1","Potential","Moonlight+1"],"picked":"ShiftingGears","floor":44.0},{"not_picked":["Read","FastForward","Desolation"],"picked":"BottledTime","floor":45.0},{"not_picked":["Revamp+1","Moondial+1","Rewind+1"],"picked":"Potential","floor":46.0},{"not_picked":["Hightail+1","DoubleEdge","Barrier+1","Defy"],"picked":"SKIP","floor":47.0},{"not_picked":["Comet","Starlight+1","Solidify","Misdirection"],"picked":"SKIP","floor":48.0}],"player_experience":52478,"relics_obtained":[{"floor":9.0,"key":"PocketWatch"},{"floor":12.0,"key":"Question Card"},{"floor":26.0,"key":"Bottled Tornado"},{"floor":27.0,"key":"Peace Pipe"},{"floor":43.0,"key":"Frozen Egg 2"}],"event_choices":[{"damage_healed":0.0,"max_hp_gain":0.0,"max_hp_loss":0.0,"gold_gain":0.0,"event_name":"Living Wall","player_choice":"Grow","floor":5.0,"gold_loss":0.0,"damage_taken":0.0,"cards_upgraded":["DualDimension"]},{"damage_healed":0.0,"max_hp_gain":5.0,"max_hp_loss":0.0,"gold_gain":0.0,"event_name":"Big Fish","player_choice":"Donut","floor":6.0,"gold_loss":0.0,"damage_taken":0.0},{"damage_healed":19.0,"max_hp_gain":0.0,"max_hp_loss":0.0,"gold_gain":0.0,"event_name":"Mushrooms","player_choice":"Healed and dodged fight","floor":14.0,"gold_loss":0.0,"damage_taken":0.0,"cards_obtained":["Parasite"]},{"damage_healed":0.0,"max_hp_gain":0.0,"max_hp_loss":0.0,"gold_gain":0.0,"cards_transformed":["Parasite"],"event_name":"Transmorgrifier","player_choice":"Transformed","floor":24.0,"gold_loss":0.0,"damage_taken":0.0,"cards_obtained":["Normality"]},{"damage_healed":0.0,"max_hp_gain":5.0,"max_hp_loss":0.0,"gold_gain":0.0,"event_name":"Forgotten Altar","player_choice":"Shed Blood","floor":31.0,"gold_loss":0.0,"damage_taken":21.0}],"is_beta":false,"boss_relics":[{"not_picked":["SlaversCollar","Runic Dome"],"picked":"StoneMask"},{"not_picked":["Runic Pyramid","MysterySword"],"picked":"SplendidAttire"}],"items_purged_floors":[],"is_endless":false,"potions_floor_spawned":[2,4,12,16,18,20,29,35,37,44,46,48],"ascension_level":0}}