{"host":"l84l8xigz5v5foa2","time":1610947023,"event":{"mods":["2.2 Compatiblity","AchievementEnabler","BaseMod","Better Note","Better Vampires","Card Filter","Colored Map","DeckTracker","Downfall","Gremlin Skip","Highlight Path","Keyboard Shortcuts","Minty Spire (QoL Compilation)","Permanent Neow","Quick Restart","Relic Filter","Relic Stats","StSLib","SuperFastMode","Transform Curses","Unknown Chances"],"gold_per_floor":[99,112,124,124,124,124,177,77,87,113,113,145,156,188,202,302,302,302,320,320,320,320,320,320,345,83,99,99,34,34,49,66,164,164,64,80,100,221,221,246,246,146,146,71,91,91,91,126,139,139,139,164,42,42,42,42],"floor_reached":57,"language":"ENG","playtime":4565,"items_purged":["Guardian:Strike_Guardian","Guardian:Strike_Guardian","Guardian:Defend_Guardian","downfall:Aged","Guardian:Defend_Guardian"],"score":1417,"play_id":"1b8f0361-5221-46aa-aa24-79eb108ef83e","local_time":"20210118141703","is_ascension_mode":true,"campfire_choices":[{"data":"Guardian:TwinSlam","floor":1.0,"key":"SMITH"},{"floor":6.0,"key":"RECALL"},{"data":"Guardian:TemporalShield","floor":8.0,"key":"SMITH"},{"data":"Guardian:PiercingHide","floor":11.0,"key":"SMITH"},{"data":"Guardian:SentryBeam","floor":18.0,"key":"SMITH"},{"data":"Guardian:Recover","floor":23.0,"key":"SMITH"},{"data":"Guardian:Orbwalk","floor":30.0,"key":"SMITH"},{"data":"Guardian:TimeCapacitor","floor":35.0,"key":"SMITH"},{"data":"Guardian:FuturePlans","floor":42.0,"key":"SMITH"},{"data":"Guardian:GemFinder","floor":46.0,"key":"SMITH"},{"data":"Guardian:Defend_Guardian","floor":54,"key":"SMITH"}],"circlet_count":0,"master_deck":["Guardian:Defend_Guardian+1","Guardian:Defend_Guardian","Guardian:TwinSlam+1","Guardian:TemporalShield+1","Guardian:Recover+1","Guardian:PiercingHide+1","Guardian:TimeCapacitor+1","Guardian:SentryBeam+1","Guardian:Suspension+1","Guardian:TemporalStrike+1","Guardian:FastForward+1","Guardian:Suspension+1","Guardian:Repulse+1","Guardian:Clone+1","Guardian:Orbwalk+1","Guardian:ChargeCore+1","Guardian:Reroute","Guardian:PiercingHide+1","Guardian:GemFinder+1","Guardian:ExploitGems+1","Guardian:MultiBeam+1","Guardian:Recover+1","Guardian:FuturePlans+1","Guardian:BodySlam+1","Guardian:Incinerate+1","Guardian:Clone+1"],"relics":["Guardian:ModeShifter","Juzu Bracelet","downfall:HeartBlessingRed","Odd Mushroom","Guardian:PocketSentry","Toxic Egg 2","sneckomod:SneckoTalon","Mercury Hourglass","Membership Card","Philosopher\u0027s Stone","downfall:HeartBlessingGreen","Chemical X","PreservedInsect","Pantograph","downfall:HeartBlessingBlue","Guardian:StasisEgg","Akabeko","Letter Opener"],"acts_visited":["Exordium","TheCity","TheBeyond","TheEnding"],"potions_floor_usage":[52,56],"damage_taken":[{"damage":3.0,"enemies":"Small Slimes","floor":2.0,"turns":4.0},{"damage":1.0,"enemies":"Jaw Worm","floor":3.0,"turns":4.0},{"damage":0.0,"enemies":"2 Louse","floor":9.0,"turns":3.0},{"damage":8.0,"enemies":"The Mushroom Lair","floor":10.0,"turns":7.0},{"damage":15.0,"enemies":"3 Sentries","floor":12.0,"turns":11.0},{"damage":1.0,"enemies":"Lots of Slimes","floor":13.0,"turns":4.0},{"damage":0.0,"enemies":"Lagavulin","floor":14.0,"turns":8.0},{"damage":0.0,"enemies":"3 Louse","floor":15.0,"turns":3.0},{"damage":0.0,"enemies":"DF_ARCHETYPE_STREAMLINE","floor":16.0,"turns":11.0},{"damage":1.0,"enemies":"Spheric Guardian","floor":19.0,"turns":4.0},{"damage":0.0,"enemies":"Gremlin Leader","floor":25.0,"turns":8.0},{"damage":0.0,"enemies":"downfall:FleeingMerchant","floor":26.0,"turns":4.0},{"damage":0.0,"enemies":"Centurion and Healer","floor":27.0,"turns":7.0},{"damage":0.0,"enemies":"downfall:FleeingMerchant","floor":29.0,"turns":4.0},{"damage":0.0,"enemies":"Snake Plant","floor":31.0,"turns":3.0},{"damage":0.0,"enemies":"Snecko","floor":32.0,"turns":4.0},{"damage":0.0,"enemies":"IC_MUSHROOM_ARCHETYPE","floor":33.0,"turns":7.0},{"damage":0.0,"enemies":"3 Shapes","floor":36.0,"turns":4.0},{"damage":0.0,"enemies":"Orb Walker","floor":37.0,"turns":3.0},{"damage":0.0,"enemies":"downfall:FleeingMerchant","floor":38.0,"turns":4.0},{"damage":4.0,"enemies":"Nemesis","floor":40.0,"turns":7.0},{"damage":0.0,"enemies":"Jaw Worm Horde","floor":45.0,"turns":2.0},{"damage":0.0,"enemies":"Giant Head","floor":48.0,"turns":5.0},{"damage":2.0,"enemies":"3 Darklings","floor":49.0,"turns":3.0},{"damage":41,"enemies":"WA_ARCHETYPE_DIVINITY","floor":50,"turns":8},{"damage":17,"enemies":"downfall:CharBossMerchant","floor":52,"turns":5},{"damage":5,"enemies":"downfall:NeowBoss","floor":55,"turns":9},{"damage":15,"enemies":"downfall:NeowBossFinal","floor":56,"turns":7}],"seed_played":"2887028126327203075","potions_obtained":[{"floor":10.0,"key":"Block Potion"},{"floor":13.0,"key":"ColorlessPotion"},{"floor":14.0,"key":"hexamod:SoulburnPotion"},{"floor":16.0,"key":"ColorlessPotion"},{"floor":27.0,"key":"Dexterity Potion"},{"floor":31.0,"key":"Guardian:DefensiveModePotion"},{"floor":33.0,"key":"Regen Potion"},{"floor":40.0,"key":"SkillPotion"},{"floor":45.0,"key":"sneckomod:MuddlingPotion"}],"is_trial":false,"path_per_floor":["R","M","M","?","?","R","T","R","M","?","R","E","M","E","M","B",null,"R","M","?","?","?","R","T","E","$","M","?","$","R","M","M","B",null,"R","M","M","$","?","E","T","R","?","$","M","R","?","E","M","B",null,"E","$","R","B","B",null],"character_chosen":"GUARDIAN","items_purchased":["Membership Card","Guardian:Clone+1","Guardian:Orbwalk","Guardian:FuturePlans","Guardian:Gem_Synthetic","Chemical X","Guardian:Gem_Purple"],"campfire_rested":0,"item_purchase_floors":[26,26,26,38,38,38,53],"current_hp_per_floor":[80,77,76,76,76,76,76,76,76,68,68,53,52,52,52,52,80,80,79,71,71,71,71,71,71,71,71,71,71,71,71,71,71,80,80,80,80,80,80,76,76,86,86,86,86,86,86,86,84,49,90,82,82,82,85,75],"gold":42,"neow_bonus":"TRANSFORM_CARD","is_daily":false,"chose_seed":false,"campfire_upgraded":10,"win_rate":0.0,"timestamp":1610947023,"path_taken":["R","M","M","?","?","R","T","R","M","?","R","E","M","E","M","BOSS","R","M","?","?","?","R","T","E","$","M","?","?","R","M","M","BOSS","R","M","M","$","?","E","T","R","?","$","M","R","?","E","M","BOSS","E","$","R","BOSS","BOSS"],"items_purchased_type":["Relic","Card","Card","Card","Card","Relic","Card"],"build_version":"2020-12-22","purchased_purges":5,"victory":true,"max_hp_per_floor":[80,80,80,80,80,80,80,80,80,80,80,80,80,80,80,80,80,80,80,80,80,80,80,80,80,80,80,80,80,80,80,80,80,80,80,80,80,80,80,80,80,90,90,90,90,90,90,90,90,90,90,90,90,90,90,90],"relic_stats":{"counters":[28,152],"Pantograph":19,"PreservedInsect":225,"Juzu Bracelet":1,"Chemical X":[15],"Letter Opener":[105],"obtain_stats":[{"downfall:HeartBlessingRed":8,"Guardian:StasisEgg":43,"Guardian:ModeShifter":0,"downfall:HeartBlessingGreen":35,"PreservedInsect":40,"Juzu Bracelet":7,"Guardian:PocketSentry":12,"Letter Opener":52,"Odd Mushroom":10,"sneckomod:SneckoTalon":17,"Akabeko":48,"Mercury Hourglass":25,"downfall:HeartBlessingBlue":42,"Pantograph":41,"Philosopher\u0027s Stone":34,"Membership Card":26,"Chemical X":38,"Toxic Egg 2":14},{"downfall:HeartBlessingRed":2,"Guardian:StasisEgg":21,"Guardian:ModeShifter":0,"downfall:HeartBlessingGreen":17,"PreservedInsect":21,"Juzu Bracelet":2,"Guardian:PocketSentry":5,"Letter Opener":26,"Odd Mushroom":4,"sneckomod:SneckoTalon":9,"Akabeko":23,"Mercury Hourglass":11,"downfall:HeartBlessingBlue":21,"Pantograph":21,"Philosopher\u0027s Stone":17,"Membership Card":12,"Chemical X":20,"Toxic Egg 2":7},{"downfall:HeartBlessingRed":8,"Guardian:StasisEgg":113,"Guardian:ModeShifter":0,"downfall:HeartBlessingGreen":96,"PreservedInsect":113,"Juzu Bracelet":8,"Guardian:PocketSentry":29,"Letter Opener":136,"Odd Mushroom":18,"sneckomod:SneckoTalon":55,"Akabeko":120,"Mercury Hourglass":67,"downfall:HeartBlessingBlue":113,"Pantograph":113,"Philosopher\u0027s Stone":96,"Membership Card":71,"Chemical X":106,"Toxic Egg 2":41}],"Mercury Hourglass":[216]},"card_choices":[{"not_picked":["Guardian:VentSteam","Guardian:Harden"],"picked":"Guardian:Recover","floor":2.0},{"not_picked":["Guardian:WalkerClaw","Guardian:BronzeArmor"],"picked":"Guardian:Gem_White","floor":3.0},{"not_picked":["Guardian:Incinerate","Guardian:ChargeCore"],"picked":"Guardian:PiercingHide","floor":9.0},{"not_picked":["Guardian:PrismaticBeam","Guardian:CrystalBeam"],"picked":"Guardian:TimeCapacitor","floor":10.0},{"not_picked":["Guardian:PiercingHide","Guardian:Gem_Purple"],"picked":"Guardian:SentryBeam","floor":12.0},{"not_picked":["Guardian:PolyBeam","Guardian:WalkerClaw"],"picked":"Guardian:Gem_Synthetic","floor":13.0},{"not_picked":["Guardian:Incinerate","Guardian:Gem_Blue"],"picked":"Guardian:Suspension+1","floor":14.0},{"not_picked":["Guardian:Gem_Cyan","Guardian:PrimingBeam"],"picked":"Guardian:TemporalStrike","floor":15.0},{"not_picked":["Guardian:StasisEngine","Guardian:FierceBash"],"picked":"Guardian:FastForward+1","floor":16.0},{"not_picked":["Guardian:WalkerClaw","Guardian:Gem_Cyan","Guardian:Gem_Blue"],"picked":"SKIP","floor":19.0},{"not_picked":["Guardian:GemFire","Guardian:TimeCapacitor","Guardian:Gem_Cyan"],"picked":"SKIP","floor":25.0},{"not_picked":["Guardian:VentSteam+1","Guardian:EvasiveProtocol"],"picked":"Guardian:Repulse+1","floor":26.0},{"not_picked":["Guardian:Gem_Cyan","Guardian:Planning+1"],"picked":"Guardian:ChargeCore+1","floor":27.0},{"not_picked":["Guardian:TemporalShield+1","Guardian:BodySlam"],"picked":"Guardian:Reroute","floor":29.0},{"not_picked":["Guardian:Incinerate","Guardian:WalkerClaw"],"picked":"Guardian:PiercingHide+1","floor":31.0},{"not_picked":["Guardian:GuardianWhirl","Guardian:Incinerate"],"picked":"Guardian:GemFinder","floor":32.0},{"not_picked":["Guardian:StasisField+1","Guardian:BaubleBeam"],"picked":"Guardian:ExploitGems+1","floor":33.0},{"not_picked":["Guardian:Gem_Cyan","Guardian:Gem_Red"],"picked":"Guardian:Gem_Green","floor":33.0},{"not_picked":["Guardian:WalkerClaw","Guardian:BronzeOrb+1"],"picked":"Guardian:MultiBeam+1","floor":36.0},{"not_picked":["Guardian:Gem_Cyan","Guardian:Gem_Lightblue"],"picked":"Guardian:Gem_Green","floor":36.0},{"not_picked":["Guardian:Gem_Cyan","Guardian:TimeCapacitor+1"],"picked":"Guardian:Gem_White","floor":37.0},{"not_picked":["Guardian:Gem_Lightblue","Guardian:Gem_Cyan"],"picked":"Guardian:Gem_Red","floor":37.0},{"not_picked":["Guardian:ArmoredProtocol","Guardian:Planning+1"],"picked":"Guardian:Recover+1","floor":38.0},{"not_picked":["Guardian:Incinerate+1","Guardian:Reroute"],"picked":"Guardian:BodySlam+1","floor":40.0},{"not_picked":["Guardian:BodySlam","Guardian:FloatingOrbs"],"picked":"Guardian:Incinerate+1","floor":45.0},{"not_picked":["Guardian:ChargeUp+1","Guardian:SentryBeam+1"],"picked":"Guardian:Gem_Synthetic","floor":48.0},{"not_picked":["Guardian:ShieldSpikes+1","Guardian:Gem_Fragmented"],"picked":"Guardian:Clone+1","floor":49.0},{"not_picked":["Guardian:Reroute+1","Guardian:ChargeUp+1","Guardian:DonusPower+1"],"picked":"SKIP","floor":52}],"player_experience":3301761,"relics_obtained":[{"floor":7.0,"key":"Juzu Bracelet"},{"floor":10.0,"key":"Odd Mushroom"},{"floor":12.0,"key":"Guardian:PocketSentry"},{"floor":14.0,"key":"Toxic Egg 2"},{"floor":25.0,"key":"Mercury Hourglass"},{"floor":40.0,"key":"PreservedInsect"},{"floor":41.0,"key":"Pantograph"},{"floor":48.0,"key":"Akabeko"},{"floor":52,"key":"Letter Opener"}],"event_choices":[{"damage_healed":0.0,"max_hp_gain":0.0,"max_hp_loss":0.0,"gold_gain":0.0,"event_name":"Mushrooms","player_choice":"Fought Mushrooms","floor":10.0,"gold_loss":0.0,"damage_taken":0.0},{"damage_healed":0.0,"max_hp_gain":0.0,"max_hp_loss":0.0,"gold_gain":0.0,"event_name":"betterNote:BetterNote","player_choice":"Ignored","floor":22.0,"gold_loss":0.0,"damage_taken":0.0,"cards_obtained":["Night Terror"]},{"damage_healed":0.0,"max_hp_gain":0.0,"max_hp_loss":0.0,"gold_gain":0.0,"event_name":"The Library","player_choice":"Read","floor":28.0,"gold_loss":0.0,"damage_taken":0.0,"cards_obtained":["Guardian:Gem_Synthetic"]}],"is_beta":false,"boss_relics":[{"not_picked":["SacredBark","Cursed Key"],"picked":"sneckomod:SneckoTalon"},{"not_picked":["Runic Pyramid","Guardian:ModeShifterPlus"],"picked":"Philosopher\u0027s Stone"}],"items_purged_floors":[26,29,38,44,53],"is_endless":false,"potions_floor_spawned":[10,13,14,15,16,27,31,33,40,45,48,49],"ascension_level":1}}