{"host":"l84l8xigz5v5foa2","time":1610940358,"event":{"mods":["2.2 Compatiblity","AchievementEnabler","BaseMod","Better Note","Better Vampires","Card Filter","Colored Map","DeckTracker","Downfall","Gremlin Skip","Highlight Path","Keyboard Shortcuts","Minty Spire (QoL Compilation)","Permanent Neow","Quick Restart","Relic Filter","Relic Stats","StSLib","SuperFastMode","Transform Curses","Unknown Chances"],"gold_per_floor":[0,12,29,29,29,58,81,81,81,81,81,66,66,93,108,206,206,106,116,116,143,143,174,226,226,236,261,276,304,204,204,214,326,326,326,353,364,375,471,489,489,389,424,141,175,207,207,219,230,230,230,255,111,111,111,111],"floor_reached":57,"language":"ENG","playtime":3527,"items_purged":["hexamod:Strike","hexamod:Strike+1"],"score":1533,"play_id":"6a89efea-afe5-42ae-9030-dba0cf7fcae1","local_time":"20210118122558","is_ascension_mode":true,"campfire_choices":[{"data":"hexamod:Float","floor":1.0,"key":"SMITH"},{"data":"hexamod:ShieldOfDarkness","floor":8.0,"key":"SMITH"},{"data":"hexamod:HauntingEcho","floor":10.0,"key":"SMITH"},{"data":"hexamod:FastForward","floor":13.0,"key":"SMITH"},{"data":"hexamod:RainOfEmbers","floor":18.0,"key":"SMITH"},{"data":"hexamod:HexaLevel","floor":25.0,"key":"SMITH"},{"data":"hexamod:AdvancingGuard","floor":30.0,"key":"SMITH"},{"floor":35.0,"key":"RECALL"},{"data":"hexamod:Rewind","floor":42.0,"key":"SMITH"},{"data":"hexamod:HeatCrush","floor":47.0,"key":"SMITH"},{"data":"hexamod:ApocalypseNow","floor":54,"key":"SMITH"}],"circlet_count":0,"master_deck":["hexamod:Strike+1","hexamod:Strike+1","hexamod:Defend+1","hexamod:Defend+1","hexamod:Defend+1","hexamod:Defend+1","hexamod:Sear+1","hexamod:Float+1","hexamod:HauntingEcho+1","hexamod:ShieldOfDarkness+1","hexamod:SpectersWail+1","hexamod:FastForward+1","hexamod:RainOfEmbers+1","hexamod:HexaLevel+1","hexamod:AdvancingGuard+1","hexamod:HeatMetal+1","hexamod:Incineration+1","hexamod:TimeWarp+1","hexamod:ShieldOfDarkness+1","hexamod:RecurringNightmare+1","hexamod:NightmareGuise+1","hexamod:ThermalTransfer+1","hexamod:EtherealExpedition+1","hexamod:ForkedFlame+1","hexamod:ApocalypseNow+1","hexamod:Hexaguard+1","hexamod:RadiantFlame+1","hexamod:ForkedFlame+1","hexamod:Rewind+1","hexamod:NightmareGuise+1","hexamod:GhostOfSpirePast+1","hexamod:GhostShield+1","hexamod:ThirdSeal","hexamod:Haunt+1","hexamod:StepThrough+1","hexamod:SixthSeal","hexamod:HeatCrush+1","hexamod:Haunt+1","hexamod:ApocalypseNow+1"],"relics":["hexamod:SpiritBrand","Thread and Needle","Pen Nib","Pantograph","downfall:ShatteredFragment","Singing Bowl","Philosopher\u0027s Stone","downfall:HeartBlessingGreen","hexamod:TheBrokenSeal","Oddly Smooth Stone","Question Card","Strawberry","Bronze Scales","Orichalcum","downfall:HeartBlessingBlue","Coffee Dripper","hexamod:TheBrokenSeal","DollysMirror","Bottled Tornado","downfall:HeartBlessingRed","Omamori","hexamod:RecyclingMachine","hexamod:TheBrokenSeal","hexamod:TheBrokenSeal","hexamod:InflammatoryLetter","hexamod:CandleOfCauterizing","Guardian:BottledAnomaly"],"acts_visited":["TheCity","TheBeyond","TheEnding"],"potions_floor_usage":[56],"damage_taken":[{"damage":0.0,"enemies":"Small Slimes","floor":2.0,"turns":3.0},{"damage":0.0,"enemies":"2 Louse","floor":3.0,"turns":2.0},{"damage":6.0,"enemies":"Lagavulin","floor":6.0,"turns":8.0},{"damage":0.0,"enemies":"downfall:FleeingMerchant","floor":12.0,"turns":4.0},{"damage":4.0,"enemies":"Gremlin Nob","floor":14.0,"turns":5.0},{"damage":0.0,"enemies":"Jaw Worm","floor":15.0,"turns":3.0},{"damage":14.0,"enemies":"WA_ARCHETYPE_RETAIN","floor":16.0,"turns":6.0},{"damage":1.0,"enemies":"3 Byrds","floor":19.0,"turns":4.0},{"damage":23.0,"enemies":"Shell Parasite","floor":21.0,"turns":6.0},{"damage":15.0,"enemies":"Slavers","floor":23.0,"turns":4.0},{"damage":6.0,"enemies":"Snake Plant","floor":26.0,"turns":3.0},{"damage":3.0,"enemies":"Book of Stabbing","floor":27.0,"turns":5.0},{"damage":13.0,"enemies":"Chosen and Byrds","floor":28.0,"turns":3.0},{"damage":21.0,"enemies":"Slavers","floor":29.0,"turns":6.0},{"damage":0.0,"enemies":"Cultist and Chosen","floor":32.0,"turns":3.0},{"damage":44.0,"enemies":"IC_MUSHROOM_ARCHETYPE","floor":33.0,"turns":6.0},{"damage":13.0,"enemies":"3 Darklings","floor":36.0,"turns":7.0},{"damage":0.0,"enemies":"3 Shapes","floor":37.0,"turns":4.0},{"damage":23.0,"enemies":"Jaw Worm Horde","floor":38.0,"turns":4.0},{"damage":0.0,"enemies":"downfall:FleeingMerchant","floor":39.0,"turns":4.0},{"damage":29.0,"enemies":"4 Shapes","floor":40.0,"turns":6.0},{"damage":22.0,"enemies":"Giant Head","floor":43.0,"turns":7.0},{"damage":2.0,"enemies":"3 Darklings","floor":45.0,"turns":8.0},{"damage":26.0,"enemies":"Reptomancer","floor":46.0,"turns":7.0},{"damage":0.0,"enemies":"Maw","floor":48.0,"turns":4.0},{"damage":0,"enemies":"Jaw Worm Horde","floor":49,"turns":3},{"damage":19,"enemies":"SI_POISON_ARCHETYPE","floor":50,"turns":3},{"damage":0,"enemies":"downfall:CharBossMerchant","floor":52,"turns":4},{"damage":2,"enemies":"downfall:NeowBoss","floor":55,"turns":7},{"damage":30,"enemies":"downfall:NeowBossFinal","floor":56,"turns":5}],"seed_played":"4233748202889013038","potions_obtained":[{"floor":2.0,"key":"SpeedPotion"},{"floor":6.0,"key":"SneckoOil"},{"floor":12.0,"key":"Guardian:BlockOnCardUsePotion"},{"floor":14.0,"key":"PowerPotion"},{"floor":14.0,"key":"Guardian:BlockOnCardUsePotion"},{"floor":15.0,"key":"CultistPotion"},{"floor":16.0,"key":"Fruit Juice"},{"floor":16.0,"key":"Regen Potion"},{"floor":16.0,"key":"hexamod:InfernoChargePotion"},{"floor":19.0,"key":"PowerPotion"},{"floor":21.0,"key":"Fruit Juice"},{"floor":21.0,"key":"hexamod:InfernoChargePotion"},{"floor":21.0,"key":"BlessingOfTheForge"},{"floor":23.0,"key":"FairyPotion"},{"floor":26.0,"key":"LiquidMemories"},{"floor":27.0,"key":"Swift Potion"},{"floor":28.0,"key":"Explosive Potion"},{"floor":29.0,"key":"Swift Potion"},{"floor":29.0,"key":"bronze:BurnAndBuffPotion"},{"floor":36.0,"key":"LiquidBronze"},{"floor":36.0,"key":"Slimebound:ThreeZeroPotion"},{"floor":37.0,"key":"EntropicBrew"},{"floor":37.0,"key":"champ:CounterPotion"},{"floor":38.0,"key":"Regen Potion"},{"floor":40.0,"key":"DuplicationPotion"},{"floor":40.0,"key":"ColorlessPotion"},{"floor":43.0,"key":"BlessingOfTheForge"},{"floor":45.0,"key":"BlessingOfTheForge"},{"floor":45.0,"key":"CultistPotion"},{"floor":48.0,"key":"Guardian:BlockOnCardUsePotion"}],"is_trial":false,"path_per_floor":["R","M","M","?","?","E","T","R","?","R","?","$","R","E","M","B",null,"R","M","?","M","T","E","T","R","M","E","M","E","R","?","M","B",null,"R","M","M","M","$","M","T","R","E","$","M","E","R","M","M","B",null,"E","$","R","B","B",null],"character_chosen":"THE_SPIRIT","items_purchased":["DollysMirror","hexamod:RecyclingMachine","hexamod:Haunt","Guardian:BottledAnomaly"],"campfire_rested":0,"item_purchase_floors":[39,44,44,53],"current_hp_per_floor":[70,70,70,63,56,57,57,57,62,62,41,48,48,46,53,68,82,82,84,84,96,96,81,88,88,82,79,66,45,55,55,57,45,118,118,128,132,111,111,97,97,97,82,82,150,160,160,162,166,147,166,168,168,168,166,138],"gold":111,"neow_bonus":"ONE_RARE_RELIC","is_daily":false,"chose_seed":false,"campfire_upgraded":10,"win_rate":0.0,"timestamp":1610940358,"path_taken":["R","M","M","?","?","E","T","R","?","R","?","$","R","E","M","BOSS","R","M","?","?","?","E","T","R","M","E","?","E","R","?","M","BOSS","R","M","M","M","$","M","T","R","E","$","M","E","R","M","M","BOSS","E","$","R","BOSS","BOSS"],"items_purchased_type":["Relic","Relic","Card","Relic"],"build_version":"2020-12-22","purchased_purges":2,"victory":true,"max_hp_per_floor":[70,70,70,70,70,70,70,70,75,75,75,75,75,77,77,82,82,82,84,84,99,99,99,106,106,106,106,106,106,116,116,118,118,118,118,128,132,134,134,134,134,134,134,134,150,160,160,162,166,166,166,168,168,168,168,168],"relic_stats":{"Singing Bowl":26,"counters":[30,144],"Pantograph":51,"Bronze Scales":[246],"Pen Nib":[27],"Orichalcum":[24],"Question Card":63,"obtain_stats":[{"hexamod:CandleOfCauterizing":52,"downfall:ShatteredFragment":11,"Singing Bowl":14,"downfall:HeartBlessingRed":42,"hexamod:TheBrokenSeal":21,"Oddly Smooth Stone":22,"Thread and Needle":0,"downfall:HeartBlessingGreen":18,"Pen Nib":5,"hexamod:InflammatoryLetter":46,"Omamori":43,"Orichalcum":29,"Bottled Tornado":41,"Question Card":23,"downfall:HeartBlessingBlue":30,"DollysMirror":39,"Pantograph":6,"Strawberry":24,"Bronze Scales":27,"Philosopher\u0027s Stone":17,"Coffee Dripper":34,"hexamod:RecyclingMachine":44,"Guardian:BottledAnomaly":53,"hexamod:SpiritBrand":0},{"hexamod:CandleOfCauterizing":28,"downfall:ShatteredFragment":3,"Singing Bowl":5,"downfall:HeartBlessingRed":21,"hexamod:TheBrokenSeal":9,"Oddly Smooth Stone":9,"Thread and Needle":0,"downfall:HeartBlessingGreen":7,"Pen Nib":2,"hexamod:InflammatoryLetter":24,"Omamori":22,"Orichalcum":14,"Bottled Tornado":21,"Question Card":10,"downfall:HeartBlessingBlue":14,"DollysMirror":20,"Pantograph":3,"Strawberry":10,"Bronze Scales":12,"Philosopher\u0027s Stone":7,"Coffee Dripper":16,"hexamod:RecyclingMachine":22,"Guardian:BottledAnomaly":28,"hexamod:SpiritBrand":0},{"hexamod:CandleOfCauterizing":132,"downfall:ShatteredFragment":13,"Singing Bowl":22,"downfall:HeartBlessingRed":96,"hexamod:TheBrokenSeal":38,"Oddly Smooth Stone":41,"Thread and Needle":0,"downfall:HeartBlessingGreen":31,"Pen Nib":5,"hexamod:InflammatoryLetter":118,"Omamori":103,"Orichalcum":62,"Bottled Tornado":96,"Question Card":45,"downfall:HeartBlessingBlue":62,"DollysMirror":90,"Pantograph":13,"Strawberry":45,"Bronze Scales":53,"Philosopher\u0027s Stone":31,"Coffee Dripper":71,"hexamod:RecyclingMachine":103,"Guardian:BottledAnomaly":132,"hexamod:SpiritBrand":0}]},"card_choices":[{"not_picked":["hexamod:ChargedBarrage","hexamod:SpectralAdrenaline"],"picked":"hexamod:HauntingEcho","floor":2.0},{"not_picked":["hexamod:Hexaguard","hexamod:Firestarter"],"picked":"hexamod:HauntingEcho","floor":3.0},{"not_picked":["hexamod:HeatMetal","hexamod:SuperheatedStrike"],"picked":"hexamod:ShieldOfDarkness","floor":6.0},{"not_picked":["hexamod:SkipABeat","hexamod:FastForward"],"picked":"hexamod:SpectersWail","floor":6.0},{"not_picked":["hexamod:GhostShield","hexamod:SecondSeal"],"picked":"hexamod:FourthSeal","floor":12.0},{"not_picked":["hexamod:FlamesFromBeyond","hexamod:BurningTouch"],"picked":"hexamod:FastForward","floor":12.0},{"not_picked":["hexamod:GhostShield","hexamod:Again"],"picked":"hexamod:RainOfEmbers","floor":14.0},{"not_picked":["hexamod:Firestarter","hexamod:PhantomFireball","hexamod:GhostShield"],"picked":"Singing Bowl","floor":14.0},{"not_picked":["hexamod:SpectralSpark","hexamod:ThermalTransfer"],"picked":"hexamod:FifthSeal","floor":15.0},{"not_picked":["hexamod:Incineration","hexamod:FourthSeal","hexamod:HeatShield"],"picked":"SKIP","floor":15.0},{"not_picked":["hexamod:FirstSeal","hexamod:FourthSeal"],"picked":"hexamod:SixthSeal","floor":16.0},{"not_picked":["hexamod:VolcanoVisage","hexamod:ApocalypticArmor"],"picked":"hexamod:HexaLevel","floor":16.0},{"not_picked":["hexamod:TimeOfNeed","hexamod:SixthSeal"],"picked":"hexamod:FifthSeal","floor":16.0},{"not_picked":["hexamod:SixthSeal","hexamod:FourthSeal"],"picked":"hexamod:SecondSeal","floor":19.0},{"not_picked":["hexamod:SuperheatedStrike","hexamod:SpectersWail","hexamod:RetreatToShadows"],"picked":"Singing Bowl","floor":19.0},{"not_picked":["hexamod:SwordOfDarkness","hexamod:GhostLash"],"picked":"hexamod:AdvancingGuard","floor":21.0},{"not_picked":["hexamod:InspiringFlames","hexamod:HeatCrush"],"picked":"hexamod:HeatMetal+1","floor":23.0},{"not_picked":["hexamod:FirstSeal","hexamod:SecondSeal"],"picked":"hexamod:SixthSeal","floor":23.0},{"not_picked":["hexamod:HeatShield","hexamod:BacktrackSmack+1","hexamod:ApocalypticArmor"],"picked":"hexamod:Incineration+1","floor":26.0},{"not_picked":["hexamod:FirstSeal","hexamod:SixthSeal","hexamod:SecondSeal"],"picked":"hexamod:ThirdSeal","floor":26.0},{"not_picked":["hexamod:HeatShield","hexamod:SuperheatedStrike+1","hexamod:DynamicBlow"],"picked":"hexamod:TimeWarp","floor":27.0},{"not_picked":["hexamod:HauntingEcho","hexamod:Incineration","hexamod:PhantomFireball"],"picked":"hexamod:ShieldOfDarkness+1","floor":27.0},{"not_picked":["hexamod:ThirdSeal","hexamod:FirstSeal","hexamod:SecondSeal"],"picked":"hexamod:SixthSeal","floor":27.0},{"not_picked":["hexamod:SecondSeal","hexamod:FourthSeal","hexamod:SixthSeal"],"picked":"hexamod:ThirdSeal","floor":28.0},{"not_picked":["hexamod:NecessarySacrifice+1","hexamod:HeatCrush+1","hexamod:SwordOfDarkness"],"picked":"hexamod:RecurringNightmare+1","floor":28.0},{"not_picked":["hexamod:VolcanoVisage","hexamod:BurningTouch","hexamod:ShieldOfDarkness"],"picked":"hexamod:NightmareGuise+1","floor":29.0},{"not_picked":["hexamod:SuperheatedStrike+1","hexamod:SpectersWail","hexamod:SpectralSpark"],"picked":"hexamod:ThermalTransfer+1","floor":29.0},{"not_picked":["hexamod:SixthSeal","hexamod:ThirdSeal","hexamod:FourthSeal"],"picked":"hexamod:SecondSeal","floor":29.0},{"not_picked":["hexamod:FourthSeal","hexamod:SecondSeal","hexamod:ThirdSeal"],"picked":"hexamod:FirstSeal","floor":32.0},{"not_picked":["hexamod:SpectersWail","hexamod:AdvancingGuard+1","hexamod:RadiantFlame"],"picked":"hexamod:EtherealExpedition+1","floor":32.0},{"not_picked":["hexamod:Firestarter","hexamod:AdvancingGuard","hexamod:Incineration","hexamod:HauntingEcho"],"picked":"Singing Bowl","floor":32.0},{"not_picked":["hexamod:TimeWarp","hexamod:GiftsFromTheDead","hexamod:Toasty"],"picked":"hexamod:ForkedFlame","floor":33.0},{"not_picked":["hexamod:ThirdSeal","hexamod:SixthSeal","hexamod:SecondSeal"],"picked":"hexamod:FourthSeal","floor":33.0},{"not_picked":["hexamod:GhostflameInferno","hexamod:HexaLevel","hexamod:FlameSwitch"],"picked":"hexamod:ApocalypseNow","floor":33.0},{"not_picked":["hexamod:ThirdSeal","hexamod:FirstSeal","hexamod:FourthSeal"],"picked":"hexamod:SixthSeal","floor":36.0},{"not_picked":["hexamod:AdvancingGuard","hexamod:UnleashSpirits","hexamod:DynamicBlow+1"],"picked":"hexamod:Hexaguard+1","floor":36.0},{"not_picked":["hexamod:SuperheatedStrike","hexamod:BacktrackSmack","hexamod:ThermalTransfer+1"],"picked":"hexamod:RadiantFlame+1","floor":36.0},{"not_picked":["hexamod:Incineration","hexamod:SkipABeat","hexamod:NightmareGuise","hexamod:EtherealExpedition"],"picked":"Singing Bowl","floor":37.0},{"not_picked":["hexamod:Firestarter","hexamod:NightmareStrike+1","hexamod:HeatMetal","hexamod:FlamesFromBeyond+1"],"picked":"Singing Bowl","floor":37.0},{"not_picked":["hexamod:BurningTouch","hexamod:FlamesFromBeyond+1","hexamod:BacktrackSmack","hexamod:ParanormalForm"],"picked":"Singing Bowl","floor":38.0},{"not_picked":["hexamod:ExtraCrispy+1","hexamod:Firestarter","hexamod:HauntingEcho+1"],"picked":"hexamod:ForkedFlame","floor":39.0},{"not_picked":["hexamod:Haunt","hexamod:WildfireWeapon","hexamod:SwordOfDarkness+1"],"picked":"hexamod:FifthSeal","floor":39.0},{"not_picked":["hexamod:PhantomCloak","hexamod:ThermalTransfer+1","hexamod:FlamesFromBeyond+1"],"picked":"hexamod:Rewind","floor":40.0},{"not_picked":["hexamod:SecondSeal","hexamod:FourthSeal","hexamod:FirstSeal"],"picked":"hexamod:ThirdSeal","floor":40.0},{"not_picked":["hexamod:FourthSeal","hexamod:SecondSeal","hexamod:SixthSeal"],"picked":"hexamod:FirstSeal","floor":40.0},{"not_picked":["hexamod:Firestarter+1","hexamod:Haunt","hexamod:GhostflameBarrier"],"picked":"hexamod:NightmareGuise+1","floor":40.0},{"not_picked":["hexamod:SwordOfDarkness","hexamod:SpectralSpark+1","hexamod:FirstSeal"],"picked":"hexamod:GhostOfSpirePast","floor":43.0},{"not_picked":["hexamod:SuperheatedStrike+1","hexamod:GhostLash+1","hexamod:SwordOfDarkness"],"picked":"hexamod:GhostShield+1","floor":43.0},{"not_picked":["hexamod:ThirdSeal","hexamod:FourthSeal","hexamod:FirstSeal"],"picked":"hexamod:SecondSeal","floor":43.0},{"not_picked":["hexamod:FirstSeal","hexamod:SixthSeal","hexamod:ThirdSeal"],"picked":"hexamod:FourthSeal","floor":43.0},{"not_picked":["hexamod:FourthSeal","hexamod:ThirdSeal","hexamod:SixthSeal"],"picked":"hexamod:SecondSeal","floor":43.0},{"not_picked":["hexamod:FastForward","hexamod:SwordOfDarkness","hexamod:GhostLash+1"],"picked":"hexamod:ThirdSeal","floor":43.0},{"not_picked":["hexamod:SixthSeal","hexamod:FourthSeal","hexamod:SecondSeal"],"picked":"hexamod:FirstSeal","floor":45.0},{"not_picked":["hexamod:NightmareGuise","hexamod:DynamicBlow","hexamod:EtherealExpedition","hexamod:NightmareStrike"],"picked":"Singing Bowl","floor":45.0},{"not_picked":["hexamod:FlamesFromBeyond+1","hexamod:DynamicBlow","hexamod:ThermalTransfer+1","hexamod:Firestarter+1"],"picked":"Singing Bowl","floor":45.0},{"not_picked":["hexamod:RainOfEmbers","hexamod:BurningTouch","hexamod:Firestarter","hexamod:HauntingEcho"],"picked":"Singing Bowl","floor":45.0},{"not_picked":["hexamod:InspiringFlames","hexamod:GhostLash+1","hexamod:SuperheatedStrike"],"picked":"hexamod:StepThrough","floor":46.0},{"not_picked":["hexamod:FirstSeal","hexamod:ThirdSeal","hexamod:FourthSeal"],"picked":"hexamod:SixthSeal","floor":46.0},{"not_picked":["hexamod:TimeWarp","hexamod:FastForward+1","hexamod:FirstSeal"],"picked":"hexamod:HeatCrush","floor":46.0},{"not_picked":["hexamod:AdvancingGuard+1","hexamod:SkipABeat+1","hexamod:DynamicBlow"],"picked":"hexamod:Haunt+1","floor":48.0},{"not_picked":["hexamod:NightmareGuise+1","hexamod:ChargedBarrage+1","hexamod:GhostLash","hexamod:PowerFromBeyond"],"picked":"Singing Bowl","floor":48.0},{"not_picked":["hexamod:HeatMetal+1","hexamod:AdvancingGuard+1","hexamod:InspiringFlames","hexamod:RecurringNightmare"],"picked":"Singing Bowl","floor":49},{"not_picked":["hexamod:Firestarter+1","hexamod:HeatCrush+1","hexamod:FastForward+1","hexamod:GhostflameBarrier"],"picked":"Singing Bowl","floor":49},{"not_picked":["hexamod:Firestarter","hexamod:ExtraCrispy","hexamod:ThermalTransfer"],"picked":"hexamod:ApocalypseNow","floor":52},{"not_picked":["hexamod:HauntingEcho","hexamod:ThermalTransfer","hexamod:ExtraCrispy+1","hexamod:ThirdSeal"],"picked":"Singing Bowl","floor":52}],"player_experience":3298234,"relics_obtained":[{"floor":6.0,"key":"Pantograph"},{"floor":14.0,"key":"Singing Bowl"},{"floor":22.0,"key":"Oddly Smooth Stone"},{"floor":23.0,"key":"Question Card"},{"floor":24.0,"key":"Strawberry"},{"floor":27.0,"key":"Bronze Scales"},{"floor":29.0,"key":"Orichalcum"},{"floor":41.0,"key":"Bottled Tornado"},{"floor":43.0,"key":"Omamori"},{"floor":46.0,"key":"hexamod:InflammatoryLetter"},{"floor":52,"key":"hexamod:CandleOfCauterizing"}],"event_choices":[{"damage_healed":0.0,"max_hp_gain":0.0,"max_hp_loss":0.0,"gold_gain":0.0,"event_name":"Scrap Ooze","player_choice":"Success","floor":5.0,"gold_loss":0.0,"damage_taken":7.0,"relics_obtained":["Pen Nib"]},{"damage_healed":0.0,"max_hp_gain":5.0,"max_hp_loss":0.0,"gold_gain":0.0,"event_name":"Big Fish","player_choice":"Donut","floor":9.0,"gold_loss":0.0,"damage_taken":0.0},{"damage_healed":0.0,"max_hp_gain":0.0,"max_hp_loss":0.0,"gold_gain":0.0,"event_name":"betterNote:BetterNote","player_choice":"Ignored","floor":20.0,"gold_loss":0.0,"damage_taken":0.0,"cards_obtained":["Night Terror"]}],"is_beta":false,"boss_relics":[{"not_picked":["Calling Bell","Busted Crown"],"picked":"Philosopher\u0027s Stone"},{"not_picked":["hexamod:IceCube","SacredBark"],"picked":"Coffee Dripper"}],"items_purged_floors":[39,44],"is_endless":false,"potions_floor_spawned":[2,16,19,21,29,36,37,40,45,48,52],"ascension_level":1}}