{"host":"nmxkoih8gpfa0ew7","time":1610948901,"event":{"mods":["AchievementEnabler","BaseMod","Better Third Choice","Colored Map","Colored Powertips","Minty Spire (QoL Compilation)","Slay-I","StSLib"],"gold_per_floor":[118,129,94,147,147,147,181,196,196,196,223,242,272,286,286,286,286],"floor_reached":16,"language":"ENG","playtime":749,"items_purged":[],"score":180,"play_id":"8b6c6fd6-5cb6-4f28-95c6-b8e29e3a3fec","local_time":"20210117214821","is_ascension_mode":true,"campfire_choices":[{"floor":6,"key":"RECALL"},{"floor":15,"key":"REST"}],"circlet_count":0,"master_deck":["AscendersBane","Strike_R","Strike_R","Strike_R","Strike_R","Strike_R+1","Defend_R+1","Defend_R","Defend_R","Defend_R","Bash","Bludgeon","Power Through","Armaments","Wild Strike","Uppercut","Perfected Strike","Wild Strike","Anger","Wild Strike"],"relics":["Burning Blood","Letter Opener","Darkstone Periapt","Bottled Flame","Kunai"],"acts_visited":["Exordium"],"potions_floor_usage":[7,11,11,13,16],"damage_taken":[{"damage":6,"enemies":"Small Slimes","floor":1,"turns":2},{"damage":12,"enemies":"Jaw Worm","floor":2,"turns":3},{"damage":21,"enemies":"Gremlin Nob","floor":7,"turns":4},{"damage":0,"enemies":"Cultist","floor":8,"turns":2},{"damage":22,"enemies":"3 Sentries","floor":11,"turns":9},{"damage":16,"enemies":"Exordium Thugs","floor":12,"turns":6},{"damage":3,"enemies":"Gremlin Nob","floor":13,"turns":3},{"damage":8,"enemies":"Blue Slaver","floor":14,"turns":3},{"damage":42,"enemies":"Hexaghost","floor":16,"turns":9}],"seed_played":"7079617868195282555","potions_obtained":[{"floor":1,"key":"Energy Potion"},{"floor":10,"key":"SmokeBomb"},{"floor":10,"key":"Energy Potion"},{"floor":10,"key":"Dexterity Potion"},{"floor":12,"key":"DuplicationPotion"},{"floor":14,"key":"EssenceOfSteel"}],"is_trial":false,"path_per_floor":["M","M","?","?","?","R","E","M","T","?","E","M","E","M","R","B"],"character_chosen":"IRONCLAD","items_purchased":[],"campfire_rested":1,"item_purchase_floors":[],"current_hp_per_floor":[51,45,65,65,49,49,34,40,40,40,24,14,17,15,39,0,0],"gold":286,"neow_bonus":"THREE_RARE_CARDS","is_daily":false,"chose_seed":false,"campfire_upgraded":0,"win_rate":0.0,"timestamp":1610948901,"path_taken":["M","M","?","?","?","R","E","M","T","?","E","?","E","M","R","BOSS"],"items_purchased_type":[],"build_version":"2020-12-22","purchased_purges":0,"victory":false,"max_hp_per_floor":[80,80,80,80,80,80,80,80,80,80,80,80,80,80,80,80,80],"card_choices":[{"not_picked":["Exhume","Juggernaut"],"picked":"Bludgeon","floor":0},{"not_picked":["Battle Trance","Armaments"],"picked":"Power Through","floor":1},{"not_picked":["Heavy Blade","Seeing Red"],"picked":"Armaments","floor":2},{"not_picked":["Cleave","Sword Boomerang"],"picked":"Wild Strike","floor":7},{"not_picked":["Hemokinesis","Thunderclap"],"picked":"Uppercut","floor":8},{"not_picked":["Entrench","Iron Wave"],"picked":"Perfected Strike","floor":11},{"not_picked":["Anger","Barricade"],"picked":"Wild Strike","floor":12},{"not_picked":["Clash","Hemokinesis"],"picked":"Anger","floor":13},{"not_picked":["Armaments","True Grit"],"picked":"Wild Strike","floor":14}],"player_experience":507588,"relics_obtained":[{"floor":7,"key":"Letter Opener"},{"floor":9,"key":"Darkstone Periapt"},{"floor":11,"key":"Bottled Flame"},{"floor":13,"key":"Kunai"}],"event_choices":[{"damage_healed":20,"gold_gain":0,"player_choice":"Healed","damage_taken":0,"max_hp_gain":0,"max_hp_loss":0,"event_name":"The Cleric","floor":3,"gold_loss":35},{"damage_healed":0,"gold_gain":53,"player_choice":"Gained Gold","damage_taken":0,"max_hp_gain":0,"max_hp_loss":0,"event_name":"Golden Wing","floor":4,"gold_loss":0},{"damage_healed":65,"gold_gain":0,"player_choice":"Upgrade","damage_taken":16,"max_hp_gain":0,"max_hp_loss":80,"event_name":"betterThird:BetterShining","floor":5,"gold_loss":0,"cards_upgraded":["Strike_R","Defend_R"]},{"damage_healed":0,"gold_gain":0,"player_choice":"Got Potions","damage_taken":0,"max_hp_gain":0,"max_hp_loss":0,"event_name":"Lab","floor":10,"gold_loss":0}],"is_beta":false,"boss_relics":[],"items_purged_floors":[],"is_endless":false,"potions_floor_spawned":[1,12,14],"killed_by":"Hexaghost","ascension_level":10}}