{"host":"oztwkdn1ogbv4ny9","time":1610948671,"event":{"mods":["AchievementEnabler","BaseMod","Colored Map","Hermit","Minty Spire (QoL Compilation)","Replay The Spire","StSLib","SuperFastMode","The Construct","The Cursed","The Disciple","The Hierophant","The Necromancer","The Servant 0.9.4"],"gold_per_floor":[114,114,114,132,57,57,57,57,104,121,121,139,171,184,184,288,288,305,320,334,5,16,16,49,49,49,49,66,79,79,79,19,37,37,37,37],"floor_reached":35,"language":"ENG","playtime":1662,"items_purged":["TheCursedMod:Defend_TheCursed","TheCursedMod:Defend_TheCursed"],"score":304,"play_id":"4b566bef-080e-44cd-86d3-281ae0f0a702","local_time":"20210118004431","is_ascension_mode":false,"campfire_choices":[{"data":"TheCursedMod:CleanUpWorkshop","floor":6,"key":"SMITH"},{"data":"TheCursedMod:CursedWand","floor":8,"key":"SMITH"},{"data":"TheCursedMod:HellsGateOpen","floor":11,"key":"SMITH"},{"data":"TheCursedMod:Defend_TheCursed","floor":15,"key":"PURGE"},{"floor":23,"key":"REST"},{"floor":34,"key":"REST"}],"circlet_count":0,"master_deck":["TheCursedMod:Strike_TheCursed","TheCursedMod:Strike_TheCursed+1","TheCursedMod:Defend_TheCursed","TheCursedMod:CursedWand+1","TheCursedMod:CleanUpWorkshop+1","TheCursedMod:Dregs","TheCursedMod:CursedBlade+1","TheCursedMod:HellsGateOpen+1","TheCursedMod:Evocation","TheCursedMod:RapidMovement","TheCursedMod:SurpriseAttack","TheCursedMod:LuckyCharm"],"relics":["TheCursedMod:BlackMagic101","NeowsBlessing","Centennial Puzzle","MealTicket","Black Star","Replay:Mystery Machine","Potion Belt","Letter Opener","Replay:Bottled Flurry"],"acts_visited":["Exordium","TheCity"],"potions_floor_usage":[12,13,16,19,20,24,28],"damage_taken":[{"damage":0,"enemies":"2 Louse","floor":1,"turns":1},{"damage":0,"enemies":"Jaw Worm","floor":4,"turns":1},{"damage":0,"enemies":"Small Slimes","floor":10,"turns":1},{"damage":0,"enemies":"Exordium Thugs","floor":12,"turns":4},{"damage":0,"enemies":"Gremlin Nob","floor":13,"turns":3},{"damage":0,"enemies":"Blue Slaver","floor":14,"turns":3},{"damage":31,"enemies":"Hexaghost","floor":16,"turns":12},{"damage":16,"enemies":"3 Byrds","floor":18,"turns":5},{"damage":31,"enemies":"Shell Parasite","floor":19,"turns":7},{"damage":12,"enemies":"Cultist and Chosen","floor":20,"turns":6},{"damage":22,"enemies":"Snake Plant","floor":22,"turns":6},{"damage":26,"enemies":"Book of Stabbing","floor":24,"turns":5},{"damage":11,"enemies":"Sentry and Sphere","floor":28,"turns":7},{"damage":0,"enemies":"Snecko","floor":29,"turns":5},{"damage":10,"enemies":"Snake Plant","floor":33,"turns":6},{"damage":32,"enemies":"Pondfish","floor":35,"turns":12}],"seed_played":"7002784276882575989","potions_obtained":[{"floor":4,"key":"Toxic Potion"},{"floor":10,"key":"Fruit Juice"},{"floor":13,"key":"FearPotion"},{"floor":16,"key":"Energy Potion"},{"floor":18,"key":"SkillPotion"},{"floor":22,"key":"FearPotion"},{"floor":24,"key":"ColorlessPotion"}],"is_trial":false,"path_per_floor":["M","?","?","M","$","R","$","R","T","M","R","M","E","M","R_BF","B",null,"M","M","M","$","M","R","E","?","T","$","M","M","PTL","PTL","?","M","R","B"],"character_chosen":"THE_CURSED","items_purchased":["TheCursedMod:LuckyCharm","Replay:Mystery Machine"],"campfire_rested":2,"item_purchase_floors":[21,21],"current_hp_per_floor":[75,60,60,60,60,60,60,60,60,60,60,65,65,65,65,34,80,64,33,21,36,14,38,12,12,12,27,16,16,16,16,16,6,30,0,0],"gold":37,"neow_bonus":"THREE_ENEMY_KILL","is_daily":false,"chose_seed":false,"campfire_upgraded":3,"win_rate":0.0,"timestamp":1610948671,"path_taken":["M","?","?","M","$","R","?","R","T","M","R","M","E","M","R_BF","BOSS","M","M","M","$","M","R","E","?","T","?","?","M","PTL","PTL","?","M","R","BOSS"],"items_purchased_type":["Card","Relic"],"build_version":"2020-12-22","purchased_purges":2,"victory":false,"max_hp_per_floor":[75,75,75,75,75,75,75,75,75,75,75,80,80,80,80,80,80,80,80,80,80,80,80,80,80,80,80,80,80,80,80,80,80,80,80,80],"card_choices":[{"not_picked":["TheCursedMod:Stigma","TheCursedMod:BlessingInDisguise"],"picked":"TheCursedMod:CursedBlade","floor":1},{"not_picked":["TheCursedMod:Stigma","TheCursedMod:RavingStaff","TheCursedMod:CursedMace"],"picked":"SKIP","floor":4},{"not_picked":["TheCursedMod:Obscuration","TheCursedMod:CircleOfFocus"],"picked":"TheCursedMod:HellsGateOpen","floor":10},{"not_picked":["TheCursedMod:CircleOfFocus","TheCursedMod:HellsGateOpen"],"picked":"TheCursedMod:Evocation","floor":12},{"not_picked":["TheCursedMod:Stigma","TheCursedMod:SoulCrush"],"picked":"TheCursedMod:RapidMovement","floor":13},{"not_picked":["TheCursedMod:CursedBoomerang","TheCursedMod:CircleOfBlood"],"picked":"TheCursedMod:SurpriseAttack","floor":14},{"not_picked":["TheCursedMod:CursedAmulet","TheCursedMod:HellsGateOpen+1","TheCursedMod:SpitefulStrike"],"picked":"SKIP","floor":18},{"not_picked":["TheCursedMod:CursedStaff","TheCursedMod:VitalStrike+1","TheCursedMod:SaltUponWound"],"picked":"SKIP","floor":19},{"not_picked":["TheCursedMod:CursedMace","TheCursedMod:CursedBoomerang","TheCursedMod:ShockAndAwe"],"picked":"SKIP","floor":20},{"not_picked":["TheCursedMod:CircleOfAmplification","TheCursedMod:RavingStaff+1","TheCursedMod:Torture"],"picked":"SKIP","floor":22},{"not_picked":["TheCursedMod:Stretching","TheCursedMod:CircleOfAmplification","TheCursedMod:CircleOfBlood"],"picked":"SKIP","floor":24},{"not_picked":["TheCursedMod:SoulReap","TheCursedMod:Torture","TheCursedMod:Wield"],"picked":"SKIP","floor":28},{"not_picked":["TheCursedMod:TacticalStrike","TheCursedMod:HellsGateOpen","TheCursedMod:SmokeScreen"],"picked":"SKIP","floor":29},{"not_picked":["TheCursedMod:FleshFromBone","TheCursedMod:SmokeScreen+1","TheCursedMod:ManaCirculation"],"picked":"SKIP","floor":33},{"not_picked":["TheCursedMod:FleshFromBone","TheCursedMod:SmokeScreen+1","TheCursedMod:ManaCirculation"],"picked":"SKIP","floor":33}],"player_experience":224740,"relics_obtained":[{"floor":9,"key":"Centennial Puzzle"},{"floor":13,"key":"MealTicket"},{"floor":24,"key":"Potion Belt"},{"floor":24,"key":"Letter Opener"},{"floor":26,"key":"Replay:Bottled Flurry"}],"event_choices":[{"damage_healed":0,"gold_gain":0,"player_choice":"Entered Light","damage_taken":15,"max_hp_gain":0,"max_hp_loss":0,"event_name":"Shining Light","floor":2,"gold_loss":0,"cards_upgraded":["TheCursedMod:CursedBlade","TheCursedMod:Strike_TheCursed"]},{"cards_removed":["TheCursedMod:Strike_TheCursed"],"damage_healed":0,"gold_gain":0,"player_choice":"Forget","damage_taken":0,"max_hp_gain":0,"max_hp_loss":0,"event_name":"Living Wall","floor":3,"gold_loss":0},{"cards_removed":["TheCursedMod:Strike_TheCursed"],"damage_healed":0,"gold_gain":0,"player_choice":"Offered Basic","damage_taken":0,"max_hp_gain":0,"max_hp_loss":0,"event_name":"Bonfire Elementals","floor":25,"gold_loss":0}],"is_beta":false,"boss_relics":[{"not_picked":["SlaversCollar","Tiny House"],"picked":"Black Star"}],"items_purged_floors":[5,21],"is_endless":false,"potions_floor_spawned":[4,10,13,16,18,22,24],"killed_by":"Pondfish","ascension_level":0}}