{"host":"lnt5dzsuhru0aonl","time":1610962576,"event":{"mods":["2.2 Compatiblity","BaseMod","Colored Map","Colored Powertips","DeckTracker","Keyboard Shortcuts","Minty Spire (QoL Compilation)","Permanent Neow","StSLib","SuperFastMode","everything is the same but u backflip on backflip"],"gold_per_floor":[369,216,227,302,317,317,317,64,64,64,25,44,55,67,67,142,142,156,173,173,173,68,68,68],"floor_reached":23,"language":"KOR","playtime":692,"items_purged":["Strike_B","Strike_B"],"score":362,"play_id":"af814208-8355-4aa3-b0a2-afbe1701244f","local_time":"20210118183616","is_ascension_mode":true,"campfire_choices":[{"data":"Zap","floor":6.0,"key":"SMITH"},{"floor":15.0,"key":"REST"}],"circlet_count":0,"master_deck":["AscendersBane","Defend_B","Defend_B","Defend_B","Zap+1","Dualcast","Turbo","Capacitor","Conserve Battery","Conserve Battery","Compile Driver","Fusion","FTL","Capacitor","Coolheaded","Machine Learning","Tempest","Amplify","Redo","Storm","Barrage"],"relics":["Cracked Core","Unceasing Top","Nuclear Battery"],"acts_visited":["Exordium","TheCity"],"potions_floor_usage":[19],"damage_taken":[{"damage":12.0,"enemies":"Jaw Worm","floor":1.0,"turns":3.0},{"damage":7.0,"enemies":"Small Slimes","floor":3.0,"turns":4.0},{"damage":0.0,"enemies":"2 Louse","floor":5.0,"turns":3.0},{"damage":3.0,"enemies":"Blue Slaver","floor":12.0,"turns":4.0},{"damage":21.0,"enemies":"Exordium Thugs","floor":13.0,"turns":6.0},{"damage":0.0,"enemies":"2 Fungi Beasts","floor":14.0,"turns":5.0},{"damage":20.0,"enemies":"The Guardian","floor":16.0,"turns":11.0},{"damage":8.0,"enemies":"Shell Parasite","floor":18.0,"turns":6.0},{"damage":26,"enemies":"3 Byrds","floor":19,"turns":6},{"damage":22,"enemies":"Snake Plant","floor":23,"turns":2}],"seed_played":"3192553114291949787","potions_obtained":[{"floor":5.0,"key":"ColorlessPotion"},{"floor":13.0,"key":"FocusPotion"},{"floor":16.0,"key":"Fire Potion"},{"floor":18.0,"key":"SteroidPotion"},{"floor":19,"key":"GamblersBrew"}],"is_trial":false,"path_per_floor":["M","$","M","?","M","R","?","$","T","?","$","M","M","M","R","B",null,"M","M","?","?","$","M"],"character_chosen":"DEFECT","items_purchased":["Capacitor","Conserve Battery","Compile Driver","Fusion","FTL","Storm","Barrage"],"campfire_rested":1,"item_purchase_floors":[2,8,8,8,11,22,22],"current_hp_per_floor":[52,52,45,34,34,34,27,27,27,27,27,24,3,3,22,2,49,41,15,15,15,15,0,0],"gold":68,"neow_bonus":"TWO_FIFTY_GOLD","is_daily":false,"chose_seed":false,"campfire_upgraded":1,"win_rate":0.0,"timestamp":1610962576,"path_taken":["M","$","M","?","M","R","?","$","T","?","?","?","M","M","R","BOSS","M","M","?","?","?","M"],"items_purchased_type":["Card","Card","Card","Card","Card","Card","Card"],"build_version":"2020-12-22","purchased_purges":2,"victory":false,"max_hp_per_floor":[64,64,64,64,64,64,64,64,64,64,64,64,64,64,64,64,64,64,64,64,64,64,64,64],"card_choices":[{"not_picked":["Beam Cell","Compile Driver"],"picked":"Turbo","floor":1.0},{"not_picked":["Stack","Force Field","Hello World"],"picked":"SKIP","floor":3.0},{"not_picked":["Static Discharge","Gash"],"picked":"Conserve Battery","floor":5.0},{"not_picked":["Streamline","Gash"],"picked":"Capacitor","floor":12.0},{"not_picked":["Rebound","Hello World","Steam"],"picked":"SKIP","floor":13.0},{"not_picked":["Blizzard","Skim"],"picked":"Coolheaded","floor":14.0},{"not_picked":["Multi-Cast","Fission"],"picked":"Machine Learning","floor":16.0},{"not_picked":["Redo","Go for the Eyes","Streamline+1"],"picked":"SKIP","floor":18.0},{"not_picked":["Conserve Battery","Hologram"],"picked":"Tempest","floor":19}],"player_experience":691991,"relics_obtained":[{"floor":9.0,"key":"Unceasing Top"}],"event_choices":[{"damage_healed":0.0,"max_hp_gain":0.0,"max_hp_loss":0.0,"gold_gain":75.0,"event_name":"World of Goop","player_choice":"Gather Gold","floor":4.0,"gold_loss":0.0,"damage_taken":11.0},{"cards_removed":["Strike_B"],"damage_healed":0.0,"max_hp_gain":0.0,"max_hp_loss":0.0,"gold_gain":0.0,"event_name":"Golden Wing","player_choice":"Card Removal","floor":7.0,"gold_loss":0.0,"damage_taken":7.0},{"damage_healed":0.0,"max_hp_gain":0.0,"max_hp_loss":0.0,"gold_gain":0.0,"event_name":"Dead Adventurer","player_choice":"Searched \u00270\u0027 times","floor":10.0,"gold_loss":0.0,"damage_taken":0.0},{"damage_healed":0,"gold_gain":0,"player_choice":"Ignored","damage_taken":0,"max_hp_gain":0,"max_hp_loss":0,"event_name":"Ghosts","floor":20,"gold_loss":0},{"damage_healed":0,"gold_gain":0,"cards_transformed":["Defend_B","Strike_B"],"player_choice":"Became Test Subject","damage_taken":0,"max_hp_gain":0,"max_hp_loss":0,"event_name":"Drug Dealer","floor":21,"gold_loss":0,"cards_obtained":["Amplify","Redo"]}],"is_beta":false,"boss_relics":[{"not_picked":["SacredBark","Tiny House"],"picked":"Nuclear Battery"}],"items_purged_floors":[2,8],"is_endless":false,"potions_floor_spawned":[5,13,16,18,19],"killed_by":"Snake Plant","ascension_level":20}}