{"host":"r4r4helli6evr3pz","time":1610936486,"event":{"mods":["A Magickal Journey","AchievementEnabler","Act Like it!","Aspiration","BaseMod","Better Note","BetterRewards","Challenge The Spire","Conspire","Curses Come First","DeckTracker","Evolution","GifTheSpireLib","Gold Saver","GungeonMod","Hermit","Hubris","Hyrulean Relics","Infinite Spire","JesterMod","Lobotomy","Mimic Mod","Minty Spire (QoL Compilation)","Quick Restart","Random Character Button","Relic Sorter","Relic Stats","Replay The Spire","Reworked Bosses","Shop Mod","Somnambulant","StSLib","Stuff the Spire","The Blackbeard","The Bug Knight","The Clintock","The Construct","The Cursed","The Druid","The Forsaken","The Hierophant","The Necromancer","The Poker Player","The Problem Sleuth","The Runesmith","vexMod"],"gold_per_floor":[384,9,9,9,9,43,43,72,96,109,109,109,34,34,34,135,135,152,49,64,74,85,111,111,144,179,179,11,25,25,42,42,145,145,163,163,182,182,182,215,215,249,323,323,352,23,40,58,58,163,829,854,203,207,209,209,209,221,225,279,290,297,297,310,314,314,384,384,388,388,388,388,388,391,391,403,403,387,111,111,111,106,106,176,176,147,147,17,17,11,11,33,0,0],"floor_reached":93,"language":"RUS","playtime":18939,"items_purged":["StuffTheSpire:CuriosityCurse","Normality","somnambulantmod: SomnambulantStrike+1","hubris:Compulsion"],"score":1990,"play_id":"4045e3e2-de41-4ad9-a519-8eca65dfac82","local_time":"20210118062126","is_ascension_mode":false,"campfire_choices":[{"floor":12,"key":"REST"},{"data":"ReplayTheSpireMod:Black Plague","floor":15,"key":"SMITH"},{"floor":24,"key":"REST"},{"floor":27,"key":"REST"},{"data":"infinitespire:Starlight","floor":30,"key":"SMITH"},{"data":"somnambulantmod: DarkeningMind","floor":41,"key":"SMITH"},{"data":"somnambulantmod: ShimmeringVeil","floor":44,"key":"SMITH"},{"data":"Replay:Undeath\u0027s Touch","floor":49,"key":"SMITH"},{"data":"somnambulantmod: ImpenetrableMind","floor":57,"key":"SMITH"},{"data":"ReplayTheSpireMod:Black Plague+1","floor":63,"key":"SMITH"},{"data":"somnambulantmod: Withdraw","floor":66,"key":"SMITH"},{"floor":75,"key":"REST"},{"data":"Double Tap+1","floor":81,"key":"SMITH"},{"floor":83,"key":"DIG"},{"floor":91,"key":"DIG"}],"circlet_count":0,"master_deck":["somnambulantmod: QuickNap+1","somnambulantmod: PrimingPunch+1","Good Instincts","somnambulantmod: BadIdea","somnambulantmod: SleepingBody+1","somnambulantmod: LeechFears","somnambulantmod: HorrificThought","somnambulantmod: DarkeningMind+1","ReplayTheSpireMod:Black Plague+2","somnambulantmod: Refracture","somnambulantmod: SnuggleUp+1","somnambulantmod: SleepingBody","somnambulantmod: Stimulus","somnambulantmod: LeechFears","somnambulantmod: Extract","infinitespire:Starlight+1","somnambulantmod: Stimulus+1","somnambulantmod: Damping","somnambulantmod: Relive","somnambulantmod: ShimmeringVeil+1","somnambulantmod: LayeredDefense+1","somnambulantmod: SnuggleUp","Dropkick","somnambulantmod: LeechFears","Replay:Undeath\u0027s Touch+1","Seeing Red","somnambulantmod: Wake+1","Bandage Up","somnambulantmod: Withdraw+1","somnambulantmod: ImpenetrableMind+1","Battle Trance","somnambulantmod: LightSleeper","somnambulantmod: Unburden+1","Replay:Bag of Tricks+1","Storm of Steel+1","Demonic Infusion+1","Double Tap+2","TheCursedMod:Dregs","hubris:Envy","theForsaken:PlagueCurse","infinitespire:Collect+1","infinitespire:Starlight+1"],"relics":["EVO:Axolotl","DemoMod:ClearGuonStone","infinitespire:PuzzleCube","ReplayTheSpireMod:TigerMarble","infinitespire:Cubic Diamond","Blood Vial","hubris:TerracottaHorce","infinitespire:Lucky Rock","aspiration:FetidBarrel","MerchantsRug","infinitespire:Beetle Shell","aspiration:IroncladSkillbook","ReplayTheSpireMod:Ring of Addiction","hubris:EmptyBottle","White Beast Statue","Ring of Panic","conspire:TopHat","infinitespire:Satchel","StuffTheSpire:CocoNut","Singing Bowl","vexMod:RockOfEvil","conspire:InfiniteJournal","Ancient Tea Set","Toxic Egg 2","Turnip","Replay:Drink Me","DemoMod:BlueGuonStone","StuffTheSpire:BottledEssence","Iron Hammer","aspiration:TomeofQuesting","infinitespire:FocusingShard","Replay:Multitool","theForsaken:PlagueMask","Tiny Chest","hubris:PeanutButter","StuffTheSpire:EmeraldSignet","Mango"],"acts_visited":["Exordium","TheCity","TheBeyond","Exordium","TheCity","TheBeyond"],"potions_floor_usage":[25,26,40,40,40,40,40,40,42,42,45,47,47,48,50,50,50,50,50,50,50,50,52,52,59,61,62,62,65,65,65,65,67,67,67,69,69,69,74,74,74,76,76,76,84,84,84,84,86,90,92,92,93,93,93,93,93,93],"damage_taken":[{"damage":1,"enemies":"Jaw Worm","floor":1,"turns":5},{"damage":12,"enemies":"3 Sentries","floor":6,"turns":11},{"damage":8,"enemies":"Lagavulin","floor":8,"turns":6},{"damage":0,"enemies":"Small Slimes","floor":10,"turns":2},{"damage":17,"enemies":"The Guardian","floor":16,"turns":7},{"damage":7,"enemies":"Shell Parasite","floor":18,"turns":5},{"damage":7,"enemies":"Spheric Guardian","floor":20,"turns":6},{"damage":19,"enemies":"Cultist and Chosen","floor":21,"turns":6},{"damage":5,"enemies":"Snecko","floor":22,"turns":4},{"damage":9,"enemies":"Nightmare","floor":23,"turns":7},{"damage":43,"enemies":"Slavers","floor":25,"turns":4},{"damage":4,"enemies":"Chosen and Byrds","floor":26,"turns":5},{"damage":0,"enemies":"Chosen and Byrds","floor":29,"turns":5},{"damage":27,"enemies":"Cultist and Chosen","floor":31,"turns":7},{"damage":58,"enemies":"conspire:MysteriousRune","floor":33,"turns":10},{"damage":2,"enemies":"Orb Walker","floor":35,"turns":4},{"damage":31,"enemies":"3 Darklings","floor":37,"turns":5},{"damage":0,"enemies":"Nemesis","floor":40,"turns":7},{"damage":0,"enemies":"Giant Head","floor":42,"turns":7},{"damage":20,"enemies":"Reptomancer","floor":45,"turns":4},{"damage":6,"enemies":"4 Shapes","floor":47,"turns":5},{"damage":17,"enemies":"Maw","floor":48,"turns":7},{"damage":86,"enemies":"bossMod:newShapes","floor":50,"turns":9},{"damage":0,"enemies":"Small Slimes","floor":52,"turns":1},{"damage":0,"enemies":"2 Louse","floor":54,"turns":1},{"damage":0,"enemies":"Cultist","floor":55,"turns":1},{"damage":0,"enemies":"Lagavulin","floor":58,"turns":3},{"damage":0,"enemies":"Large Slime","floor":59,"turns":3},{"damage":0,"enemies":"Gremlin Nob","floor":61,"turns":3},{"damage":0,"enemies":"Looter","floor":62,"turns":2},{"damage":0,"enemies":"Lagavulin","floor":64,"turns":2},{"damage":2,"enemies":"Exordium Thugs","floor":65,"turns":3},{"damage":0,"enemies":"Hexaghost","floor":67,"turns":4},{"damage":0,"enemies":"2 Thieves","floor":69,"turns":2},{"damage":0,"enemies":"Spheric Guardian","floor":72,"turns":2},{"damage":65,"enemies":"Slavers","floor":74,"turns":5},{"damage":0,"enemies":"Gremlin Leader","floor":76,"turns":3},{"damage":0,"enemies":"Centurion and Healer","floor":78,"turns":4},{"damage":0,"enemies":"Snake Plant","floor":82,"turns":1},{"damage":12,"enemies":"hubris:MusketHawk","floor":84,"turns":4},{"damage":36,"enemies":"3 Darklings","floor":86,"turns":5},{"damage":8,"enemies":"Orb Walker","floor":89,"turns":3},{"damage":71,"enemies":"Maw","floor":90,"turns":6},{"damage":62,"enemies":"Nightmare","floor":92,"turns":7},{"damage":52,"enemies":"infinitespire:Three Voidlings","floor":93,"turns":5},{"damage":55,"enemies":"Nightmare_Alpha","floor":93,"turns":3}],"seed_played":"-6438528712396926018","potions_obtained":[{"floor":6,"key":"Milkshake"},{"floor":16,"key":"FearPotion"},{"floor":18,"key":"BlessingOfTheForge"},{"floor":20,"key":"Venom Potion"},{"floor":22,"key":"Adrenaline Potion"},{"floor":29,"key":"EssenceOfSteel"},{"floor":31,"key":"Strength Potion"},{"floor":35,"key":"Dexterity Potion"},{"floor":39,"key":"AttackPotion"},{"floor":39,"key":"GamblersBrew"},{"floor":39,"key":"Swift Potion"},{"floor":40,"key":"Adrenaline Potion"},{"floor":42,"key":"LiquidBronze"},{"floor":45,"key":"Fire Potion"},{"floor":47,"key":"Elixir"},{"floor":48,"key":"Dexterity Potion"},{"floor":50,"key":"SteroidPotion"},{"floor":52,"key":"Doom Potion"},{"floor":54,"key":"ColorlessPotion"},{"floor":55,"key":"Venom Potion"},{"floor":58,"key":"LiquidMemories"},{"floor":59,"key":"DemoMod:LeadSkinPotion"},{"floor":61,"key":"Elixir"},{"floor":62,"key":"Adrenaline Potion"},{"floor":64,"key":"DemoMod:LeadSkinPotion"},{"floor":65,"key":"Languid Potion"},{"floor":67,"key":"PowerPotion"},{"floor":69,"key":"Fire Potion"},{"floor":72,"key":"Milkshake"},{"floor":74,"key":"Fire Potion"},{"floor":76,"key":"BlessingOfTheForge"},{"floor":78,"key":"Energy Potion"},{"floor":82,"key":"Elixir"},{"floor":84,"key":"Energy Potion"},{"floor":86,"key":"Weak Potion"},{"floor":89,"key":"BlessingOfTheForge"},{"floor":90,"key":"AttackPotion"},{"floor":92,"key":"DuplicationPotion"}],"is_trial":false,"path_per_floor":["M","$","?","$","?","E","?","E","T","M","?","R","$","?","R","B",null,"M","$","M","M","M","NM","R","E","MIM","R","$","M","R","M","R","B",null,"M","?","M","?","?","E","R","E","T","R","E","$","M","M","R","B",null,"M","$","M","M","?","R","E","M","T","E","M","R","E","M","R","B",null,"M","?","?","M","?","E","R","E","T","M","$","?","R","M","R","B",null,"M","?","$","M","M","R","NM","?"],"character_chosen":"THE_SOMNAMBULANT","items_purchased":["vexMod:Spyglass","DemoMod:ClearGuonStone","somnambulantmod: SleepingBody","somnambulantmod: SleepingBody","somnambulantmod: Stimulus","MerchantsRug","infinitespire:Beetle Shell","Bird Faced Urn","Seeing Red","conspire:InfiniteJournal","hubris:ToyBattleship","Bandage Up","StuffTheSpire:BottledEssence","Tiny Chest","hubris:PeanutButter"],"campfire_rested":4,"item_purchase_floors":[2,2,2,19,19,28,28,46,46,53,53,53,79,88,88],"current_hp_per_floor":[69,69,57,57,57,45,45,37,37,39,39,60,60,43,43,28,60,55,55,50,33,30,23,44,13,11,32,32,44,44,34,55,14,56,60,60,50,50,50,70,70,70,77,77,78,78,79,81,81,11,65,85,85,85,85,83,83,85,85,85,85,87,87,89,91,91,91,69,71,71,71,73,71,37,60,75,75,77,77,75,75,77,75,77,83,78,78,78,78,24,24,50,0,0],"gold":0,"neow_bonus":"RANDOM_COLORLESS","is_daily":false,"chose_seed":false,"campfire_upgraded":9,"win_rate":0.0,"timestamp":1610936486,"path_taken":["M","$","?","$","?","E","?","E","T","M","?","R","$","?","R","BOSS","M","?","?","M","M","NM","R","E","MIM","R","?","M","R","M","R","BOSS","M","?","?","?","?","E","R","E","T","R","E","?","M","M","R","BOSS","M","$","M","?","?","R","E","?","T","E","M","R","E","M","R","BOSS","M","?","?","?","?","E","R","E","T","M","$","?","R","?","R","BOSS","M","?","$","M","M","R","NM","?"],"items_purchased_type":["Relic","Relic","Card","Card","Card","Relic","Relic","Relic","Card","Relic","Relic","Card","Relic","Relic","Relic"],"build_version":"2020-12-22","purchased_purges":4,"victory":false,"max_hp_per_floor":[70,70,70,70,70,70,70,70,70,70,70,70,70,70,70,70,70,70,70,70,70,70,70,70,70,70,70,70,70,70,70,70,70,70,70,70,70,70,70,70,70,70,77,77,79,79,79,81,81,83,83,85,85,85,85,83,83,85,85,85,85,87,87,89,91,91,91,69,71,71,71,73,71,71,73,75,75,77,77,75,75,77,75,77,83,85,85,85,87,87,87,103,103,103],"relic_stats":{"Blood Vial":45,"Singing Bowl":46,"counters":[46,210],"Tiny Chest":0,"Turnip":[5],"obtain_stats":[{"DemoMod:BlueGuonStone":74,"infinitespire:Cubic Diamond":7,"DemoMod:GlassGuonStoneRelic":16,"StuffTheSpire:BottledEssence":79,"EVO:Axolotl":0,"Whetstone":23,"vexMod:RockOfEvil":51,"hubris:TerracottaHorce":17,"Blood Vial":8,"somnambulantmod: DreamJournal":0,"Iron Hammer":83,"DemoMod:ClearGuonStone":2,"Toxic Egg 2":61,"MerchantsRug":28,"ReplayTheSpireMod:Ring of Addiction":39,"infinitespire:Beetle Shell":28,"Replay:Ancient Bell":85,"aspiration:IroncladSkillbook":34,"Bird Faced Urn":46,"hubris:PeanutButter":88,"ReplayTheSpireMod:TigerMarble":6,"hubris:ToyBattleship":53,"infinitespire:PuzzleCube":3,"Meat on the Bone":76,"Singing Bowl":45,"aspiration:TomeofQuesting":85,"Mango":92,"StuffTheSpire:EmeraldSignet":91,"Replay:Multitool":85,"hubris:EmptyBottle":39,"vexMod:Spyglass":2,"Ancient Tea Set":60,"theForsaken:PlagueMask":87,"conspire:TopHat":40,"conspire:InfiniteJournal":53,"Dream Catcher":9,"Tiny Chest":88,"Ring of Panic":39,"Replay:Drink Me":68,"Potion Belt":11,"aspiration:FetidBarrel":26,"infinitespire:FocusingShard":85,"infinitespire:Lucky Rock":25,"White Beast Statue":39,"Anchor":58,"infinitespire:Satchel":42,"StuffTheSpire:CocoNut":43,"Turnip":64,"theForsaken:JudgementScales":7},{"DemoMod:BlueGuonStone":36,"infinitespire:Cubic Diamond":2,"DemoMod:GlassGuonStoneRelic":5,"StuffTheSpire:BottledEssence":38,"EVO:Axolotl":0,"Whetstone":10,"vexMod:RockOfEvil":23,"hubris:TerracottaHorce":5,"Blood Vial":3,"somnambulantmod: DreamJournal":0,"Iron Hammer":39,"DemoMod:ClearGuonStone":1,"Toxic Egg 2":29,"MerchantsRug":12,"ReplayTheSpireMod:Ring of Addiction":17,"infinitespire:Beetle Shell":12,"Replay:Ancient Bell":40,"aspiration:IroncladSkillbook":15,"Bird Faced Urn":20,"hubris:PeanutButter":41,"ReplayTheSpireMod:TigerMarble":2,"hubris:ToyBattleship":24,"infinitespire:PuzzleCube":1,"Meat on the Bone":37,"Singing Bowl":20,"aspiration:TomeofQuesting":40,"Mango":44,"StuffTheSpire:EmeraldSignet":43,"Replay:Multitool":40,"hubris:EmptyBottle":17,"vexMod:Spyglass":1,"Ancient Tea Set":28,"theForsaken:PlagueMask":41,"conspire:TopHat":18,"conspire:InfiniteJournal":24,"Dream Catcher":3,"Tiny Chest":41,"Ring of Panic":17,"Replay:Drink Me":33,"Potion Belt":4,"aspiration:FetidBarrel":12,"infinitespire:FocusingShard":40,"infinitespire:Lucky Rock":11,"White Beast Statue":17,"Anchor":27,"infinitespire:Satchel":19,"StuffTheSpire:CocoNut":19,"Turnip":31,"theForsaken:JudgementScales":2},{"DemoMod:BlueGuonStone":170,"infinitespire:Cubic Diamond":16,"DemoMod:GlassGuonStoneRelic":31,"StuffTheSpire:BottledEssence":177,"EVO:Axolotl":0,"Whetstone":59,"vexMod:RockOfEvil":138,"hubris:TerracottaHorce":31,"Blood Vial":22,"somnambulantmod: DreamJournal":0,"Iron Hammer":178,"DemoMod:ClearGuonStone":5,"Toxic Egg 2":150,"MerchantsRug":68,"ReplayTheSpireMod:Ring of Addiction":99,"infinitespire:Beetle Shell":68,"Replay:Ancient Bell":182,"aspiration:IroncladSkillbook":90,"Bird Faced Urn":117,"hubris:PeanutButter":187,"ReplayTheSpireMod:TigerMarble":16,"hubris:ToyBattleship":139,"infinitespire:PuzzleCube":5,"Meat on the Bone":173,"Singing Bowl":117,"aspiration:TomeofQuesting":182,"Mango":203,"StuffTheSpire:EmeraldSignet":196,"Replay:Multitool":182,"hubris:EmptyBottle":99,"vexMod:Spyglass":5,"Ancient Tea Set":147,"theForsaken:PlagueMask":187,"conspire:TopHat":106,"conspire:InfiniteJournal":139,"Dream Catcher":22,"Tiny Chest":187,"Ring of Panic":99,"Replay:Drink Me":161,"Potion Belt":24,"aspiration:FetidBarrel":68,"infinitespire:FocusingShard":182,"infinitespire:Lucky Rock":63,"White Beast Statue":99,"Anchor":144,"infinitespire:Satchel":113,"StuffTheSpire:CocoNut":113,"Turnip":154,"theForsaken:JudgementScales":16}]},"card_choices":[{"not_picked":["DemoMod:Spice","StuffTheSpire:PlasmaPulse"],"picked":"Good Instincts","floor":0},{"not_picked":["somnambulantmod: Overshare","somnambulantmod: Stumble"],"picked":"somnambulantmod: BadIdea","floor":1},{"not_picked":["somnambulantmod: Repression","somnambulantmod: Unknow"],"picked":"somnambulantmod: LeechFears","floor":6},{"not_picked":["somnambulantmod: Inspiration","somnambulantmod: RecurringDream"],"picked":"somnambulantmod: HorrificThought","floor":8},{"not_picked":["somnambulantmod: Unmake","somnambulantmod: LeechFears","somnambulantmod: Harden"],"picked":"SKIP","floor":10},{"not_picked":["somnambulantmod: LeechFears","somnambulantmod: Sleepyhead"],"picked":"somnambulantmod: DarkeningMind","floor":12},{"not_picked":["infinitespire:Menacing","hubris:Rewind"],"picked":"ReplayTheSpireMod:Black Plague","floor":14},{"not_picked":["somnambulantmod: Lucidity","somnambulantmod: GalaxyBrain"],"picked":"somnambulantmod: Refracture","floor":16},{"not_picked":["somnambulantmod: Wake+1","somnambulantmod: Reject"],"picked":"somnambulantmod: SnuggleUp+1","floor":18},{"not_picked":["somnambulantmod: Cower","somnambulantmod: PillowFort"],"picked":"somnambulantmod: LeechFears","floor":20},{"not_picked":["somnambulantmod: HeavyLids","somnambulantmod: RecurringDream","somnambulantmod: Remember"],"picked":"SKIP","floor":21},{"not_picked":["somnambulantmod: ShowerThought","somnambulantmod: NightmareFuel+1"],"picked":"somnambulantmod: Extract","floor":22},{"not_picked":["infinitespire:SevenWalls","ReplayTheSpireMod:Chaos Vortex"],"picked":"infinitespire:Starlight","floor":23},{"not_picked":["somnambulantmod: Bloom","somnambulantmod: HeavyLids","somnambulantmod: HeadSmack"],"picked":"SKIP","floor":23},{"not_picked":["somnambulantmod: MindWave+1","somnambulantmod: MuscleMemory"],"picked":"somnambulantmod: Stimulus+1","floor":24},{"not_picked":["somnambulantmod: Trauma","somnambulantmod: BadIdea+1"],"picked":"somnambulantmod: Damping","floor":25},{"not_picked":["somnambulantmod: ViralIdea","somnambulantmod: Trauma"],"picked":"somnambulantmod: Relive","floor":26},{"not_picked":["somnambulantmod: Cower","somnambulantmod: Relive"],"picked":"somnambulantmod: ShimmeringVeil","floor":27},{"not_picked":["somnambulantmod: HappyThoughts","somnambulantmod: SickeningSwathe"],"picked":"somnambulantmod: LayeredDefense+1","floor":29},{"not_picked":["somnambulantmod: Cower+1","somnambulantmod: Stumble","somnambulantmod: Unknow"],"picked":"SKIP","floor":31},{"not_picked":["somnambulantmod: Repression","somnambulantmod: TrepanningBlow"],"picked":"somnambulantmod: SnuggleUp","floor":32},{"not_picked":["somnambulantmod: Blink","somnambulantmod: BadIdea+1","Shrug It Off+1","Reckless Charge"],"picked":"SKIP","floor":35},{"not_picked":["somnambulantmod: MuscleMemory+1","somnambulantmod: Harden+1","somnambulantmod: ViralIdea","somnambulantmod: HeavyLids"],"picked":"SKIP","floor":37},{"not_picked":["somnambulantmod: Stumble+1","conspire:Charge","Berserk"],"picked":"somnambulantmod: LeechFears","floor":40},{"not_picked":["somnambulantmod: HeavyLids+1","somnambulantmod: Repression","somnambulantmod: Stumble+1"],"picked":"Replay:Undeath\u0027s Touch","floor":42},{"not_picked":["StuffTheSpire:Slingshot+1","somnambulantmod: ViralIdea+1","Flex+1","Searing Blow"],"picked":"Singing Bowl","floor":45},{"not_picked":["somnambulantmod: HeadSmack","somnambulantmod: NightHaunts","Thunderclap"],"picked":"somnambulantmod: Wake+1","floor":47},{"not_picked":["somnambulantmod: Harden","Bloodletting+1","somnambulantmod: HappyThoughts","Abandon+1"],"picked":"Singing Bowl","floor":48},{"not_picked":["Juggernaut","somnambulantmod: Lucidity","somnambulantmod: Damping","somnambulantmod: Amnausea"],"picked":"Singing Bowl","floor":50},{"not_picked":["somnambulantmod: Unmake","Reckless Charge","Sword Boomerang","ReplayTheSpireMod:Strike From Hell"],"picked":"Singing Bowl","floor":52},{"not_picked":["Pummel","somnambulantmod: Unknow","StuffTheSpire:RagingBull"],"picked":"somnambulantmod: Withdraw","floor":54},{"not_picked":["Disarm","StuffTheSpire:Slingshot","somnambulantmod: Stumble"],"picked":"somnambulantmod: ImpenetrableMind","floor":55},{"not_picked":["somnambulantmod: HeavyLids","somnambulantmod: Pinch","Flame Barrier","StuffTheSpire:BloodClot"],"picked":"Singing Bowl","floor":58},{"not_picked":["Hemokinesis","Immolate","somnambulantmod: Nosebleed","Fire Breathing"],"picked":"Singing Bowl","floor":59},{"not_picked":["Twin Strike","somnambulantmod: Unknow+1","Sword Boomerang"],"picked":"somnambulantmod: LightSleeper","floor":61},{"not_picked":["StuffTheSpire:Slingshot","somnambulantmod: DeeperSleep","hubris:CleavingFinish","Perfected Strike"],"picked":"Singing Bowl","floor":62},{"not_picked":["somnambulantmod: Sleepyhead+1","somnambulantmod: Bloom+1","somnambulantmod: RecurringDream","Havoc+1"],"picked":"Singing Bowl","floor":64},{"not_picked":["somnambulantmod: TrepanningBlow","DemoMod:WhiteBlade","StuffTheSpire:RockThrow","StuffTheSpire:RagingBull"],"picked":"Singing Bowl","floor":65},{"not_picked":["somnambulantmod: Lucidity","Double Tap+1","somnambulantmod: Refracture"],"picked":"somnambulantmod: Unburden+1","floor":67},{"not_picked":["Havoc+1","somnambulantmod: Blink+1","Battle Trance+1","ReplayTheSpireMod:Strike From Hell+1"],"picked":"Singing Bowl","floor":69},{"not_picked":["Sword Boomerang+1","Dropkick","Havoc+1","ReplayTheSpireMod:Limb From Limb"],"picked":"Singing Bowl","floor":72},{"not_picked":["somnambulantmod: Bruise+1","Searing Blow","somnambulantmod: Stumble+1"],"picked":"Demonic Infusion+1","floor":74},{"not_picked":["somnambulantmod: Harden+1","somnambulantmod: Reject+1","Thunderclap","somnambulantmod: DarkeningMind+1"],"picked":"Singing Bowl","floor":75},{"not_picked":["conspire:Charge+1","somnambulantmod: LayeredDefense+1","Sword Boomerang+1","Cleave+1"],"picked":"Singing Bowl","floor":76},{"not_picked":["Combust","StuffTheSpire:Slingshot","somnambulantmod: Bruise","Defy Death+1"],"picked":"Singing Bowl","floor":78},{"not_picked":["somnambulantmod: Repression+1","Havoc+1","Demon Form","Dual Wield+1"],"picked":"Singing Bowl","floor":82},{"not_picked":["Feed","somnambulantmod: Lucidity","conspire:Purge+1","somnambulantmod: Damping+1"],"picked":"Singing Bowl","floor":84},{"not_picked":["Parasite","TheCursedMod:Dregs","hubris:Despair","CommonCold"],"picked":"Singing Bowl","floor":85},{"not_picked":["hubris:Compulsion","theSleuth:MortholDryax","Spreading Infection","Shame"],"picked":"Singing Bowl","floor":85},{"not_picked":["Shame","ReplayTheSpireMod:Splinters","infinitespire:Pacifist","hubris:Envy"],"picked":"Singing Bowl","floor":85},{"not_picked":["StuffTheSpire:BloodClot+1","Iron Wave+1","somnambulantmod: HeavyLids+1","somnambulantmod: RecurringDream+1"],"picked":"Singing Bowl","floor":86},{"not_picked":["hubris:InfiniteBlow","infinitespire:SealOfDarkness+"],"picked":"infinitespire:Collect","floor":88},{"not_picked":["somnambulantmod: Reject+1","somnambulantmod: Pinch+1","ReplayTheSpireMod:Corrosion Curse+1","Impervious+1"],"picked":"Singing Bowl","floor":89},{"not_picked":["somnambulantmod: Harden+1","Perfected Strike+1","StuffTheSpire:Slingshot+1","StuffTheSpire:Pyroclast+1"],"picked":"Singing Bowl","floor":90},{"not_picked":["infinitespire:Punishment","infinitespire:SevenWalls"],"picked":"infinitespire:Starlight","floor":92},{"not_picked":["somnambulantmod: ShowerThought","Bloodletting+1","somnambulantmod: NightHaunts","Thunderclap"],"picked":"Singing Bowl","floor":92}],"player_experience":676078,"relics_obtained":[{"floor":6,"key":"ReplayTheSpireMod:TigerMarble"},{"floor":8,"key":"Blood Vial"},{"floor":9,"key":"Dream Catcher"},{"floor":23,"key":"Whetstone"},{"floor":25,"key":"infinitespire:Lucky Rock"},{"floor":26,"key":"aspiration:FetidBarrel"},{"floor":39,"key":"ReplayTheSpireMod:Ring of Addiction"},{"floor":39,"key":"hubris:EmptyBottle"},{"floor":39,"key":"White Beast Statue"},{"floor":39,"key":"Ring of Panic"},{"floor":40,"key":"conspire:TopHat"},{"floor":42,"key":"infinitespire:Satchel"},{"floor":43,"key":"StuffTheSpire:CocoNut"},{"floor":45,"key":"Singing Bowl"},{"floor":58,"key":"Anchor"},{"floor":60,"key":"Ancient Tea Set"},{"floor":61,"key":"Toxic Egg 2"},{"floor":64,"key":"Turnip"},{"floor":74,"key":"DemoMod:BlueGuonStone"},{"floor":76,"key":"Meat on the Bone"},{"floor":83,"key":"Iron Hammer"},{"floor":91,"key":"StuffTheSpire:EmeraldSignet"},{"floor":92,"key":"Mango"}],"event_choices":[{"damage_healed":0,"gold_gain":0,"player_choice":"Success","damage_taken":12,"relics_obtained":["infinitespire:PuzzleCube"],"max_hp_gain":0,"max_hp_loss":0,"event_name":"Scrap Ooze","floor":3,"gold_loss":0},{"damage_healed":0,"gold_gain":0,"player_choice":"Forge","damage_taken":0,"max_hp_gain":0,"max_hp_loss":0,"event_name":"Accursed Blacksmith","floor":5,"gold_loss":0,"cards_upgraded":["somnambulantmod: QuickNap"]},{"damage_healed":0,"gold_gain":0,"cards_transformed":["somnambulantmod: SomnambulantStrike"],"player_choice":"Transformed","damage_taken":0,"max_hp_gain":0,"max_hp_loss":0,"event_name":"Transmorgrifier","floor":36,"gold_loss":0,"cards_obtained":["Dropkick"]},{"damage_healed":0,"gold_gain":0,"cards_transformed":["somnambulantmod: SomnambulantStrike"],"player_choice":"Transformed","damage_taken":0,"max_hp_gain":0,"max_hp_loss":0,"event_name":"Transmorgrifier","floor":56,"gold_loss":0,"cards_obtained":["Battle Trance"]},{"cards_removed":["somnambulantmod: Defend_Somnambulant"],"damage_healed":0,"gold_gain":0,"player_choice":"Elegance","damage_taken":0,"max_hp_gain":0,"max_hp_loss":0,"event_name":"Back to Basics","floor":73,"gold_loss":0},{"damage_healed":0,"gold_gain":0,"cards_transformed":["Survivor"],"player_choice":"Transformed","damage_taken":0,"max_hp_gain":0,"max_hp_loss":0,"event_name":"Transmorgrifier","floor":80,"gold_loss":0,"cards_obtained":["Double Tap"]},{"damage_healed":0,"gold_gain":0,"player_choice":"Obtain Plague Curse","damage_taken":0,"max_hp_gain":0,"max_hp_loss":0,"event_name":"Plague Doctor","floor":87,"gold_loss":0,"cards_obtained":["theForsaken:PlagueCurse"]}],"is_beta":false,"boss_relics":[{"not_picked":["Runic Dome","aspiration:MobileForge"],"picked":"hubris:TerracottaHorce"},{"not_picked":["hubris:HollowSoul","aspiration:RunicSpoon"],"picked":"aspiration:IroncladSkillbook"},{"not_picked":["infinitespire:Cupcake","vexMod:EndlessSickness"],"picked":"vexMod:RockOfEvil"},{"not_picked":["aspiration:FutureDiary","Painkiller Herb"],"picked":"Replay:Drink Me"},{"not_picked":["vexMod:MysteryBossChallenge","Runesmith:UraniumAnvil"],"picked":"Replay:Ancient Bell"},{"not_picked":["DemoMod:PoisonVial","Replay:Mystery Machine"],"picked":"aspiration:TomeofQuesting"},{"not_picked":["Chameleon Ring","infinitespire:ShieldingShard"],"picked":"infinitespire:FocusingShard"},{"not_picked":["StuffTheSpire:Expresso","vexMod:HeadHunter"],"picked":"Replay:Multitool"}],"items_purged_floors":[13,53,79,88],"is_endless":true,"potions_floor_spawned":[6,16,18,20,22,29,31,35,40,42,45,47,48,50,52,54,55,58,59,61,62,64,65,67,69,72,74,76,78,82,84,86,89,90,92,93],"killed_by":"Nightmare_Alpha","ascension_level":0}}