{"host":"wghdsg8ym2wc7ov9","time":1610947093,"event":{"mods":["AchievementEnabler","Astrologer","BaseMod","Beaked The Cultist","Better Altar","Better Note","Colored Map","Downfall","Hermit","Highlight Path","Jorbs\u0027s Wanderer Trilogy","KinomotoSakuraMod(????)","Minty Spire (QoL Compilation)","Random Character Button","Relic Stats","SIMod","Shop Mod","StSLib","The Blackbeard","The Bladedancer","The Construct","The Cursed","The Death Knight","The Gatherer","The Hierophant","The Marked","The Mystic","The Necromancer","The Runesmith","The Senshi","The Servant 0.9.4"],"gold_per_floor":[111,130,130,148,148,178,178,178,178,198,228,238,257,276,276,377,377,388,398,418,418,433,433,451,466,543,543,571,591,82,96,96,221,221,236,254,266,266,276,276,303,303,303,314,87,87,97,133,133,133,133,133,14,14,14],"floor_reached":54,"language":"ENG","playtime":32905,"items_purged":[],"score":834,"play_id":"1c81ab12-b7de-4e87-a107-7ee512f188cf","local_time":"20210117211813","is_ascension_mode":false,"campfire_choices":[{"floor":7,"key":"RECALL"},{"data":"Defy","floor":15,"key":"SMITH"},{"data":"sneckomod:UnknownRarePower","floor":23,"key":"SMITH"},{"data":"Transmutation","floor":32,"key":"SMITH"},{"floor":40,"key":"REST"},{"floor":49,"key":"REST"},{"data":"CMC","floor":52,"key":"SMITH"}],"circlet_count":0,"master_deck":["Strike_S","Strike_S","Strike_S","Defend_S","Defend_S","Defend_S","Defend_S","KidneyShot","Exchange","Hightail","Collapse","Barrier","Defy+1","Contraction","Sabotage","PendulumOfEternity","Potential","ShatteredReality","Contraction","Embodiment","Luminosity+1","StarChef","MoonPhase","sneckomod:UnknownRarePower+1","Ricochet","Luminosity","RealityMarble","FlawlessForm+1","BestPractice+1","SurpressingFire+1","Transmutation+1","Snipe+1","MurderousAura+1","Potential+1","MoonPhase+1","GearUp","Misdirection+1","SilverBlades+1","Sabotage+1","CMC+1","Parasite","Barrier","Solidify","Magnetism+1","Starlight"],"relics":["Uniform","Happy Flower","Mercury Hourglass","Sozu","Enchiridion","Oddly Smooth Stone","Black Star","Shuriken","theSenshi:SailorFukuRelic","Letter Opener","MerchantsRug"],"acts_visited":["Exordium","TheCity","TheBeyond","TheEnding"],"potions_floor_usage":[1,11,19,28],"damage_taken":[{"damage":7,"enemies":"Small Slimes","floor":1,"turns":3},{"damage":4,"enemies":"2 Louse","floor":2,"turns":4},{"damage":0,"enemies":"Jaw Worm","floor":4,"turns":5},{"damage":0,"enemies":"Lagavulin","floor":6,"turns":13},{"damage":1,"enemies":"Exordium Wildlife","floor":10,"turns":6},{"damage":7,"enemies":"3 Sentries","floor":11,"turns":15},{"damage":0,"enemies":"Blue Slaver","floor":12,"turns":6},{"damage":0,"enemies":"Lots of Slimes","floor":13,"turns":1},{"damage":0,"enemies":"Exordium Wildlife","floor":14,"turns":3},{"damage":0,"enemies":"Slime Boss","floor":16,"turns":11},{"damage":0,"enemies":"Chosen","floor":18,"turns":7},{"damage":33,"enemies":"2 Thieves","floor":19,"turns":5},{"damage":0,"enemies":"Snake Plant","floor":20,"turns":5},{"damage":0,"enemies":"Sentry and Sphere","floor":22,"turns":7},{"damage":13,"enemies":"Centurion and Healer","floor":24,"turns":7},{"damage":7,"enemies":"Snake Plant","floor":25,"turns":7},{"damage":21,"enemies":"Gremlin Leader","floor":28,"turns":6},{"damage":0,"enemies":"Chosen and Byrds","floor":29,"turns":5},{"damage":4,"enemies":"Shelled Parasite and Fungi","floor":31,"turns":6},{"damage":7,"enemies":"Champ","floor":33,"turns":12},{"damage":19,"enemies":"3 Darklings","floor":35,"turns":5},{"damage":9,"enemies":"3 Shapes","floor":36,"turns":5},{"damage":15,"enemies":"Sphere and 2 Shapes","floor":37,"turns":6},{"damage":16,"enemies":"Spire Growth","floor":39,"turns":7},{"damage":9,"enemies":"Giant Head","floor":41,"turns":12},{"damage":20,"enemies":"Jaw Worm Horde","floor":44,"turns":5},{"damage":13,"enemies":"Writhing Mass","floor":47,"turns":9},{"damage":3,"enemies":"Maw","floor":48,"turns":8},{"damage":39,"enemies":"Time Eater","floor":50,"turns":14},{"damage":93,"enemies":"Shield and Spear","floor":54,"turns":6}],"seed_played":"5731942933199943197","potions_obtained":[{"floor":1,"key":"Fruit Juice"},{"floor":4,"key":"AttackPotion"},{"floor":10,"key":"BlessingOfTheForge"},{"floor":11,"key":"FairyPotion"},{"floor":16,"key":"AttackPotion"}],"is_trial":false,"path_per_floor":["M","M","?","M","?","E","R","T","T","M","E","M","M","M","R","B",null,"M","M","M","?","M","R","M","M","T","?","E","M","$","M","R","B",null,"M","M","M","?","M","R","E","T","T","M","$","?","M","M","R","B",null,"R","$","E"],"character_chosen":"THE_SERVANT","items_purchased":["Lee\u0027s Waffle","Oddly Smooth Stone","SurpressingFire+1","Transmutation","MerchantsRug","CMC","Magnetism+1","Starlight"],"campfire_rested":2,"item_purchase_floors":[30,30,30,30,45,45,53,53],"current_hp_per_floor":[63,59,59,59,64,64,64,74,74,73,66,66,66,66,66,66,85,85,52,52,52,52,52,39,32,32,16,25,25,92,88,88,81,92,73,64,49,49,33,60,51,51,51,31,31,31,18,15,42,3,92,92,92,0,0],"gold":14,"neow_bonus":"THREE_CARDS","is_daily":false,"chose_seed":false,"campfire_upgraded":4,"win_rate":0.0,"timestamp":1610947093,"path_taken":["M","M","?","M","?","E","R","?","T","M","E","M","M","?","R","BOSS","M","M","M","?","M","R","?","M","T","?","E","M","$","M","R","BOSS","M","M","M","?","M","R","E","?","T","M","$","?","M","M","R","BOSS","R","$","E"],"items_purchased_type":["Relic","Relic","Card","Card","Relic","Card","Card","Card"],"build_version":"2020-12-22","purchased_purges":0,"victory":false,"max_hp_per_floor":[70,70,70,70,75,75,75,85,85,85,85,85,85,85,85,85,85,85,85,85,85,85,85,85,85,85,85,85,85,92,92,92,92,92,92,92,92,92,92,92,92,92,92,92,92,92,92,92,92,92,92,92,92,92,92],"relic_stats":{"Sozu":8,"Happy Flower":[62],"counters":[30,209],"Shuriken":[10],"Black Star":1,"Letter Opener":[56],"obtain_stats":[{"MerchantsRug":45,"Lee\u0027s Waffle":30,"Pear":8,"Happy Flower":6,"Enchiridion":27,"Oddly Smooth Stone":30,"Uniform":0,"Letter Opener":43,"Frozen Egg 2":28,"Question Card":11,"Mercury Hourglass":9,"Sozu":17,"Du-Vu Doll":42,"Shuriken":41,"Black Star":34,"theSenshi:SailorFukuRelic":41},{"MerchantsRug":26,"Lee\u0027s Waffle":18,"Pear":4,"Happy Flower":4,"Enchiridion":16,"Oddly Smooth Stone":18,"Uniform":0,"Letter Opener":25,"Frozen Egg 2":17,"Question Card":6,"Mercury Hourglass":4,"Sozu":10,"Du-Vu Doll":25,"Shuriken":25,"Black Star":20,"theSenshi:SailorFukuRelic":25},{"MerchantsRug":172,"Lee\u0027s Waffle":115,"Pear":25,"Happy Flower":25,"Enchiridion":104,"Oddly Smooth Stone":115,"Uniform":0,"Letter Opener":167,"Frozen Egg 2":110,"Question Card":46,"Mercury Hourglass":25,"Sozu":67,"Du-Vu Doll":167,"Shuriken":167,"Black Star":133,"theSenshi:SailorFukuRelic":167}],"Mercury Hourglass":[575]},"card_choices":[{"not_picked":["InstantArmor","Rearm"],"picked":"Hightail","floor":0},{"not_picked":["Ricochet","Potential"],"picked":"Collapse","floor":1},{"not_picked":["Rearm","Hightail"],"picked":"Barrier","floor":2},{"not_picked":["StarChef","Advance"],"picked":"Contraction","floor":4},{"not_picked":["Rewind","Defy"],"picked":"Sabotage","floor":6},{"not_picked":["Manipulate","BottledTime"],"picked":"PendulumOfEternity","floor":10},{"not_picked":["Starlight","Revamp"],"picked":"Potential","floor":11},{"not_picked":["Contraction","Rewind","InstantArmor"],"picked":"ShatteredReality","floor":12},{"not_picked":["Ricochet","Read","StarChef"],"picked":"Contraction","floor":13},{"not_picked":["Starlight","FastForward","Replace"],"picked":"Sabotage","floor":14},{"not_picked":["LightFlow","TheWorld","PendulumOfEternity"],"picked":"Embodiment","floor":16},{"not_picked":["Rearm","Potential","Starlight"],"picked":"Luminosity+1","floor":18},{"not_picked":["Unruled","Revamp","DoubleEdge"],"picked":"StarChef","floor":19},{"not_picked":["Rewind","Reset","Manipulate"],"picked":"MoonPhase","floor":20},{"not_picked":["Snipe+1","TimeWarp","Comet"],"picked":"Ricochet","floor":22},{"not_picked":["Starlight+1","TimeWarp+1","Revamp"],"picked":"Luminosity","floor":24},{"not_picked":["Spin+1","Defy+1","Reset+1"],"picked":"RealityMarble","floor":25},{"not_picked":["InstantArmor","ShatteredReality+1","StarChef+1"],"picked":"FlawlessForm+1","floor":28},{"not_picked":["Moonlight","Unruled","Foresight+1"],"picked":"BestPractice+1","floor":29},{"not_picked":["Unruled","Hightail","Rearm"],"picked":"Snipe+1","floor":31},{"not_picked":["TheWorld","FlawlessForm+1","LightFlow"],"picked":"MurderousAura+1","floor":33},{"not_picked":["BottledTime+1","TimeWarp","Reset+1"],"picked":"Potential+1","floor":35},{"not_picked":["FastForward+1","BottledTime+1","Manipulate"],"picked":"MoonPhase+1","floor":36},{"not_picked":["Foresight+1","ReturningBlade","MoonPhase+1"],"picked":"GearUp","floor":37},{"not_picked":["Revamp","ReturningBlade","Read+1"],"picked":"Misdirection+1","floor":39},{"not_picked":["Rewind+1","Starlight","Embodiment+1"],"picked":"SilverBlades+1","floor":41},{"not_picked":["Replace+1","FanOfKnives","Hightail"],"picked":"Sabotage+1","floor":44},{"not_picked":["Rearm+1","FastForward","Potential"],"picked":"Barrier","floor":47},{"not_picked":["Rearm+1","DoubleEdge","Starlight"],"picked":"Solidify","floor":48}],"player_experience":693706,"relics_obtained":[{"floor":6,"key":"Happy Flower"},{"floor":8,"key":"Pear"},{"floor":9,"key":"Mercury Hourglass"},{"floor":11,"key":"Question Card"},{"floor":27,"key":"Enchiridion"},{"floor":28,"key":"Frozen Egg 2"},{"floor":41,"key":"Shuriken"},{"floor":41,"key":"theSenshi:SailorFukuRelic"},{"floor":42,"key":"Du-Vu Doll"},{"floor":43,"key":"Letter Opener"}],"event_choices":[{"damage_healed":0,"gold_gain":0,"cards_transformed":["Strike_S"],"player_choice":"Change","damage_taken":0,"max_hp_gain":0,"max_hp_loss":0,"event_name":"Living Wall","floor":3,"gold_loss":0,"cards_obtained":["Defy"]},{"damage_healed":0,"gold_gain":0,"player_choice":"Donut","damage_taken":0,"max_hp_gain":5,"max_hp_loss":0,"event_name":"Big Fish","floor":5,"gold_loss":0},{"cards_removed":["Embodiment"],"damage_healed":0,"gold_gain":0,"player_choice":"Take \u0026 Give","damage_taken":0,"max_hp_gain":0,"max_hp_loss":0,"event_name":"betterNote:BetterNote","floor":21,"gold_loss":0,"cards_obtained":["sneckomod:UnknownRarePower"]},{"damage_healed":0,"gold_gain":0,"player_choice":"Obtained Book","damage_taken":16,"max_hp_gain":0,"max_hp_loss":0,"event_name":"Cursed Tome","floor":27,"gold_loss":0},{"cards_removed":["Sabotage"],"damage_healed":0,"gold_gain":0,"player_choice":"Removed Attack","damage_taken":0,"max_hp_gain":0,"max_hp_loss":0,"event_name":"Falling","floor":46,"gold_loss":0}],"is_beta":false,"boss_relics":[{"not_picked":["Empty Cage","Runic Dome"],"picked":"Sozu"},{"not_picked":["Velvet Choker","Tiny House"],"picked":"Black Star"}],"items_purged_floors":[],"is_endless":false,"potions_floor_spawned":[1,4,10,11,16,20,24,29,33,35,37,41,44],"killed_by":"Shield and Spear","ascension_level":0}}