{"host":"08t08ld674si40tv","time":1610962887,"event":{"mods":["AchievementEnabler","BaseMod","Colored Map","Minty Spire (QoL Compilation)","StSLib","SuperFastMode"],"gold_per_floor":[110,110,120,136,61,88,88,105,131,151,151,151,151,166,166,237,237,253,253,266,166,183,183,203,38,115,115,129,129,129],"floor_reached":29,"language":"KOR","playtime":674,"items_purged":["Defend_G","Strike_G"],"score":454,"play_id":"059b9694-8324-4c84-9f8d-c5911da66ee8","local_time":"20210118184127","is_ascension_mode":true,"campfire_choices":[{"floor":7.0,"key":"REST"},{"floor":11,"key":"REST"},{"data":"Skewer","floor":13,"key":"SMITH"},{"data":"Neutralize","floor":15,"key":"SMITH"},{"floor":23,"key":"REST"},{"floor":27,"key":"REST"}],"circlet_count":0,"master_deck":["AscendersBane","Strike_G","Strike_G","Defend_G","Defend_G","Defend_G","Defend_G","Survivor","Neutralize+1","Skewer+1","Poisoned Stab","After Image","Acrobatics","Backflip","Footwork","Corpse Explosion","Crippling Poison+1","Tactician"],"relics":["Ring of the Snake","Oddly Smooth Stone","Vajra","Calipers","Strawberry","Snake Skull","Runic Pyramid","Medical Kit","HornCleat"],"acts_visited":["Exordium","TheCity"],"potions_floor_usage":[10,16,24,28],"damage_taken":[{"damage":1.0,"enemies":"Jaw Worm","floor":1.0,"turns":4.0},{"damage":0.0,"enemies":"Cultist","floor":3.0,"turns":3.0},{"damage":0.0,"enemies":"2 Louse","floor":4.0,"turns":2.0},{"damage":42.0,"enemies":"Lagavulin","floor":6.0,"turns":9.0},{"damage":3.0,"enemies":"Looter","floor":8.0,"turns":4.0},{"damage":18,"enemies":"Gremlin Gang","floor":10,"turns":6},{"damage":10,"enemies":"Exordium Wildlife","floor":14,"turns":8},{"damage":15,"enemies":"The Guardian","floor":16,"turns":12},{"damage":7,"enemies":"Chosen","floor":18,"turns":5},{"damage":40,"enemies":"2 Thieves","floor":20,"turns":4},{"damage":7,"enemies":"Cultist and Chosen","floor":22,"turns":5},{"damage":18,"enemies":"Shelled Parasite and Fungi","floor":24,"turns":6},{"damage":3,"enemies":"Snake Plant","floor":28,"turns":5},{"damage":33,"enemies":"Gremlin Leader","floor":29,"turns":2}],"seed_played":"8234975345994495680","potions_obtained":[{"floor":1.0,"key":"Fruit Juice"},{"floor":8.0,"key":"ColorlessPotion"},{"floor":10,"key":"SteroidPotion"},{"floor":22,"key":"PowerPotion"},{"floor":24,"key":"SkillPotion"}],"is_trial":false,"path_per_floor":["M","?","M","M","$","E","R","M","T","M","R","?","R","M","R","B",null,"M","?","M","$","M","R","M","$","T","R","M","E"],"character_chosen":"THE_SILENT","items_purchased":["Medical Kit"],"campfire_rested":4,"item_purchase_floors":[25],"current_hp_per_floor":[48,48,48,48,48,13,36,33,33,15,38,38,38,28,28,13,62,55,55,15,15,8,31,13,13,13,36,33,0,0],"gold":129,"neow_bonus":"ONE_RARE_RELIC","is_daily":false,"chose_seed":false,"campfire_upgraded":2,"win_rate":0.0,"timestamp":1610962887,"path_taken":["M","?","M","?","$","E","R","M","T","M","R","?","R","M","R","BOSS","M","?","?","$","M","R","M","$","T","R","M","E"],"items_purchased_type":["Relic"],"build_version":"2020-12-22","purchased_purges":2,"victory":false,"max_hp_per_floor":[71,71,71,71,71,78,78,78,78,78,78,78,78,78,78,78,78,78,78,78,78,78,78,78,78,78,78,78,78,78],"card_choices":[{"not_picked":["Underhanded Strike","Poisoned Stab"],"picked":"Skewer","floor":1.0},{"not_picked":["Bane","Slice"],"picked":"Poisoned Stab","floor":3.0},{"not_picked":["Dagger Spray","Flying Knee"],"picked":"After Image","floor":4.0},{"not_picked":["Underhanded Strike","Flechettes"],"picked":"Acrobatics","floor":6.0},{"not_picked":["Caltrops","Reflex"],"picked":"Backflip","floor":8.0},{"not_picked":["Backflip","Infinite Blades","Deflect"],"picked":"SKIP","floor":10},{"not_picked":["Glass Knife","Finisher"],"picked":"Footwork","floor":14},{"not_picked":["After Image","Bullet Time"],"picked":"Corpse Explosion","floor":16},{"not_picked":["Cloak And Dagger","Bane"],"picked":"Crippling Poison","floor":18},{"not_picked":["Flechettes","Slice"],"picked":"Tactician","floor":20},{"not_picked":["Flying Knee+1","Deflect+1","Backflip+1"],"picked":"SKIP","floor":22},{"not_picked":["Cloak And Dagger","PiercingWail","Dagger Spray"],"picked":"SKIP","floor":24},{"not_picked":["Escape Plan","Dodge and Roll","Blade Dance+1"],"picked":"SKIP","floor":28}],"player_experience":244055,"relics_obtained":[{"floor":6.0,"key":"Strawberry"},{"floor":9.0,"key":"Snake Skull"},{"floor":26,"key":"HornCleat"}],"event_choices":[{"cards_removed":["Strike_G"],"damage_healed":0.0,"max_hp_gain":0.0,"max_hp_loss":0.0,"gold_gain":0.0,"event_name":"Bonfire Elementals","player_choice":"Offered Basic","floor":2.0,"gold_loss":0.0,"damage_taken":0.0},{"cards_removed":["Strike_G"],"damage_healed":0,"gold_gain":0,"player_choice":"Forget","damage_taken":0,"max_hp_gain":0,"max_hp_loss":0,"event_name":"Living Wall","floor":12,"gold_loss":0},{"damage_healed":0,"gold_gain":0,"player_choice":"Upgraded","damage_taken":0,"max_hp_gain":0,"max_hp_loss":0,"event_name":"Upgrade Shrine","floor":19,"gold_loss":0,"cards_upgraded":["Crippling Poison"]}],"is_beta":false,"boss_relics":[{"not_picked":["Fusion Hammer","HoveringKite"],"picked":"Runic Pyramid"}],"items_purged_floors":[5,21],"is_endless":false,"potions_floor_spawned":[1,8,10,22,24],"killed_by":"Gremlin Leader","ascension_level":20}}