{"host":"kiah4uoohy01p0hv","time":1610937276,"event":{"mods":["AchievementEnabler","Aspiration","BaseMod","BetterRewards","CCEM","Colored Map","Colored Powertips","Conspire","Highlight Path","Hubris","Infinite Spire","Marked Mod","Minty Spire (QoL Compilation)","Permanent Neow","Replay The Spire","Spicy Shops","Spikes Relics","StS++","StSLib"],"gold_per_floor":[112,128,128,173,189,215,215,241,241,241,255,255,80,97,97,196,196,206,39,49,60,80,110,127,25,25,37,64,64,364,378,378,479,479,520,520,570,570,625,695,695,753,777,777,838,10,30,30,30,135,135,174,198,198,198,213,213,163,176,257,257,271,271,271,288,288,338,338,333,334,343,362,362,362,384,395,419,419,419,26,19,13,13,102,152,156,166,114,101,93,84,83,83,106,105,126,126,146,141,141,182,182,218,218,123,130,130,156,156,156,182,182,143,161,152,196,196,216,216,243,243,223,260,359,386,433,433,433,433,93,93,119,119,119,187,187,198,198,220,257,275,300,358,358,358,193,193,193,267,293,293,371,371,371,257,284,351],"floor_reached":158,"language":"ENG","playtime":21565,"items_purged":["Parasite","hubris:Lust","Hallucinations","Parasite"],"score":4778,"play_id":"ec952398-622f-4ac7-a349-7788963e8ce8","local_time":"20210118123436","is_ascension_mode":false,"campfire_choices":[{"data":"StSpp:LatentStrike","floor":7.0,"key":"SMITH"},{"floor":12.0,"key":"REST"},{"data":"ForeignInfluence","floor":15.0,"key":"SMITH"},{"data":"MarkedMod:SlowDance","floor":29.0,"key":"SMITH"},{"floor":32.0,"key":"REST"},{"floor":41.0,"key":"REST"},{"data":"infinitespire:NeuralNetwork","floor":44.0,"key":"SMITH"},{"floor":49.0,"key":"REST"},{"data":"MarkedMod:NorthStar","floor":57.0,"key":"SMITH"},{"data":"MarkedMod:PinPointDefense","floor":74.0,"key":"SMITH"},{"floor":78.0,"key":"REST"},{"floor":83.0,"key":"REST"},{"data":"Study","floor":97.0,"key":"SMITH"},{"floor":100.0,"key":"REST"},{"data":"WaveOfTheHand","floor":109.0,"key":"SMITH"},{"data":"PathToVictory","floor":112.0,"key":"SMITH"},{"data":"infinitespire:Punishment","floor":117.0,"key":"SMITH"},{"data":"StSpp:LatentStrike","floor":127,"key":"SMITH"},{"data":"MarkedMod:OneThousandNeedles","floor":134,"key":"SMITH"},{"data":"MarkedMod:Acupuncture","floor":144,"key":"SMITH"},{"data":"Sadistic Nature","floor":148,"key":"SMITH"},{"data":"1","floor":151,"key":"LIFT"},{"data":"2","floor":154,"key":"LIFT"}],"circlet_count":0,"master_deck":["Strike_P","Strike_P","Strike_P","Strike_P","Defend_P","Defend_P","Defend_P","Defend_P","Vigilance","Consecrate","StSpp:LatentStrike+1","WaveOfTheHand+1","Consecrate","MarkedMod:ChiBlock+1","MarkedMod:PinPointDefense+1","PathToVictory+1","PathToVictory+1","ForeignInfluence+1","MarkedMod:SlowDance+1","FlurryOfBlows","MarkedMod:PinPointDefense+1","MarkedMod:OneThousandNeedles+1","JustLucky+1","Protect+1","Alpha+1","infinitespire:NeuralNetwork+1","Protect+1","MentalFortress+1","MarkedMod:NorthStar+1","DeceiveReality","DevaForm+1","infinitespire:Starlight+1","Vault+1","infinitespire:Menacing+1","MarkedMod:GentlePulse+1","DeusExMachina+1","SpiritShield+1","MarkedMod:Acupuncture+1","MarkedMod:GracefulMovements","PathToVictory+1","MarkedMod:SlowDance+1","Study+1","PathToVictory+1","Consecrate+1","Consecrate+1","ThirdEye+1","Collect+1","DeceiveReality+1","Establishment","StSpp:LatentStrike+1","conspire:Banana+1","BowlingBash","CutThroughFate","infinitespire:Punishment+1","Perseverance+1","CutThroughFate+1","ForeignInfluence+1","Burst+1","Wireheading+1","PathToVictory+1","Sadistic Nature+1","StSpp:Chanting+1","StSpp:Faith","PathToVictory+1","Reforge+1","Establishment"],"relics":["PureWater","infinitespire:Blanks Blanky","infinitespire:FocusingShard","infinitespire:Lychee Nut","Blood Vial","CultistMask","DollysMirror","Busted Crown","infinitespire:Lucky Rock","hubris:MedicalManual","Strawberry","Old Coin","hubris:HollowSoul","infinitespire:EvilPickle","infinitespire:PuzzleCube","CCEMRelics:D6","SpikesRelics:DaevaFist","Replay:PocketPolymizer","Guide Book","ReplayTheSpireMod:Ninjato","Nunchaku","Sling","Replay:Ancient Bell","Oddly Smooth Stone","infinitespire:ShieldingShard","Ice Cream","Toxic Egg 2","hubris:PeanutButter","hubris:VirtuousBlindfold","RollingBoulder","Anchor","CCEMRelics:SpiritSanctuary","Tiny House","BlackRope","Melange","Replay:Bandana","Juzu Bracelet","Replay:Towering Pillar of Hats","Black Star","Darkstone Periapt","ReplayTheSpireMod:Lightbulb","Bag of Marbles","StSpp:WoodenStick","StSpp:XCola","Gremlin Horn","Sandwich","ReplayTheSpireMod:Ring of Exchange","CCEMRelics:Francisca","Potion Belt","Replay:Bottled Eggs","Membership Card","conspire:TopHat","CCEMRelics:BiPhaseBiplane","infinitespire:Golems Mask","InkBottle","hubris:MobiusCoin","StoneCalendar","Dream Catcher","hubris:Towel","Girya","SnailShell","MealTicket","aspiration:PoetsPen","Cauldron","CCEMRelics:FestiveHat","conspire:DeflatedDodgeball"],"acts_visited":["Exordium","TheCity","TheBeyond","Exordium","TheCity","TheBeyond","Exordium","TheCity","TheBeyond","TheEnding"],"potions_floor_usage":[135,135,135,140,141,152,155,156,156,156,156,156,156,157],"damage_taken":[{"damage":0.0,"enemies":"Jaw Worm","floor":1.0,"turns":3.0},{"damage":0.0,"enemies":"Small Slimes","floor":2.0,"turns":2.0},{"damage":0.0,"enemies":"Cultist","floor":5.0,"turns":3.0},{"damage":13.0,"enemies":"Replay:BlueRogue","floor":6.0,"turns":3.0},{"damage":35.0,"enemies":"Gremlin Nob","floor":8.0,"turns":4.0},{"damage":14.0,"enemies":"Gremlin Gang","floor":11.0,"turns":4.0},{"damage":0.0,"enemies":"Lots of Slimes","floor":14.0,"turns":2.0},{"damage":0.0,"enemies":"Slime Boss","floor":16.0,"turns":5.0},{"damage":0.0,"enemies":"Chosen","floor":18.0,"turns":3.0},{"damage":16.0,"enemies":"Spheric Guardian","floor":20.0,"turns":5.0},{"damage":0.0,"enemies":"3 Cultists","floor":21.0,"turns":4.0},{"damage":0.0,"enemies":"Snecko","floor":22.0,"turns":3.0},{"damage":8.0,"enemies":"Nightmare","floor":23.0,"turns":7.0},{"damage":10.0,"enemies":"Centurion and Healer","floor":24.0,"turns":5.0},{"damage":8.0,"enemies":"Snake Plant","floor":27.0,"turns":3.0},{"damage":2.0,"enemies":"conspire:Head Lice","floor":28.0,"turns":7.0},{"damage":43.0,"enemies":"Shelled Parasite and Fungi","floor":31.0,"turns":5.0},{"damage":4.0,"enemies":"Pondfish","floor":33.0,"turns":9.0},{"damage":3.0,"enemies":"3 Darklings","floor":35.0,"turns":4.0},{"damage":19.0,"enemies":"Orb Walker","floor":37.0,"turns":3.0},{"damage":43.0,"enemies":"Jaw Worm Horde","floor":39.0,"turns":5.0},{"damage":14.0,"enemies":"Nemesis","floor":40.0,"turns":7.0},{"damage":11.0,"enemies":"3 Darklings","floor":42.0,"turns":6.0},{"damage":28.0,"enemies":"Writhing Mass","floor":45.0,"turns":3.0},{"damage":31.0,"enemies":"Sphere and 2 Shapes","floor":47.0,"turns":6.0},{"damage":26.0,"enemies":"Donu and Deca","floor":50.0,"turns":7.0},{"damage":19.0,"enemies":"Jaw Worm","floor":52.0,"turns":2.0},{"damage":9.0,"enemies":"2 Louse","floor":53.0,"turns":2.0},{"damage":0.0,"enemies":"Cultist","floor":56.0,"turns":3.0},{"damage":19.0,"enemies":"2 Fungi Beasts","floor":59.0,"turns":3.0},{"damage":4.0,"enemies":"Blue Slaver","floor":62.0,"turns":4.0},{"damage":0.0,"enemies":"Looter","floor":65.0,"turns":3.0},{"damage":0.0,"enemies":"Fading Forest","floor":67.0,"turns":10.0},{"damage":0.0,"enemies":"conspire:FuzzyDice","floor":69.0,"turns":1.0},{"damage":2.0,"enemies":"Shell Parasite","floor":70.0,"turns":5.0},{"damage":0.0,"enemies":"Snake Plant","floor":71.0,"turns":4.0},{"damage":0.0,"enemies":"Snecko","floor":72.0,"turns":5.0},{"damage":32.0,"enemies":"Book of Stabbing","floor":75.0,"turns":5.0},{"damage":26.0,"enemies":"Centurion and Healer","floor":76.0,"turns":4.0},{"damage":12.0,"enemies":"Snake Plant","floor":81.0,"turns":5.0},{"damage":45.0,"enemies":"Shelled Parasite and Fungi","floor":82.0,"turns":6.0},{"damage":44.0,"enemies":"Champ","floor":84.0,"turns":8.0},{"damage":3.0,"enemies":"Orb Walker","floor":86.0,"turns":4.0},{"damage":25.0,"enemies":"3 Shapes","floor":87.0,"turns":3.0},{"damage":0.0,"enemies":"Spire Growth","floor":89.0,"turns":5.0},{"damage":0.0,"enemies":"Maw","floor":90.0,"turns":4.0},{"damage":10.0,"enemies":"Giant Head","floor":91.0,"turns":6.0},{"damage":9.0,"enemies":"4 Shapes","floor":92.0,"turns":3.0},{"damage":28.0,"enemies":"conspire:MimicChest","floor":95.0,"turns":5.0},{"damage":7.0,"enemies":"Sphere and 2 Shapes","floor":96.0,"turns":3.0},{"damage":0.0,"enemies":"Mind Bloom Boss Battle","floor":98.0,"turns":6.0},{"damage":40.0,"enemies":"Spire Growth","floor":99.0,"turns":6.0},{"damage":12.0,"enemies":"Replay:Hell Engine","floor":101.0,"turns":9.0},{"damage":0.0,"enemies":"Cultist","floor":103.0,"turns":3.0},{"damage":0.0,"enemies":"Small Slimes","floor":106.0,"turns":4.0},{"damage":0.0,"enemies":"Gremlin Nob","floor":108.0,"turns":4.0},{"damage":0.0,"enemies":"2 Louse","floor":114.0,"turns":1.0},{"damage":0.0,"enemies":"Nightmare","floor":115.0,"turns":6.0},{"damage":0.0,"enemies":"3 Sentries","floor":116.0,"turns":4.0},{"damage":0.0,"enemies":"Fading Forest","floor":118.0,"turns":8.0},{"damage":0.0,"enemies":"2 Thieves","floor":120.0,"turns":3.0},{"damage":0.0,"enemies":"Spheric Guardian","floor":123.0,"turns":1.0},{"damage":0.0,"enemies":"Slavers","floor":125.0,"turns":4.0},{"damage":0,"enemies":"Centurion and Healer","floor":126,"turns":2},{"damage":0,"enemies":"Shelled Parasite and Fungi","floor":132,"turns":2},{"damage":0,"enemies":"conspire:MysteriousRune","floor":135,"turns":5},{"damage":0,"enemies":"3 Darklings","floor":137,"turns":3},{"damage":0,"enemies":"3 Shapes","floor":139,"turns":2},{"damage":0,"enemies":"2 Orb Walkers","floor":140,"turns":4},{"damage":0,"enemies":"Writhing Mass","floor":141,"turns":4},{"damage":0,"enemies":"Giant Head","floor":142,"turns":4},{"damage":0,"enemies":"Transient","floor":143,"turns":4},{"damage":40,"enemies":"Nightmare","floor":149,"turns":4},{"damage":6,"enemies":"conspire:OrnateMirror","floor":152,"turns":5},{"damage":0,"enemies":"Shield and Spear","floor":156,"turns":3},{"damage":0,"enemies":"The Heart","floor":157,"turns":6}],"seed_played":"6010365868846643591","potions_obtained":[{"floor":1.0,"key":"Death Potion"},{"floor":5.0,"key":"EssenceOfSteel"},{"floor":14.0,"key":"BlessingOfTheForge"},{"floor":16.0,"key":"StancePotion"},{"floor":18.0,"key":"Reflective Coating"},{"floor":20.0,"key":"SteroidPotion"},{"floor":24.0,"key":"Venom Potion"},{"floor":31.0,"key":"MarkedMod:BlackLotusJuice"},{"floor":33.0,"key":"ColorlessPotion"},{"floor":37.0,"key":"FearPotion"},{"floor":39.0,"key":"Ancient Potion"},{"floor":47.0,"key":"StancePotion"},{"floor":50.0,"key":"Explosive Potion"},{"floor":59.0,"key":"SmokeBomb"},{"floor":65.0,"key":"Elixir"},{"floor":67.0,"key":"SteroidPotion"},{"floor":70.0,"key":"ColorlessPotion"},{"floor":71.0,"key":"Ancient Potion"},{"floor":79.0,"key":"Regen Potion"},{"floor":79.0,"key":"Doom Potion"},{"floor":82.0,"key":"PowerPotion"},{"floor":85.0,"key":"Weak Potion"},{"floor":87.0,"key":"Block Potion"},{"floor":95.0,"key":"AttackPotion"},{"floor":96.0,"key":"ColorlessPotion"},{"floor":99.0,"key":"Dexterity Potion"},{"floor":108.0,"key":"StSpp:ScatteredWeakPotion"},{"floor":114.0,"key":"FearPotion"},{"floor":116.0,"key":"Ancient Potion"},{"floor":122.0,"key":"Strength Potion"},{"floor":123.0,"key":"StSpp:ScatteredPotion"},{"floor":126,"key":"Languid Potion"},{"floor":137,"key":"PowerPotion"},{"floor":140,"key":"Weak Potion"},{"floor":142,"key":"SpeedPotion"},{"floor":143,"key":"Block Potion"},{"floor":152,"key":"SkillPotion"},{"floor":155,"key":"Fruit Juice"},{"floor":155,"key":"BlessingOfTheForge"},{"floor":155,"key":"Explosive Potion"},{"floor":155,"key":"Languid Potion"},{"floor":155,"key":"SneckoOil"},{"floor":156,"key":"SkillPotion"}],"is_trial":false,"path_per_floor":["M","M","?","T","M","E","R","E","T","?","M","R","$","M","R","B",null,"M","$","M","M","M","NM","M","$","T","M","E","R","AVR","M","R","B",null,"M","AVR","M","?","M","E","R","M","T","R","M","$","M","?","R","B",null,"M","M","?","?","M","R","?","M","T","?","M","?","AVR","M","R_BF","B",null,"M","M","M","M","?","R","E","M","T","R","?","$","M","M","R","B",null,"M","M","$","M","M","E","M","AVR","T","?","M","R","?","M","R","B",null,"M","?","$","M","?","E","R","?","T","R","?","M","NM","?","R","B",null,"M","?","?","M","?","E","M","R","T","?","$","?","M","$","R","B",null,"M","?","M","?","M","E","M","R","T","$","?","R","NM","T","R","B",null,"R","$","E","B",null],"character_chosen":"WATCHER","items_purchased":["PathToVictory","DollysMirror","MarkedMod:PinPointDefense","MarkedMod:OneThousandNeedles","MarkedMod:FirstStrike","MarkedMod:SlowDance","Replay:PocketPolymizer","Guide Book","ReplayTheSpireMod:Ninjato","Nunchaku","Sling","MarkedMod:GracefulMovements","PathToVictory+1","CCEMRelics:SpiritSanctuary","PathToVictory+1","conspire:Banana+1","Membership Card","conspire:TopHat","ForeignInfluence+1","Sadistic Nature","Dream Catcher","Cauldron","PathToVictory+1"],"campfire_rested":7,"item_purchase_floors":[13,13,19,19,19,25,46,46,46,46,46,80,80,80,88,105,130,130,130,146,146,155,155],"current_hp_per_floor":[72,72,72,72,72,59,59,24,24,24,18,49,49,54,54,54,54,54,54,39,47,54,46,44,44,44,43,56,56,56,21,54,57,61,58,58,44,44,9,30,61,53,53,53,32,32,9,9,41,23,58,39,35,35,35,42,42,42,30,30,30,34,34,34,56,58,58,58,58,58,58,58,58,58,44,26,26,58,58,58,46,24,58,38,63,63,40,40,63,63,63,57,57,57,51,51,51,63,37,63,63,63,63,50,50,65,65,67,67,67,67,67,67,67,69,71,71,73,73,75,81,81,81,81,83,83,83,83,83,83,83,83,83,83,83,83,83,83,83,83,93,95,95,95,95,95,95,95,92,92,92,94,101,101,103,107,109],"gold":351,"neow_bonus":"THREE_CARDS","is_daily":false,"chose_seed":false,"campfire_upgraded":14,"win_rate":0.0,"timestamp":1610937276,"path_taken":["M","M","?","?","M","E","R","E","T","?","?","R","$","M","R","BOSS","M","$","M","M","?","NM","M","?","T","M","E","R","AVR","M","R","BOSS","M","AVR","M","?","M","E","R","M","T","R","M","$","M","?","R","BOSS","M","M","?","?","M","R","?","?","T","?","M","?","AVR","M","R_BF","BOSS","M","M","M","M","?","R","E","M","T","R","?","$","M","M","R","BOSS","M","M","$","?","M","E","M","AVR","T","?","M","R","?","M","R","BOSS","M","?","?","M","?","E","R","?","T","R","?","M","NM","?","R","BOSS","M","?","?","M","?","E","M","R","T","?","$","?","M","?","R","BOSS","M","?","M","?","M","E","M","R","T","?","?","R","NM","?","R","BOSS","R","$","E","BOSS"],"items_purchased_type":["Card","Relic","Card","Card","Card","Card","Relic","Relic","Relic","Relic","Relic","Card","Card","Relic","Card","Card","Relic","Relic","Card","Card","Relic","Relic","Card"],"build_version":"2020-12-22","purchased_purges":4,"victory":true,"max_hp_per_floor":[72,72,72,72,72,72,72,54,54,54,54,54,54,54,54,54,54,54,54,54,54,54,54,54,54,54,54,61,61,61,61,61,61,61,61,61,61,61,61,61,61,61,61,61,61,58,58,58,58,58,58,58,58,58,58,58,58,58,58,58,58,58,58,58,58,58,58,58,58,58,58,58,58,58,58,58,58,58,58,58,58,58,58,58,63,63,63,63,63,63,63,63,63,63,63,63,63,63,63,63,63,63,63,63,63,65,65,67,67,67,67,67,67,67,69,71,71,73,73,75,81,81,81,81,83,83,83,83,83,83,83,83,83,83,83,83,83,83,83,83,93,95,95,95,95,95,95,95,101,101,101,101,101,101,103,107,109],"card_choices":[{"not_picked":["Replay:Hum","Halt"],"picked":"Consecrate","floor":0.0},{"not_picked":["Indignation","Replay:Anticipation"],"picked":"StSpp:LatentStrike","floor":1.0},{"not_picked":["Collect","ReachHeaven"],"picked":"WaveOfTheHand","floor":2.0},{"not_picked":["SignatureMove","Replay:Hum"],"picked":"Consecrate","floor":5.0},{"not_picked":["Tantrum","Worship","MarkedMod:GentlePulse"],"picked":"SKIP","floor":6.0},{"not_picked":["Replay:ManipulateFuture","Swivel"],"picked":"MarkedMod:ChiBlock","floor":8.0},{"not_picked":["WindmillStrike","MarkedMod:FirstStrike"],"picked":"MarkedMod:PinPointDefense","floor":11.0},{"not_picked":["ThirdEye","Conclude"],"picked":"ForeignInfluence","floor":14.0},{"not_picked":["Establishment","Devotion"],"picked":"MarkedMod:SlowDance","floor":16.0},{"not_picked":[],"picked":"FlurryOfBlows","floor":18.0},{"not_picked":["Fasting2"],"picked":"SKIP","floor":20.0},{"not_picked":["EmptyFist"],"picked":"SKIP","floor":21.0},{"not_picked":[],"picked":"JustLucky+1","floor":22.0},{"not_picked":["TalkToTheHand"],"picked":"SKIP","floor":23.0},{"not_picked":["TalkToTheHand"],"picked":"SKIP","floor":23.0},{"not_picked":["FollowUp"],"picked":"SKIP","floor":24.0},{"not_picked":["WindmillStrike"],"picked":"SKIP","floor":27.0},{"not_picked":["Replay:LoomingThreat"],"picked":"SKIP","floor":28.0},{"not_picked":[],"picked":"Protect+1","floor":31.0},{"not_picked":[],"picked":"Alpha","floor":33.0},{"not_picked":["Halt"],"picked":"SKIP","floor":35.0},{"not_picked":["InnerPeace+1"],"picked":"SKIP","floor":37.0},{"not_picked":["SashWhip"],"picked":"SKIP","floor":39.0},{"not_picked":[],"picked":"Protect+1","floor":40.0},{"not_picked":["SashWhip"],"picked":"SKIP","floor":42.0},{"not_picked":[],"picked":"MentalFortress+1","floor":45.0},{"not_picked":["SashWhip"],"picked":"SKIP","floor":47.0},{"not_picked":[],"picked":"MarkedMod:NorthStar","floor":50.0},{"not_picked":[],"picked":"Hallucinations","floor":51.0},{"not_picked":[],"picked":"Shame","floor":51.0},{"not_picked":[],"picked":"hubris:Lust","floor":51.0},{"not_picked":[],"picked":"DeceiveReality","floor":52.0},{"not_picked":["Replay:ManipulateFuture"],"picked":"SKIP","floor":53.0},{"not_picked":["StSpp:Chanting"],"picked":"SKIP","floor":56.0},{"not_picked":["WaveOfTheHand"],"picked":"SKIP","floor":59.0},{"not_picked":["Vengeance+1"],"picked":"SKIP","floor":62.0},{"not_picked":["ClearTheMind+1"],"picked":"SKIP","floor":65.0},{"not_picked":[],"picked":"Vault+1","floor":67.0},{"not_picked":["infinitespire:SealOfDarkness+","hubris:Fate"],"picked":"infinitespire:Menacing","floor":68.0},{"not_picked":["Replay:ManipulateFuture+1"],"picked":"SKIP","floor":70.0},{"not_picked":[],"picked":"MarkedMod:GentlePulse+1","floor":71.0},{"not_picked":["ClearTheMind+1"],"picked":"SKIP","floor":72.0},{"not_picked":[],"picked":"MarkedMod:Acupuncture","floor":75.0},{"not_picked":[],"picked":"Judgement+1","floor":76.0},{"not_picked":["Replay:Battleflow+1"],"picked":"SKIP","floor":81.0},{"not_picked":["Weave+1"],"picked":"SKIP","floor":82.0},{"not_picked":[],"picked":"MarkedMod:SlowDance+1","floor":84.0},{"not_picked":["CrushJoints+1"],"picked":"SKIP","floor":86.0},{"not_picked":[],"picked":"Study","floor":87.0},{"not_picked":[],"picked":"Consecrate+1","floor":89.0},{"not_picked":[],"picked":"MarkedMod:SlowDance+1","floor":90.0},{"not_picked":["WreathOfFlame+1"],"picked":"SKIP","floor":91.0},{"not_picked":[],"picked":"Consecrate+1","floor":92.0},{"not_picked":["FollowUp+1"],"picked":"SKIP","floor":96.0},{"not_picked":[],"picked":"Collect+1","floor":98.0},{"not_picked":["Crescendo+1"],"picked":"SKIP","floor":99.0},{"not_picked":[],"picked":"Establishment","floor":101.0},{"not_picked":[],"picked":"StSpp:LatentStrike","floor":103.0},{"not_picked":[],"picked":"BowlingBash","floor":106.0},{"not_picked":["SignatureMove"],"picked":"SKIP","floor":108.0},{"not_picked":[],"picked":"CutThroughFate","floor":114.0},{"not_picked":["hubris:Rewind","infinitespire:FutureSight"],"picked":"infinitespire:Punishment","floor":115.0},{"not_picked":[],"picked":"Perseverance+1","floor":115.0},{"not_picked":["Replay:ManipulateFuture+1"],"picked":"SKIP","floor":120.0},{"not_picked":["Replay:ManipulateFuture+1"],"picked":"SKIP","floor":120.0},{"not_picked":["MarkedMod:FirstStrike+1"],"picked":"SKIP","floor":123.0},{"not_picked":[],"picked":"CutThroughFate+1","floor":125.0},{"not_picked":["FollowUp"],"picked":"SKIP","floor":126},{"not_picked":[],"picked":"Wireheading+1","floor":132},{"not_picked":["Replay:Hum+1"],"picked":"SKIP","floor":137},{"not_picked":["CutThroughFate+1"],"picked":"SKIP","floor":139},{"not_picked":[],"picked":"PathToVictory+1","floor":141},{"not_picked":["CutThroughFate"],"picked":"SKIP","floor":142},{"not_picked":["CarveReality"],"picked":"SKIP","floor":143},{"not_picked":["CarveReality"],"picked":"SKIP","floor":143},{"not_picked":[],"picked":"StSpp:Chanting+1","floor":149},{"not_picked":[],"picked":"StSpp:Faith","floor":152},{"not_picked":["Indignation+1"],"picked":"SKIP","floor":156},{"not_picked":[],"picked":"Reforge+1","floor":157},{"not_picked":[],"picked":"Establishment","floor":157}],"player_experience":253369,"relics_obtained":[{"floor":4.0,"key":"Regal Pillow"},{"floor":6.0,"key":"infinitespire:FocusingShard"},{"floor":8.0,"key":"infinitespire:Lychee Nut"},{"floor":9.0,"key":"Blood Vial"},{"floor":23.0,"key":"infinitespire:Lucky Rock"},{"floor":26.0,"key":"hubris:MedicalManual"},{"floor":28.0,"key":"Strawberry"},{"floor":40.0,"key":"CCEMRelics:D6"},{"floor":43.0,"key":"SpikesRelics:DaevaFist"},{"floor":60.0,"key":"Toxic Egg 2"},{"floor":75.0,"key":"RollingBoulder"},{"floor":77.0,"key":"Anchor"},{"floor":91.0,"key":"BlackRope"},{"floor":94.0,"key":"Replay:Bandana"},{"floor":95.0,"key":"Juzu Bracelet"},{"floor":98.0,"key":"Replay:Towering Pillar of Hats"},{"floor":108.0,"key":"Darkstone Periapt"},{"floor":108.0,"key":"ReplayTheSpireMod:Lightbulb"},{"floor":111.0,"key":"Bag of Marbles"},{"floor":115.0,"key":"StSpp:WoodenStick"},{"floor":115.0,"key":"StSpp:XCola"},{"floor":116.0,"key":"Gremlin Horn"},{"floor":121.0,"key":"ReplayTheSpireMod:Ring of Exchange"},{"floor":125.0,"key":"CCEMRelics:Francisca"},{"floor":125.0,"key":"Potion Belt"},{"floor":128,"key":"Replay:Bottled Eggs"},{"floor":140,"key":"infinitespire:Golems Mask"},{"floor":142,"key":"InkBottle"},{"floor":142,"key":"hubris:MobiusCoin"},{"floor":145,"key":"StoneCalendar"},{"floor":149,"key":"Girya"},{"floor":149,"key":"SnailShell"},{"floor":150,"key":"MealTicket"},{"floor":156,"key":"CCEMRelics:FestiveHat"},{"floor":156,"key":"conspire:DeflatedDodgeball"}],"event_choices":[{"damage_healed":0.0,"max_hp_gain":0.0,"max_hp_loss":0.0,"gold_gain":0.0,"event_name":"FaceTrader","player_choice":"Trade","floor":10.0,"gold_loss":0.0,"damage_taken":0.0,"relics_obtained":["CultistMask"]},{"damage_healed":0.0,"max_hp_gain":0.0,"max_hp_loss":0.0,"gold_gain":0.0,"event_name":"Tomb of Lord Red Mask","player_choice":"Ignored","floor":38.0,"gold_loss":0.0,"damage_taken":0.0},{"damage_healed":0.0,"max_hp_gain":0.0,"max_hp_loss":0.0,"gold_gain":0.0,"event_name":"The Moai Head","player_choice":"Ignored","floor":48.0,"gold_loss":0.0,"damage_taken":0.0},{"damage_healed":0.0,"max_hp_gain":0.0,"max_hp_loss":0.0,"gold_gain":0.0,"event_name":"conspire:LoneGhost","player_choice":"Disagree","floor":55.0,"gold_loss":0.0,"damage_taken":0.0},{"cards_removed":["Shame"],"damage_healed":0.0,"max_hp_gain":0.0,"max_hp_loss":0.0,"gold_gain":0.0,"event_name":"The Cleric","player_choice":"Card Removal","floor":58.0,"gold_loss":50.0,"damage_taken":0.0},{"damage_healed":0.0,"max_hp_gain":0.0,"max_hp_loss":0.0,"gold_gain":0.0,"cards_transformed":["MarkedMod:FirstStrike"],"event_name":"Transmorgrifier","player_choice":"Transformed","floor":63.0,"gold_loss":0.0,"damage_taken":0.0,"cards_obtained":["DevaForm"]},{"damage_healed":0.0,"max_hp_gain":0.0,"max_hp_loss":0.0,"gold_gain":0.0,"event_name":"The Library","player_choice":"Read","floor":73.0,"gold_loss":0.0,"damage_taken":0.0,"cards_obtained":["DeusExMachina"]},{"damage_healed":0.0,"max_hp_gain":0.0,"max_hp_loss":0.0,"gold_gain":0.0,"event_name":"Lab","player_choice":"Got Potions","floor":79.0,"gold_loss":0.0,"damage_taken":0.0},{"damage_healed":0.0,"max_hp_gain":0.0,"max_hp_loss":0.0,"gold_gain":0.0,"event_name":"MindBloom","player_choice":"Fight","floor":98.0,"gold_loss":0.0,"damage_taken":0.0},{"damage_healed":0.0,"max_hp_gain":0.0,"max_hp_loss":0.0,"gold_gain":0.0,"event_name":"Shining Light","player_choice":"Entered Light","floor":104.0,"gold_loss":0.0,"damage_taken":13.0,"cards_upgraded":["MarkedMod:ChiBlock","PathToVictory"]},{"damage_healed":0.0,"max_hp_gain":0.0,"max_hp_loss":0.0,"gold_gain":0.0,"event_name":"conspire:Investor","player_choice":"Leave","floor":107.0,"gold_loss":0.0,"damage_taken":0.0},{"damage_healed":0.0,"max_hp_gain":0.0,"max_hp_loss":0.0,"gold_gain":0.0,"event_name":"World of Goop","player_choice":"Left Gold","floor":113.0,"gold_loss":39.0,"damage_taken":0.0},{"damage_healed":0.0,"max_hp_gain":0.0,"max_hp_loss":0.0,"gold_gain":0.0,"event_name":"Dead Adventurer","player_choice":"Searched \u00272\u0027 times","floor":116.0,"gold_loss":0.0,"damage_taken":0.0},{"damage_healed":0.0,"max_hp_gain":0.0,"max_hp_loss":0.0,"gold_gain":0.0,"event_name":"The Woman in Blue","player_choice":"Bought 1 Potion","floor":122.0,"gold_loss":0.0,"damage_taken":0.0},{"damage_healed":0.0,"max_hp_gain":0.0,"max_hp_loss":0.0,"gold_gain":99.0,"event_name":"Nest","player_choice":"Stole From Cult","floor":124.0,"gold_loss":0.0,"damage_taken":0.0},{"cards_removed":["Looming Evil"],"damage_healed":0,"gold_gain":0,"player_choice":"Removed Curses","damage_taken":0,"max_hp_gain":0,"max_hp_loss":0,"event_name":"Fountain of Cleansing","floor":129,"gold_loss":0},{"cards_removed":["SpiritShield"],"damage_healed":0,"gold_gain":0,"player_choice":"Took Card","damage_taken":0,"max_hp_gain":0,"max_hp_loss":0,"event_name":"NoteForYourself","floor":131,"gold_loss":0,"cards_obtained":["Burst"]},{"damage_healed":0,"gold_gain":0,"player_choice":"Ignored","damage_taken":0,"max_hp_gain":0,"max_hp_loss":0,"event_name":"Tomb of Lord Red Mask","floor":138,"gold_loss":0},{"damage_healed":0,"gold_gain":0,"player_choice":"Fight","damage_taken":0,"max_hp_gain":0,"max_hp_loss":0,"event_name":"Mysterious Sphere","floor":140,"gold_loss":0}],"is_beta":false,"boss_relics":[{"not_picked":["HolyWater","conspire:SpecialSausage"],"picked":"Busted Crown"},{"not_picked":["conspire:SeveredTorchhead","StSpp:Magatama"],"picked":"hubris:HollowSoul"},{"not_picked":["Honey Jar","StSpp:Balance"],"picked":"Replay:Ancient Bell"},{"not_picked":["hubris:TenFootPole","Pen Nib"],"picked":"Oddly Smooth Stone"},{"not_picked":["aspiration:FetidBarrel","hubris:Metronome"],"picked":"infinitespire:ShieldingShard"},{"not_picked":["Dead Branch","Girya"],"picked":"Ice Cream"},{"not_picked":["StSpp:Balance","StSpp:Magatama"],"picked":"hubris:VirtuousBlindfold"},{"not_picked":["VioletLotus","conspire:SeveredTorchhead"],"picked":"Tiny House"},{"not_picked":["StSpp:PileOfSugar","Philosopher\u0027s Stone"],"picked":"Black Star"},{"not_picked":["ReplayTheSpireMod:SealedPack","Cursed Key"],"picked":"Sandwich"},{"not_picked":["StSpp:FireArrow","Pandora\u0027s Box"],"picked":"CCEMRelics:BiPhaseBiplane"},{"not_picked":["aspiration:SecretTechniqueScroll","StSpp:CrystalBall"],"picked":"aspiration:PoetsPen"}],"items_purged_floors":[46,64,80,155],"is_endless":true,"potions_floor_spawned":[1,5,14,16,18,20,24,31,33,37,39,47,50,59,65,67,70,71,82,87,95,96,99,108,114,116,123,126,137,140,142,143,152,156],"ascension_level":0}}