{"host":"h2977v3ax51ohsow","time":1610983870,"event":{"mods":["Act Like it!","BaseMod","Colored Powertips","Gensokyo","KomeijiMod","Marisa£®ÏF”Í°°ƒß¿Ì…≥£©","Minty Spire (QoL Compilation)","StSLib","Youmu£®ªÍ∆«—˝√Œ£©","Yuyuko"],"gold_per_floor":[111,131,146,161,1,1,33,43,89,109,60,60,85,128,128,244,244,255,284,284,298,313,0,28,28,28,28,28,28,41,17,17,133,133,147,147,166,193,193,234,266,297,321,348,382,409,409,437,437,437,437,437,41,71,71],"floor_reached":56,"language":"ZHS","playtime":5365,"items_purged":[],"score":1273,"play_id":"58f04c77-2cdb-4d28-afc1-bbcab069d098","local_time":"20210118233110","is_ascension_mode":false,"campfire_choices":[{"data":"BinaryStars","floor":6,"key":"SMITH"},{"data":"OortCloud","floor":15,"key":"SMITH"},{"floor":27,"key":"REST"},{"floor":32,"key":"RECALL"},{"floor":47,"key":"REST"},{"floor":49,"key":"REST"},{"floor":52,"key":"REST"}],"circlet_count":0,"master_deck":["Strike_MRS","Strike_MRS","Strike_MRS","Defend_MRS","Defend_MRS","Defend_MRS","MasterSpark","UpSweep","GrandCross","StarlightTyphoon","GravityBeat","BinaryStars+1","PowerUp","OortCloud+1","AsteroidBelt","Orbital","ShootingEcho","MysteriousBeam","WitchOfGreed","MachineGunSpark","GalacticHalo+1","BigCrunch+1","EnergyFlow","PowerUp+1","DoubleSpark","AsteroidBelt+1","ChargeUpSpray","AbsoluteMagnitude","MilkyWay+1","PulseMagic+1","IllusionStar+1","MysteriousBeam","MaximisePower+1","SuperPerseids+1","SuperPerseids+1","EarthLightRay+1","DarkMatter+1","MagicAbsorber+1","ShootTheMoon+1","SuperNova+1","PowerUp+1","SatelliteIllusion+1","PropBag+1","MysteriousBeam","MilkyWay+1"],"relics":["MiniHakkero","Unceasing Top","Toxic Egg 2","Fusion Hammer","Potion Belt","Question Card","MutagenicStrength","CaptainsWheel","Empty Cage","Frozen Egg 2","Mercury Hourglass","PreservedInsect","Bottled Tornado","Sundial","Orrery","HandmadeGrimoire"],"acts_visited":["Exordium","TheCity","TheBeyond","TheEnding"],"potions_floor_usage":[10,16,19,35,40,42,42,48,50,55,55],"damage_taken":[{"damage":0,"enemies":"Cultist","floor":1,"turns":3},{"damage":1,"enemies":"Jaw Worm","floor":2,"turns":3},{"damage":0,"enemies":"Small Slimes","floor":3,"turns":2},{"damage":8,"enemies":"2 Fungi Beasts","floor":4,"turns":3},{"damage":14,"enemies":"3 Sentries","floor":7,"turns":5},{"damage":4,"enemies":"Looter","floor":8,"turns":2},{"damage":2,"enemies":"Exordium Wildlife","floor":10,"turns":3},{"damage":2,"enemies":"Lots of Slimes","floor":13,"turns":4},{"damage":8,"enemies":"Gremlin Nob","floor":14,"turns":4},{"damage":7,"enemies":"Hexaghost","floor":16,"turns":7},{"damage":0,"enemies":"Spheric Guardian","floor":18,"turns":1},{"damage":5,"enemies":"Shell Parasite","floor":19,"turns":5},{"damage":2,"enemies":"Chosen and Byrds","floor":21,"turns":7},{"damage":11,"enemies":"Snake Plant","floor":22,"turns":4},{"damage":15,"enemies":"Book of Stabbing","floor":24,"turns":4},{"damage":0,"enemies":"Snecko","floor":30,"turns":2},{"damage":9,"enemies":"Collector","floor":33,"turns":4},{"damage":0,"enemies":"3 Darklings","floor":35,"turns":2},{"damage":5,"enemies":"Orb Walker","floor":37,"turns":3},{"damage":22,"enemies":"3 Darklings","floor":38,"turns":3},{"damage":11,"enemies":"Giant Head","floor":40,"turns":7},{"damage":2,"enemies":"4 Shapes","floor":41,"turns":6},{"damage":36,"enemies":"Nemesis","floor":42,"turns":3},{"damage":14,"enemies":"Transient","floor":44,"turns":5},{"damage":0,"enemies":"Reptomancer","floor":45,"turns":2},{"damage":0,"enemies":"Jaw Worm Horde","floor":46,"turns":4},{"damage":16,"enemies":"Writhing Mass","floor":48,"turns":5},{"damage":44,"enemies":"Awakened One","floor":50,"turns":16},{"damage":34,"enemies":"Shield and Spear","floor":54,"turns":5},{"damage":75,"enemies":"The Heart","floor":55,"turns":5}],"seed_played":"-2125273761665572425","potions_obtained":[{"floor":1,"key":"ShroomBrew"},{"floor":3,"key":"DuplicationPotion"},{"floor":8,"key":"Dexterity Potion"},{"floor":13,"key":"CalmPotion"},{"floor":14,"key":"SpeedPotion"},{"floor":16,"key":"BottledSpark"},{"floor":16,"key":"DistilledChaos"},{"floor":18,"key":"FairyPotion"},{"floor":19,"key":"Dexterity Potion"},{"floor":23,"key":"JyouchiReiPotion"},{"floor":24,"key":"Weak Potion"},{"floor":38,"key":"Energy Potion"},{"floor":40,"key":"PowerPotion"},{"floor":41,"key":"LiquidMemories"},{"floor":42,"key":"DuplicationPotion"},{"floor":44,"key":"Weak Potion"},{"floor":45,"key":"Swift Potion"}],"is_trial":false,"path_per_floor":["M","M","M","M","$","R","E","M","T","M","$","?","M","E","R","B",null,"M","M","?","M","M","?","E","?","T","R","?","$","M","$","R","B",null,"M","?","M","M","?","E","M","E","T","M","E","M","R","M","R","B",null,"R","$","E","B",null],"character_chosen":"MARISA","items_purchased":["PowerUp","OortCloud","AsteroidBelt","WitchOfGreed","MysteriousBeam","Sundial","Orrery"],"campfire_rested":4,"item_purchase_floors":[5,5,5,11,31,53,53],"current_hp_per_floor":[82,81,81,73,73,73,59,55,55,53,53,53,51,43,43,36,82,82,77,77,75,64,64,49,49,49,73,73,73,73,73,73,64,82,82,78,73,51,51,46,50,20,20,12,12,12,35,19,42,4,78,78,78,44,15],"gold":71,"neow_bonus":"TEN_PERCENT_HP_BONUS","is_daily":false,"chose_seed":false,"campfire_upgraded":2,"win_rate":0.0,"timestamp":1610983870,"path_taken":["M","M","M","M","$","R","E","M","T","M","?","?","M","E","R","BOSS","M","M","?","M","M","?","E","?","T","R","?","$","M","$","R","BOSS","M","?","M","M","?","E","M","E","T","?","E","M","R","M","R","BOSS","R","$","E","BOSS"],"items_purchased_type":["Card","Card","Card","Card","Card","Relic","Relic"],"build_version":"2020-12-22","purchased_purges":0,"victory":true,"max_hp_per_floor":[82,82,82,82,82,82,82,82,82,82,82,82,82,82,82,82,82,82,82,82,82,82,82,82,82,82,82,82,82,82,82,82,82,82,82,78,78,78,78,78,78,78,78,78,78,78,78,78,78,78,78,78,78,78,78],"card_choices":[{"not_picked":["Robbery","AsteroidBelt"],"picked":"GrandCross","floor":1},{"not_picked":["UnstableBomb","Acceleration"],"picked":"StarlightTyphoon","floor":2},{"not_picked":["LuminesStrike","GalacticHalo"],"picked":"GravityBeat","floor":3},{"not_picked":["MilkyWay","Singularity"],"picked":"BinaryStars","floor":4},{"not_picked":["MagicAbsorber","AsteroidBelt"],"picked":"Orbital","floor":7},{"not_picked":["GravityBeat","DarkSpark"],"picked":"ShootingEcho","floor":8},{"not_picked":["BlazeAway","DeepEcoloBomb"],"picked":"MysteriousBeam","floor":10},{"not_picked":["DarkSpark","6A"],"picked":"MachineGunSpark","floor":13},{"not_picked":["Acceleration+1","GrandCross"],"picked":"GalacticHalo+1","floor":14},{"not_picked":["AbsoluteMagnitude","BlazingStar"],"picked":"BigCrunch+1","floor":16},{"not_picked":["UnstableBomb","BlazeAway+1"],"picked":"EnergyFlow","floor":18},{"not_picked":["WitchLeyline","GrandCross+1"],"picked":"PowerUp+1","floor":19},{"not_picked":["Acceleration+1","6A"],"picked":"DoubleSpark","floor":21},{"not_picked":["NonDirectionalLaser+1","DC"],"picked":"AsteroidBelt+1","floor":22},{"not_picked":["DeepEcoloBomb+1","DragonMeteor+1"],"picked":"ChargeUpSpray","floor":23},{"not_picked":["StarBarrage","ChargingUp+1"],"picked":"AbsoluteMagnitude","floor":23},{"not_picked":["GalacticHalo+1","DragonMeteor"],"picked":"MilkyWay+1","floor":24},{"not_picked":["NonDirectionalLaser+1","DarkSpark+1","DC"],"picked":"IllusionStar+1","floor":30},{"not_picked":["SuperNova","BlazingStar","StarDustReverie+1"],"picked":"MaximisePower+1","floor":33},{"not_picked":["OneTimeOff+1","MysteriousBeam","WitchOfGreed+1"],"picked":"SuperPerseids+1","floor":35},{"not_picked":["GrandCross+1","WitchLeyline+1","ChargeUpSpray"],"picked":"SuperPerseids+1","floor":37},{"not_picked":["MeteoricShower","WitchOfGreed+1","AlicesGift"],"picked":"EarthLightRay+1","floor":38},{"not_picked":["LuminesStrike","Robbery","JA","DC"],"picked":"SKIP","floor":40},{"not_picked":["WitchLeyline","DC","GravityBeat+1"],"picked":"DarkMatter+1","floor":41},{"not_picked":["StarlightTyphoon+1","ShootingEcho+1","GalacticHalo+1"],"picked":"MagicAbsorber+1","floor":42},{"not_picked":["IllusionStar+1","SporeBomb+1","WitchOfGreed+1"],"picked":"ShootTheMoon+1","floor":44},{"not_picked":["ShootingEcho","ChargingUp+1","EscapeVelocity+1"],"picked":"SuperNova+1","floor":45},{"not_picked":["DarkSpark+1","LuminesStrike+1","MagicAbsorber+1"],"picked":"PowerUp+1","floor":46},{"not_picked":["GrandCross+1","DoubleSpark","Occultation+1","GravityBeat"],"picked":"SKIP","floor":48},{"not_picked":["OortCloud+1","LuminesStrike","AbsoluteMagnitude"],"picked":"SatelliteIllusion+1","floor":53},{"not_picked":["DC","Orbital+1","Robbery+1"],"picked":"PropBag+1","floor":53},{"not_picked":["MilkyWay+1","DC","IllusionStar+1"],"picked":"MysteriousBeam","floor":53},{"not_picked":["WitchOfGreed+1","GravityBeat","AsteroidBelt+1"],"picked":"MilkyWay+1","floor":53},{"not_picked":["SporeBomb+1","GrandCross+1","LuminesStrike+1","OneTimeOff+1"],"picked":"SKIP","floor":54}],"player_experience":56233,"relics_obtained":[{"floor":7,"key":"Unceasing Top"},{"floor":14,"key":"Toxic Egg 2"},{"floor":23,"key":"Potion Belt"},{"floor":24,"key":"Question Card"},{"floor":26,"key":"CaptainsWheel"},{"floor":40,"key":"Frozen Egg 2"},{"floor":42,"key":"Mercury Hourglass"},{"floor":43,"key":"PreservedInsect"},{"floor":45,"key":"Bottled Tornado"},{"floor":54,"key":"HandmadeGrimoire"}],"event_choices":[{"damage_healed":0,"gold_gain":0,"player_choice":"Ignored","damage_taken":0,"max_hp_gain":0,"max_hp_loss":0,"event_name":"Liars Game","floor":12,"gold_loss":0},{"damage_healed":0,"gold_gain":0,"player_choice":"Ignored","damage_taken":0,"max_hp_gain":0,"max_hp_loss":0,"event_name":"Ghosts","floor":20,"gold_loss":0},{"damage_healed":0,"gold_gain":0,"player_choice":"Inject Mutagens","damage_taken":0,"relics_obtained":["MutagenicStrength"],"max_hp_gain":0,"max_hp_loss":0,"event_name":"Drug Dealer","floor":25,"gold_loss":0},{"damage_healed":0,"gold_gain":0,"player_choice":"Read","damage_taken":0,"max_hp_gain":0,"max_hp_loss":0,"event_name":"The Library","floor":28,"gold_loss":0,"cards_obtained":["PulseMagic"]},{"damage_healed":0,"gold_gain":0,"player_choice":"Max HP","damage_taken":0,"max_hp_gain":0,"max_hp_loss":4,"event_name":"Winding Halls","floor":36,"gold_loss":0},{"damage_healed":0,"gold_gain":0,"player_choice":"Ignored","damage_taken":0,"max_hp_gain":0,"max_hp_loss":0,"event_name":"SecretPortal","floor":39,"gold_loss":0}],"is_beta":false,"boss_relics":[{"not_picked":["SacredBark","Tiny House"],"picked":"Fusion Hammer"},{"not_picked":["Runic Pyramid","RampagingMagicTools"],"picked":"Empty Cage"}],"items_purged_floors":[],"is_endless":false,"potions_floor_spawned":[1,3,8,14,16,18,22,24,40,42,44,45,46],"ascension_level":0}}