{"host":"9eh033lgxm3bmtbn","time":1610981631,"event":{"mods":["100% Spire Juice","AchievementEnabler","BaseMod","Colored Map","Downfall","Highlight Path","Marisa????????","Minty Spire (QoL Compilation)","READ ME - Snecko Mod","Shop Mod","Spicy Shops","StSLib","The Animator","The Bug Knight","The Cursed","The Disciple","The Servant 0.9.4"],"gold_per_floor":[149,161,175,189,4,18,18,18,45,45,30,49,49,80,92,189,189,89,89,103,203,203,214,214,414,314,43,43,61,15,25,36,135,135,135,153,153,200,215,226,226,279,14,29,43,53,53,53,70,70],"floor_reached":51,"language":"ENG","playtime":9173,"items_purged":["Pain"],"score":726,"play_id":"d9dc0bc1-c38d-496c-add4-f5eb8f1ad308","local_time":"20210118175351","is_ascension_mode":false,"campfire_choices":[{"data":"Slimebound:CorrosiveSpit","floor":1.0,"key":"SMITH"},{"data":"Slimebound:LeadByExample","floor":10.0,"key":"SMITH"},{"data":"Slimebound:MinionMaster","floor":18.0,"key":"SMITH"},{"floor":26.0,"key":"REST"},{"data":"Slimebound:SelfFormingGoo","floor":28.0,"key":"SMITH"},{"data":"Slimebound:MassRepurpose","floor":35.0,"key":"SMITH"},{"floor":47.0,"key":"RECALL"}],"circlet_count":0,"master_deck":["Slimebound:Strike_Slimebound","Slimebound:Tackle","Slimebound:Defend_Slimebound","Slimebound:Defend_Slimebound+1","Slimebound:Defend_Slimebound","Slimebound:Defend_Slimebound","Slimebound:Split+1","Slimebound:CorrosiveSpit+1","Slimebound:ViciousTackle","Slimebound:RainOfGoop","Slimebound:GoopSpray","Slimebound:Chomp","Slimebound:SelfFormingGoo+1","Slimebound:ProtectTheBoss","Slimebound:LeadByExample+1","Slimebound:WasteNot","Slimebound:SplitLeeching","Slimebound:Replication","Slimebound:MegaLick","Slimebound:MinionMaster+1","Slimebound:SplitLeeching+1","Slimebound:GrowthPunch","Slimebound:ViciousTackle","Slimebound:SplitBruiser","J.A.X.+1","Slimebound:LeechLife","Slimebound:ComboTackle+1","Slimebound:RallyTheTroops","expansioncontent:StudyTheSpire+1","Slimebound:Gluttony+1","Slimebound:ComboTackle","Slimebound:Repurpose+1","Slimebound:SlimeBarrage+1","Slimebound:CheckThePlaybook","Slimebound:SplitLeeching","Slimebound:ComboTackle","Slimebound:SplitMire+1","Slimebound:MassRepurpose+1","Slimebound:SamplingLick+1","Slimebound:FormOfPuddle+1","Parasite","Slimebound:FormOfPuddle+1","Slimebound:LeechLife","Slimebound:SplitAcid","Slimebound:ProtectTheBoss+1","Slimebound:Dissolve+1","Slimebound:FormOfPuddle","Slimebound:SplitAcid+1"],"relics":["Tiny House","Membership Card","Odd Mushroom","Ancient Tea Set","Philosopher\u0027s Stone","downfall:HeartBlessingGreen","MutagenicStrength","WarpedTongs","Frozen Egg 2","downfall:HeartBlessingBlue","Potion Belt","Toy Ornithopter","Slimebound:SelfDamagePreventRelic","Runic Pyramid","Ginger","Mercury Hourglass","CatCart","White Beast Statue","War Paint"],"acts_visited":["Exordium","TheCity","TheBeyond"],"potions_floor_usage":[50,50,50,50,50],"damage_taken":[{"damage":3.0,"enemies":"Small Slimes","floor":2.0,"turns":3.0},{"damage":1.0,"enemies":"2 Louse","floor":3.0,"turns":2.0},{"damage":3.0,"enemies":"Jaw Worm","floor":4.0,"turns":2.0},{"damage":0.0,"enemies":"downfall:FleeingMerchant","floor":5.0,"turns":4.0},{"damage":8.0,"enemies":"2 Fungi Beasts","floor":6.0,"turns":4.0},{"damage":8.0,"enemies":"The Mushroom Lair","floor":9.0,"turns":4.0},{"damage":1.0,"enemies":"downfall:FleeingMerchant","floor":11.0,"turns":4.0},{"damage":16.0,"enemies":"Red Slaver","floor":12.0,"turns":3.0},{"damage":0.0,"enemies":"HollowMod:MossKnight","floor":14.0,"turns":7.0},{"damage":12.0,"enemies":"3 Louse","floor":15.0,"turns":3.0},{"damage":33.0,"enemies":"IC_STATUS_ARCHETYPE","floor":16.0,"turns":9.0},{"damage":0.0,"enemies":"Chosen","floor":19.0,"turns":1.0},{"damage":0.0,"enemies":"Shell Parasite","floor":20.0,"turns":6.0},{"damage":26.0,"enemies":"downfall:Augmenter","floor":21.0,"turns":5.0},{"damage":11.0,"enemies":"Shelled Parasite and Fungi","floor":23.0,"turns":4.0},{"damage":4.0,"enemies":"downfall:FleeingMerchant","floor":27.0,"turns":4.0},{"damage":28.0,"enemies":"Centurion and Healer","floor":29.0,"turns":9.0},{"damage":14.0,"enemies":"downfall:FleeingMerchant","floor":30.0,"turns":4.0},{"damage":15.0,"enemies":"Snake Plant","floor":31.0,"turns":3.0},{"damage":6.0,"enemies":"Snecko","floor":32.0,"turns":5.0},{"damage":66.0,"enemies":"DF_ARCHETYPE_CLAW","floor":33.0,"turns":7.0},{"damage":18.0,"enemies":"Orb Walker","floor":36.0,"turns":3.0},{"damage":59.0,"enemies":"2 Orb Walkers","floor":38.0,"turns":7.0},{"damage":12.0,"enemies":"3 Shapes","floor":39.0,"turns":5.0},{"damage":14.0,"enemies":"Writhing Mass","floor":40.0,"turns":6.0},{"damage":3.0,"enemies":"Orin","floor":42.0,"turns":10.0},{"damage":3.0,"enemies":"3 Darklings","floor":44.0,"turns":11.0},{"damage":12.0,"enemies":"Jaw Worm Horde","floor":45.0,"turns":6.0},{"damage":5.0,"enemies":"Maw","floor":46.0,"turns":8.0},{"damage":18.0,"enemies":"Jaw Worm Horde","floor":49.0,"turns":8.0},{"damage":91,"enemies":"SI_POISON_ARCHETYPE","floor":50,"turns":10}],"seed_played":"-1112406561834644894","potions_obtained":[{"floor":0.0,"key":"SmokeBomb"},{"floor":2.0,"key":"Ancient Potion"},{"floor":12.0,"key":"ColorlessPotion"},{"floor":14.0,"key":"LiquidMemories"},{"floor":16.0,"key":"Slimebound:SpawnSlimePotion"},{"floor":23.0,"key":"GamblersBrew"},{"floor":29.0,"key":"Fire Potion"},{"floor":31.0,"key":"FearPotion"},{"floor":36.0,"key":"Energy Potion"},{"floor":38.0,"key":"Slimebound:ThreeZeroPotion"},{"floor":40.0,"key":"Slimebound:SpawnSlimePotion"},{"floor":44.0,"key":"LiquidMemories"},{"floor":45.0,"key":"bronze:BurnAndBuffPotion"},{"floor":46.0,"key":"GamblersBrew"}],"is_trial":false,"path_per_floor":["R","M","M","M","$","M","T","?","?","R","$","M","?","E","M","B",null,"R","M","M","?","?","M","T","?","R","$","R","M","$","M","M","B",null,"R","M","?","?","M","M","T","?","$","M","M","M","R","T","M","B",null],"character_chosen":"SLIMEBOUND","items_purchased":["Membership Card","ColorlessPotion","expansioncontent:StudyTheSpire","Slimebound:Gluttony+1","Slimebound:ComboTackle","Potion Belt","Toy Ornithopter","Slimebound:CheckThePlaybook","Slimebound:SelfDamagePreventRelic","Slimebound:SplitLeeching","bronze:BurnAndBuffPotion","Slimebound:LeechLife","White Beast Statue","Slimebound:SplitAcid","Slimebound:ProtectTheBoss+1","Slimebound:SlimedPotion"],"campfire_rested":1,"item_purchase_floors":[5,5,27,27,27,30,30,30,30,30,30,43,43,43,43,43],"current_hp_per_floor":[70,67,66,63,63,55,55,55,47,47,46,30,70,70,58,25,70,70,70,70,44,44,33,33,33,67,63,63,80,66,51,45,21,80,80,62,62,42,30,16,16,18,18,63,76,80,80,80,80,43],"gold":70,"neow_bonus":"BOSS_RELIC","is_daily":false,"chose_seed":false,"campfire_upgraded":5,"win_rate":0.0,"timestamp":1610981631,"path_taken":["R","M","M","M","$","M","T","?","?","R","?","M","?","E","M","BOSS","R","M","M","?","?","?","T","?","R","$","R","M","?","M","M","BOSS","R","M","?","?","M","M","T","?","$","M","M","?","R","?","M","BOSS"],"items_purchased_type":["Relic","Potion","Card","Card","Card","Relic","Relic","Card","Relic","Card","Potion","Card","Relic","Card","Card","Potion"],"build_version":"2020-12-22","purchased_purges":1,"victory":true,"max_hp_per_floor":[70,70,70,70,70,70,70,70,70,70,70,70,70,70,70,70,70,70,70,70,70,70,70,70,70,80,80,80,80,80,80,80,80,80,80,80,80,80,80,80,80,80,80,80,80,80,80,80,80,80],"card_choices":[{"not_picked":["Slimebound:RejuvenatingLick","Slimebound:Schlurp"],"picked":"Slimebound:ViciousTackle","floor":0.0},{"not_picked":["Slimebound:SplitLeeching","Slimebound:SplitMire"],"picked":"Slimebound:RainOfGoop","floor":2.0},{"not_picked":["Slimebound:HauntingLick","Slimebound:SpikyOuterGoop"],"picked":"Slimebound:GoopSpray","floor":3.0},{"not_picked":["Slimebound:RollThrough","Slimebound:LeechingTouch"],"picked":"Slimebound:Chomp","floor":4.0},{"not_picked":["Slimebound:GoopSpray","Slimebound:SlimeSpikes"],"picked":"Slimebound:SelfFormingGoo","floor":5.0},{"not_picked":["Slimebound:RejuvenatingLick","Slimebound:GrowthPunch"],"picked":"Slimebound:ProtectTheBoss","floor":6.0},{"not_picked":["Slimebound:ItLooksTasty","Slimebound:LevelUp"],"picked":"Slimebound:LeadByExample","floor":9.0},{"not_picked":["Slimebound:RejuvenatingLick","Slimebound:BestDefense"],"picked":"Slimebound:WasteNot","floor":11.0},{"not_picked":["Slimebound:SplitAcid","Slimebound:BestDefense"],"picked":"Slimebound:SplitLeeching","floor":12.0},{"not_picked":["Slimebound:RollThrough","Slimebound:SplitBruiser"],"picked":"Slimebound:Replication","floor":14.0},{"not_picked":["Slimebound:GrowthPunch","Slimebound:Schlurp"],"picked":"Slimebound:MegaLick","floor":15.0},{"not_picked":["Slimebound:CheckThePlaybook","Slimebound:FirmFortitude"],"picked":"Slimebound:MinionMaster","floor":16.0},{"not_picked":["Slimebound:ComboTackle","Slimebound:DisruptingSlam+1"],"picked":"Slimebound:SplitLeeching+1","floor":19.0},{"not_picked":["Slimebound:SplitBruiser","Slimebound:Schlurp+1"],"picked":"Slimebound:GrowthPunch","floor":20.0},{"not_picked":["Slimebound:ComboTackle","Slimebound:ViciousTackle+1"],"picked":"Slimebound:SplitBruiser","floor":21.0},{"not_picked":[],"picked":"J.A.X.","floor":21.0},{"not_picked":["Slimebound:ViciousTackle","Slimebound:PressTheAttack"],"picked":"Slimebound:ComboTackle+1","floor":23.0},{"not_picked":["Slimebound:FinishingTackle","Slimebound:LeechLife"],"picked":"Slimebound:RallyTheTroops","floor":27.0},{"not_picked":["Slimebound:SamplingLick+1","Slimebound:SplitLeeching"],"picked":"Slimebound:Repurpose+1","floor":29.0},{"not_picked":["Slimebound:SplitBruiser+1","Slimebound:FormOfPuddle+1"],"picked":"Slimebound:SlimeBarrage+1","floor":30.0},{"not_picked":["Slimebound:SplitBruiser","Slimebound:FinishingTackle"],"picked":"Slimebound:ComboTackle","floor":31.0},{"not_picked":["Slimebound:GoopTackle+1","Slimebound:RollThrough"],"picked":"Slimebound:SplitMire+1","floor":32.0},{"not_picked":["Slimebound:SlimeSlap","Slimebound:MassFeed"],"picked":"Slimebound:MassRepurpose","floor":33.0},{"not_picked":["Slimebound:GoopTackle","Slimebound:SlimeSpikes"],"picked":"Slimebound:SamplingLick+1","floor":36.0},{"not_picked":["Slimebound:DivideAndConquer","Slimebound:HauntingLick"],"picked":"Slimebound:FormOfPuddle+1","floor":38.0},{"not_picked":["Slimebound:Schlurp+1","Slimebound:BestDefense+1","Slimebound:ComboTackle+1"],"picked":"SKIP","floor":39.0},{"not_picked":["Slimebound:ComboTackle+1","Slimebound:LeechEnergy","Slimebound:SlimeBarrage"],"picked":"SKIP","floor":40.0},{"not_picked":["Slimebound:DivideAndConquer","Slimebound:HauntingLick"],"picked":"Slimebound:FormOfPuddle+1","floor":42.0},{"not_picked":["Slimebound:LeechingTouch+1","Slimebound:Equalize","Slimebound:GoopSpray"],"picked":"SKIP","floor":44.0},{"not_picked":["Slimebound:Gluttony+1","Slimebound:Prepare+1"],"picked":"Slimebound:Dissolve+1","floor":45.0},{"not_picked":["Slimebound:SplitAcid","Slimebound:LeadByExample+1"],"picked":"Slimebound:FormOfPuddle","floor":46.0},{"not_picked":["Slimebound:WasteNot","Slimebound:GoopSpray+1"],"picked":"Slimebound:SplitAcid+1","floor":49.0}],"player_experience":337126,"relics_obtained":[{"floor":9.0,"key":"Odd Mushroom"},{"floor":14.0,"key":"Ancient Tea Set"},{"floor":21.0,"key":"MutagenicStrength"},{"floor":24.0,"key":"Frozen Egg 2"},{"floor":38.0,"key":"Ginger"},{"floor":41.0,"key":"Mercury Hourglass"},{"floor":42.0,"key":"CatCart"},{"floor":48.0,"key":"War Paint"}],"event_choices":[{"damage_healed":0.0,"max_hp_gain":0.0,"max_hp_loss":0.0,"gold_gain":0.0,"event_name":"Mushrooms","player_choice":"Fought Mushrooms","floor":9.0,"gold_loss":0.0,"damage_taken":0.0},{"damage_healed":40.0,"max_hp_gain":0.0,"max_hp_loss":0.0,"gold_gain":0.0,"event_name":"Wheel of Change","player_choice":"Full Heal","floor":13.0,"gold_loss":0.0,"damage_taken":0.0},{"damage_healed":0.0,"max_hp_gain":0.0,"max_hp_loss":0.0,"gold_gain":0.0,"event_name":"Accursed Blacksmith","player_choice":"Rummage","floor":22.0,"gold_loss":0.0,"damage_taken":0.0,"relics_obtained":["WarpedTongs"],"cards_obtained":["Pain"]},{"damage_healed":0.0,"max_hp_gain":0.0,"max_hp_loss":0.0,"gold_gain":0.0,"event_name":"Mysterious Sphere","player_choice":"Fight","floor":38.0,"gold_loss":0.0,"damage_taken":0.0},{"damage_healed":0.0,"max_hp_gain":0.0,"max_hp_loss":0.0,"gold_gain":0.0,"event_name":"OrinTheCat","player_choice":"Fight","floor":42.0,"gold_loss":0.0,"damage_taken":0.0}],"is_beta":false,"boss_relics":[{"not_picked":["Calling Bell","Empty Cage"],"picked":"Philosopher\u0027s Stone"},{"not_picked":["Sozu","Cursed Key"],"picked":"Runic Pyramid"}],"items_purged_floors":[27],"is_endless":false,"potions_floor_spawned":[2,12,14,15,16,23,29,31,36,38,40,44,45,46,49],"ascension_level":0}}