{"host":"37zexulz95aemuse","time":1610959381,"event":{"mods":["2.2 Compatiblity","BaseMod","CapriCore","GungeonMod","Koishi","Lobotomy","Marisa£¨Ùöéë¡¡Øª×âÞÞ£©","Minty Spire (QoL Compilation)","Replay The Spire","StSLib","The Bug Knight","The Cursed","The Gatherer","The Immortal","The Jungle","WarShipGirlsR/??á´Ò³R mod"],"gold_per_floor":[116,131,147,164,175,204,61,90,90,90,125,125,144,144,144,247,247,260,260,260,185,195,226,325,356,368,380,419,445,457,479,491,608,620,644,656,681,357,375,403,420,420,420,448,448,464,538,557,557,557],"floor_reached":51,"language":"KOR","playtime":5612,"items_purged":["Shame","Defend_MRS"],"score":799,"play_id":"c7e16831-650e-40dc-9a42-6cca3dfc59ba","local_time":"20210118174301","is_ascension_mode":true,"campfire_choices":[{"floor":10.0,"key":"REST"},{"floor":12.0,"key":"REST"},{"data":"Singularity","floor":15.0,"key":"SMITH"},{"floor":27.0,"key":"REST"},{"data":"AbsoluteMagnitude","floor":32,"key":"SMITH"},{"floor":42,"key":"REST"},{"floor":45,"key":"REST"},{"floor":49,"key":"REST"}],"circlet_count":0,"master_deck":["Strike_MRS","Strike_MRS","Strike_MRS","Strike_MRS","Defend_MRS","Defend_MRS","Defend_MRS","MasterSpark","UpSweep","PowerUp","GrandCross","QueenOfHatred","Singularity+1","AbsoluteMagnitude+1","DoubleSpark+1","Pot Of Greed","Pot Of Greed","PulseMagic+1","EnergyRecoil","OrrerysSun","PowerUp+1","CherryBlossoms","BlackSwan","Panacea","Pot Of Greed","ShootTheMoon+1","PropBag+1","MachineGunSpark+1"],"relics":["MiniHakkero","CogitoBucket","Ginger","HandDrill","Replay:Baseball","Mercury Hourglass","PreservedInsect","LuminousBracelet","Black Star","Grinning Jar","Ancient Tea Set","Regal Pillow","Replay:Wax Seal","MawBank","Sundial","DemoMod:BlueGuonStone","Chameleon Ring","HollowMod:PaleOreRelic","AtMidnight","Potion Belt","Bottled Lightning","Durian","Lantern","Gremlin Horn"],"acts_visited":["Exordium","TheCity","TheBeyond"],"potions_floor_usage":[31,33,44,50,50,50,50,50,50,50],"damage_taken":[{"damage":1.0,"enemies":"2 Louse","floor":1.0,"turns":3.0},{"damage":0.0,"enemies":"Cultist","floor":2.0,"turns":3.0},{"damage":7.0,"enemies":"Small Slimes","floor":3.0,"turns":3.0},{"damage":0.0,"enemies":"2 Fungi Beasts","floor":4.0,"turns":3.0},{"damage":1.0,"enemies":"Blue Slaver","floor":5.0,"turns":2.0},{"damage":19.0,"enemies":"Lagavulin","floor":6.0,"turns":8.0},{"damage":14.0,"enemies":"Gremlin Nob","floor":8.0,"turns":4.0},{"damage":21.0,"enemies":"Lagavulin","floor":11.0,"turns":7.0},{"damage":10.0,"enemies":"Gremlin Gang","floor":13.0,"turns":3.0},{"damage":37.0,"enemies":"The Guardian","floor":16.0,"turns":9.0},{"damage":17.0,"enemies":"3 Byrds","floor":18.0,"turns":5.0},{"damage":0.0,"enemies":"Chosen","floor":22.0,"turns":4.0},{"damage":40.0,"enemies":"Book of Stabbing","floor":23.0,"turns":4.0},{"damage":8.0,"enemies":"Gremlin Leader","floor":25.0,"turns":4.0},{"damage":39.0,"enemies":"Book of Stabbing","floor":28.0,"turns":5.0},{"damage":5.0,"enemies":"Snake Plant","floor":29.0,"turns":5.0},{"damage":4,"enemies":"Snecko","floor":31,"turns":5},{"damage":64,"enemies":"Automaton","floor":33,"turns":8},{"damage":13,"enemies":"3 Shapes","floor":35,"turns":4},{"damage":8,"enemies":"3 Darklings","floor":37,"turns":4},{"damage":74,"enemies":"Jaw Worm Horde","floor":39,"turns":16},{"damage":34,"enemies":"HollowMod:StalkingDevout","floor":40,"turns":7},{"damage":7,"enemies":"Writhing Mass","floor":41,"turns":4},{"damage":19,"enemies":"Reptomancer","floor":44,"turns":4},{"damage":11,"enemies":"4 Shapes","floor":46,"turns":3},{"damage":12,"enemies":"Jaw Worm Horde","floor":48,"turns":4},{"damage":72,"enemies":"Donu and Deca","floor":50,"turns":9}],"seed_played":"2702469746585961860","potions_obtained":[{"floor":1.0,"key":"Elixir"},{"floor":3.0,"key":"BlessingOfTheForge"},{"floor":8.0,"key":"SpeedPotion"},{"floor":16.0,"key":"Elixir"},{"floor":23.0,"key":"LiquidBronze"},{"floor":28.0,"key":"Swift Potion"},{"floor":31,"key":"BottledSpark"},{"floor":35,"key":"EntropicBrew"},{"floor":40,"key":"ColorlessPotion"},{"floor":41,"key":"Elixir"}],"is_trial":false,"path_per_floor":["M","M","M","M","M","E","$","E","T","R","E","R","M","?","R","B",null,"M","?","?","$","M","E","?","E","T","R","E","M","?","M","R","B",null,"M","?","M","$","M","E","M","R","T","E","R","M","?","M","R","B",null],"character_chosen":"MARISA","items_purchased":["HandDrill","HollowMod:PaleOreRelic","Panacea"],"campfire_rested":6,"item_purchase_floors":[7,38,38],"current_hp_per_floor":[74,74,67,67,66,47,47,33,33,55,34,56,73,78,78,67,95,95,95,95,95,95,55,55,62,62,85,54,67,67,70,70,21,75,71,71,73,73,69,48,48,75,80,69,80,77,57,48,80,26],"gold":557,"neow_bonus":"","is_daily":false,"chose_seed":false,"campfire_upgraded":2,"win_rate":0.0,"timestamp":1610959381,"path_taken":["M","M","M","M","M","E","$","E","T","R","E","R","M","?","R","BOSS","M","?","?","?","?","E","?","E","T","R","E","M","?","M","R","BOSS","M","?","M","$","M","E","M","R","T","E","R","M","?","?","R","BOSS"],"items_purchased_type":["Relic","Relic","Card"],"build_version":"2020-12-22","purchased_purges":2,"victory":true,"max_hp_per_floor":[75,75,75,75,75,75,75,75,75,75,75,75,90,95,95,95,95,95,95,95,95,95,85,85,85,85,85,85,85,85,75,75,75,75,75,75,75,75,75,75,75,75,80,80,80,80,80,80,80,80],"card_choices":[{"not_picked":["OortCloud","SporeBomb"],"picked":"PowerUp","floor":1.0},{"not_picked":["JA","IllusionStar"],"picked":"GrandCross","floor":2.0},{"not_picked":["LuminesStrike","DarkSpark","AsteroidBelt"],"picked":"SKIP","floor":3.0},{"not_picked":["MysteriousBeam","6A","StarlightTyphoon"],"picked":"SKIP","floor":4.0},{"not_picked":["6A","SporeBomb","BlazeAway"],"picked":"SKIP","floor":5.0},{"not_picked":["SatelliteIllusion","AsteroidBelt","ShootingEcho"],"picked":"SKIP","floor":6.0},{"not_picked":["SprinkleStarSeal","PowerUp","IllusionStar"],"picked":"SKIP","floor":8.0},{"not_picked":["OldLady","LittleHelper"],"picked":"QueenOfHatred","floor":11.0},{"not_picked":["PropBag","UnstableBomb"],"picked":"Singularity","floor":11.0},{"not_picked":["MysteriousBeam","6A","WitchOfGreed"],"picked":"SKIP","floor":13.0},{"not_picked":["UltimateShortwave","MillisecondPulsars"],"picked":"AbsoluteMagnitude","floor":16.0},{"not_picked":["DragonMeteor+1","AsteroidBelt"],"picked":"DoubleSpark+1","floor":18.0},{"not_picked":["Acceleration","OortCloud"],"picked":"PulseMagic+1","floor":22.0},{"not_picked":["GravityBeat","WitchOfGreed"],"picked":"EnergyRecoil","floor":23.0},{"not_picked":["6A","UnstableBomb"],"picked":"OrrerysSun","floor":25.0},{"not_picked":["AsteroidBelt","Acceleration","CollectingQuirk"],"picked":"SKIP","floor":28.0},{"not_picked":["Singularity","SporeBomb+1","SprinkleStarSeal"],"picked":"SKIP","floor":29},{"not_picked":["DeepEcoloBomb","DoubleSpark","GalacticHalo"],"picked":"SKIP","floor":31},{"not_picked":["Laetitia","SingingMachine"],"picked":"CherryBlossoms","floor":33},{"not_picked":["CollectingQuirk","MilkyWay","DC"],"picked":"SKIP","floor":35},{"not_picked":["LongBird","Freischutz"],"picked":"BlackSwan","floor":37},{"not_picked":["GalacticHalo","LuminesStrike","BlazeAway"],"picked":"SKIP","floor":37},{"not_picked":["LuminesStrike+1","IllusionStar+1","WitchOfGreed"],"picked":"SKIP","floor":39},{"not_picked":["GravityBeat+1","GalacticHalo+1","StarlightTyphoon+1"],"picked":"SKIP","floor":40},{"not_picked":["SporeBomb","GravityBeat","GalacticHalo"],"picked":"SKIP","floor":41},{"not_picked":["MagicAbsorber+1","AsteroidBelt+1"],"picked":"ShootTheMoon+1","floor":44},{"not_picked":["DragonMeteor","IllusionStar","ChargingUp"],"picked":"SKIP","floor":46},{"not_picked":["DragonMeteor+1","LuminesStrike"],"picked":"PropBag+1","floor":47},{"not_picked":["RefractionSpark+1","AlicesGift"],"picked":"MachineGunSpark+1","floor":47},{"not_picked":["IllusionStar+1","MysteriousBeam+1","GrandCross"],"picked":"SKIP","floor":48}],"player_experience":116841,"relics_obtained":[{"floor":6.0,"key":"Ginger"},{"floor":8.0,"key":"Replay:Baseball"},{"floor":9.0,"key":"Mercury Hourglass"},{"floor":11.0,"key":"PreservedInsect"},{"floor":23.0,"key":"Ancient Tea Set"},{"floor":23.0,"key":"Regal Pillow"},{"floor":25.0,"key":"Replay:Wax Seal"},{"floor":25.0,"key":"MawBank"},{"floor":26.0,"key":"Sundial"},{"floor":28.0,"key":"DemoMod:BlueGuonStone"},{"floor":28.0,"key":"Chameleon Ring"},{"floor":39,"key":"AtMidnight"},{"floor":40,"key":"Potion Belt"},{"floor":40,"key":"Bottled Lightning"},{"floor":43,"key":"Durian"},{"floor":44,"key":"Lantern"},{"floor":44,"key":"Gremlin Horn"}],"event_choices":[{"damage_healed":0.0,"max_hp_gain":5.0,"max_hp_loss":0.0,"gold_gain":0.0,"event_name":"Big Fish","player_choice":"Donut","floor":14.0,"gold_loss":0.0,"damage_taken":0.0},{"damage_healed":0.0,"max_hp_gain":0.0,"max_hp_loss":0.0,"gold_gain":0.0,"event_name":"Addict","player_choice":"Stole Relic","floor":20.0,"gold_loss":0.0,"damage_taken":0.0,"relics_obtained":["Grinning Jar"],"cards_obtained":["Shame"]},{"damage_healed":0.0,"max_hp_gain":0.0,"max_hp_loss":0.0,"gold_gain":99.0,"event_name":"Nest","player_choice":"Stole From Cult","floor":24.0,"gold_loss":0.0,"damage_taken":0.0},{"damage_healed":0,"gold_gain":0,"player_choice":"Read","damage_taken":0,"max_hp_gain":0,"max_hp_loss":0,"event_name":"The Library","floor":30,"gold_loss":0,"cards_obtained":["PowerUp"]},{"damage_healed":0,"gold_gain":0,"player_choice":"Upgraded","damage_taken":0,"max_hp_gain":0,"max_hp_loss":0,"event_name":"Upgrade Shrine","floor":36,"gold_loss":0,"cards_upgraded":["PowerUp"]}],"is_beta":false,"boss_relics":[{"not_picked":["Runic Dome","Calling Bell"],"picked":"Black Star"},{"not_picked":["Replay:Drink Me","Astrolabe","Runic Pyramid"]}],"items_purged_floors":[21,38],"is_endless":false,"potions_floor_spawned":[1,3,8,16,23,28,31,35,40,41],"ascension_level":1}}