{"host":"Stephanie","time":1610967720,"event":{"mods":["BaseMod","Colored Powertips","Minty Spire (QoL Compilation)","Rare Cards Sparkle","Relic Stats","StSLib","The Marked"],"gold_per_floor":[366,366,21,90,36,36,67,33,110,125,155,120,168,184,184,287,287,306,306,319,338,353,385,385,405,405,416,416,416],"floor_reached":28,"language":"ENG","playtime":1474,"items_purged":[],"score":248,"play_id":"18f41976-995b-4533-b356-8d17a7769f36","local_time":"20210118060200","is_ascension_mode":false,"campfire_choices":[{"data":"theMarked:SoldierOfQuellstein","floor":6.0,"key":"SMITH"},{"data":"theMarked:ReduceFriction","floor":15.0,"key":"SMITH"},{"floor":24,"key":"RECALL"}],"circlet_count":0,"master_deck":["theMarked:Strike","theMarked:Strike+1","theMarked:Strike","theMarked:Strike","theMarked:Strike+1","theMarked:Defend","theMarked:Defend","theMarked:Defend","theMarked:Defend","theMarked:SoldierOfQuellstein+1","theMarked:BanishingWave","theMarked:HeightenedSenses","theMarked:ReduceFriction+1","theMarked:BanishingWave","theMarked:TakeOffHeels","theMarked:EternalStudent","theMarked:BindingBlade","theMarked:HeritageOfTheMarked","theMarked:StartUp+1","theMarked:ParalyzingBlade","theMarked:ChannelForce","theMarked:PowerFlow","theMarked:Seal+1"],"relics":["theMarked:ArtifactOfAir","Vajra","OrangePellets","Eternal Feather","StrikeDummy","Matryoshka","Strawberry","Fusion Hammer","Whetstone","Juzu Bracelet","Toxic Egg 2"],"acts_visited":["Exordium","TheCity"],"potions_floor_usage":[25,27,28,28],"damage_taken":[{"damage":0.0,"enemies":"2 Louse","floor":1.0,"turns":3.0},{"damage":14.0,"enemies":"Gremlin Nob","floor":7.0,"turns":3.0},{"damage":0.0,"enemies":"Small Slimes","floor":10.0,"turns":2.0},{"damage":15.0,"enemies":"Lagavulin","floor":11.0,"turns":7.0},{"damage":6.0,"enemies":"Jaw Worm","floor":14.0,"turns":3.0},{"damage":47.0,"enemies":"The Guardian","floor":16.0,"turns":12.0},{"damage":5.0,"enemies":"3 Byrds","floor":18.0,"turns":4.0},{"damage":0,"enemies":"Spheric Guardian","floor":20,"turns":3},{"damage":16,"enemies":"Snake Plant","floor":21,"turns":2},{"damage":1,"enemies":"Snecko","floor":22,"turns":3},{"damage":5,"enemies":"Gremlin Leader","floor":23,"turns":5},{"damage":17,"enemies":"Centurion and Healer","floor":25,"turns":3},{"damage":25,"enemies":"Shelled Parasite and Fungi","floor":27,"turns":5},{"damage":28,"enemies":"Book of Stabbing","floor":28,"turns":3}],"seed_played":"-1822813349457857980","potions_obtained":[{"floor":1.0,"key":"FearPotion"},{"floor":7.0,"key":"Regen Potion"},{"floor":18.0,"key":"Explosive Potion"},{"floor":22,"key":"SteroidPotion"},{"floor":23,"key":"PowerPotion"},{"floor":27,"key":"EssenceOfSteel"}],"is_trial":false,"path_per_floor":["M","?","$","?","$","R","E","$","T","M","E","?","T","M","R","B",null,"M","?","M","M","M","E","R","M","T","M","E"],"character_chosen":"THE_DEFAULT","items_purchased":["Vajra","OrangePellets","AttackPotion","theMarked:HeightenedSenses","theMarked:BanishingWave"],"campfire_rested":0,"item_purchase_floors":[3,3,3,5,8],"current_hp_per_floor":[63,68,68,68,68,68,54,54,54,54,39,56,63,57,66,19,75,70,70,70,54,53,48,60,48,48,23,0,0],"gold":416,"neow_bonus":"TWO_FIFTY_GOLD","is_daily":false,"chose_seed":false,"campfire_upgraded":2,"win_rate":0.0,"timestamp":1610967720,"path_taken":["M","?","$","?","?","R","E","$","T","M","E","?","?","M","R","BOSS","M","?","M","?","M","E","R","M","T","M","E"],"items_purchased_type":["Relic","Relic","Potion","Card","Card"],"build_version":"2020-12-18","purchased_purges":0,"victory":false,"max_hp_per_floor":[63,68,68,68,68,68,68,68,68,68,68,68,75,75,75,75,75,75,75,75,75,75,75,75,75,75,75,75,75],"relic_stats":{"OrangePellets":[0],"counters":[14,57],"Eternal Feather":21,"Juzu Bracelet":0,"Whetstone":["theMarked:Strike","theMarked:Strike"],"obtain_stats":[{"theMarked:ArtifactOfAir":0,"OrangePellets":3,"Matryoshka":11,"Strawberry":13,"Vajra":3,"Eternal Feather":7,"Fusion Hammer":17,"Juzu Bracelet":26,"Whetstone":23,"Toxic Egg 2":26,"StrikeDummy":9},{"theMarked:ArtifactOfAir":0,"OrangePellets":1,"Matryoshka":4,"Strawberry":4,"Vajra":1,"Eternal Feather":2,"Fusion Hammer":6,"Juzu Bracelet":12,"Whetstone":11,"Toxic Egg 2":12,"StrikeDummy":2},{"theMarked:ArtifactOfAir":0,"OrangePellets":3,"Matryoshka":15,"Strawberry":15,"Vajra":3,"Eternal Feather":6,"Fusion Hammer":30,"Juzu Bracelet":49,"Whetstone":47,"Toxic Egg 2":49,"StrikeDummy":6}]},"card_choices":[{"not_picked":["theMarked:TwofoldDefense","theMarked:BanishingStrike"],"picked":"theMarked:BanishingWave","floor":1.0},{"not_picked":["theMarked:Static","theMarked:Frustration"],"picked":"theMarked:ReduceFriction","floor":7.0},{"not_picked":["theMarked:WardOff","theMarked:WastefulAttack"],"picked":"theMarked:TakeOffHeels","floor":10.0},{"not_picked":["theMarked:WardOff","theMarked:SuspiciousRaven"],"picked":"theMarked:EternalStudent","floor":11.0},{"not_picked":["theMarked:Indomitable","theMarked:WardOff","theMarked:Reabsorb"],"picked":"SKIP","floor":14.0},{"not_picked":["theMarked:ThrowWeapon","theMarked:ChannelForce"],"picked":"theMarked:BindingBlade","floor":16.0},{"not_picked":["theMarked:BanishingStrike","theMarked:WastefulAttack+1"],"picked":"theMarked:HeritageOfTheMarked","floor":18.0},{"not_picked":["theMarked:Improvise","theMarked:TwofoldDefense"],"picked":"theMarked:StartUp+1","floor":20},{"not_picked":["theMarked:DeterminationOfTheMarked","theMarked:WastefulDefense"],"picked":"theMarked:ParalyzingBlade","floor":21},{"not_picked":["theMarked:RepellingDischarge","theMarked:GodGivenPower"],"picked":"theMarked:ChannelForce","floor":22},{"not_picked":["theMarked:Improvise","theMarked:Parkour"],"picked":"theMarked:PowerFlow","floor":23},{"not_picked":["theMarked:RepellingDischarge","theMarked:ResourceFulStrike","theMarked:Static"],"picked":"SKIP","floor":25},{"not_picked":["theMarked:Static+1","theMarked:Standoff"],"picked":"theMarked:Seal+1","floor":27}],"player_experience":863192,"relics_obtained":[{"floor":7.0,"key":"Eternal Feather"},{"floor":9.0,"key":"StrikeDummy"},{"floor":11.0,"key":"Matryoshka"},{"floor":13.0,"key":"Strawberry"},{"floor":23,"key":"Whetstone"},{"floor":26,"key":"Juzu Bracelet"},{"floor":26,"key":"Toxic Egg 2"}],"event_choices":[{"damage_healed":0.0,"max_hp_gain":5.0,"max_hp_loss":0.0,"gold_gain":0.0,"event_name":"Big Fish","player_choice":"Donut","floor":2.0,"gold_loss":0.0,"damage_taken":0.0},{"damage_healed":0.0,"max_hp_gain":0.0,"max_hp_loss":0.0,"gold_gain":69.0,"event_name":"Golden Wing","player_choice":"Gained Gold","floor":4.0,"gold_loss":0.0,"damage_taken":0.0},{"damage_healed":17.0,"max_hp_gain":0.0,"max_hp_loss":0.0,"gold_gain":0.0,"event_name":"The Cleric","player_choice":"Healed","floor":12.0,"gold_loss":35.0,"damage_taken":0.0},{"damage_healed":0.0,"max_hp_gain":0.0,"max_hp_loss":0.0,"gold_gain":0.0,"event_name":"NoteForYourself","player_choice":"Ignored","floor":19.0,"gold_loss":0.0,"damage_taken":0.0}],"is_beta":true,"boss_relics":[{"not_picked":["theMarked:Eyepatch","Coffee Dripper"],"picked":"Fusion Hammer"}],"items_purged_floors":[],"is_endless":false,"potions_floor_spawned":[1,7,18,22,23,27],"killed_by":"Book of Stabbing","ascension_level":0}}