{"host":"8t5dkgm85abdp22d","time":1610966843,"event":{"mods":["Act Like it!","BaseMod","Colored Powertips","Dota2Spire","Downfall","Gensokyo","GungeonMod","Hallownest","Luminous","Marisa£®ÏF”Í°°ƒß¿Ì…≥£©","Minty Spire (QoL Compilation)","StSLib","TheWitcher","UnlockEverythingMod","Waifu the Spire","Yakumo Yukari mod","vexMod","°æ“≈ŒÔø®≈∆°øREMEMod"],"gold_per_floor":[13,0,0,17,27,27,38,67,67,97,97,112,9,9,9,110,110,122,122,156,156,156,156,190,202,225,244,244,259,276,291,291,389,389,407,407,425,425,436,469,487,487,510,510,550,562,579,97,97,127],"floor_reached":51,"language":"ZHS","playtime":2377,"items_purged":[],"score":911,"play_id":"8e5073bb-4472-41df-a40c-aa5d4ad5dc6b","local_time":"20210118184723","is_ascension_mode":false,"campfire_choices":[{"data":"AdvanceAttack_purple","floor":6.0,"key":"SMITH"},{"floor":15.0,"key":"REST"},{"data":"Apotheosis","floor":23.0,"key":"SMITH"},{"data":"Theboundaryofcreation_purpleEX","floor":28.0,"key":"SMITH"},{"data":"OmniscientAndOmnipotent_Monster_purple","floor":32.0,"key":"SMITH"},{"data":"Know_ledgeAbilityRealm_purple","floor":42,"key":"SMITH"},{"data":"D_absorption_purple","floor":49,"key":"SMITH"}],"circlet_count":0,"master_deck":["AT_purpleEX","AT_purpleEX","AT_purpleEX","Defend_purpleEX","Defend_purpleEX","Defend_purpleEX","Defend_purpleEX","Observe_purple_1","Observe_purple_2","Venomology+1","AdvanceAttack_purple+1","RuptureOfTimeAndSpace_purple+1","StateErode_purple","Umbrella_purple","Theboundaryofcreation_purpleEX+1","RuleDissolution_purple+1","Apotheosis+1","Erosivefilter_purple+1","Charmbait_purple","OmniscientAndOmnipotent_Monster_purple+1","DimensionStaggered_purple+1","Know_ledgeAbilityRealm_purple+1","MeetDecomposer_purple","D_absorption_purple+1","WangLiang_LineAndCurveDreams_purple","Gensokyo:MedicineKit","Gensokyo:Shovel","Gensokyo:BlemishedSteel"],"relics":["Boundary_crack","Memoryfragments_purpleEX","REME_ComplimentaryCards","Dota2Spire:DivineRapier","Mango","Smiling Mask","Question Card","DemoMod:ResourcefulSack","Busted Crown","War Paint","Red Mask","MutagenicStrength","Dota2Spire:Desolator","Pen Nib","Coffee Dripper","Dota2Spire:Satanic","Dota2Spire:UrnOfShadows","Dota2Spire:HandOfMidas","DemoMod:GlassGuonStoneRelic","TheEssenceOfRealm","REME_CardOfGreed"],"acts_visited":["Exordium","TheCity","TheCity"],"potions_floor_usage":[37,41,45,50],"damage_taken":[{"damage":0.0,"enemies":"Gensokyo:2_Kodama","floor":1.0,"turns":2.0},{"damage":0.0,"enemies":"Gensokyo:Python","floor":4.0,"turns":2.0},{"damage":0.0,"enemies":"Gensokyo:3_Fairies","floor":5.0,"turns":4.0},{"damage":2.0,"enemies":"Gensokyo:2_Rabbits","floor":7.0,"turns":4.0},{"damage":39.0,"enemies":"Gensokyo:Mamizou","floor":8.0,"turns":4.0},{"damage":26.0,"enemies":"Gensokyo:Aya","floor":10.0,"turns":4.0},{"damage":3.0,"enemies":"Gensokyo:5_Fairies","floor":12.0,"turns":3.0},{"damage":17.0,"enemies":"Gensokyo:Yukari","floor":16.0,"turns":7.0},{"damage":9.0,"enemies":"Spheric Guardian","floor":18.0,"turns":3.0},{"damage":54.0,"enemies":"Masked Bandits","floor":20.0,"turns":4.0},{"damage":8.0,"enemies":"Gremlin Leader","floor":24.0,"turns":5.0},{"damage":0.0,"enemies":"2 Thieves","floor":25.0,"turns":2.0},{"damage":0.0,"enemies":"Snecko","floor":27.0,"turns":2.0},{"damage":0.0,"enemies":"Cultist and Chosen","floor":29.0,"turns":2.0},{"damage":0.0,"enemies":"Snake Plant","floor":30.0,"turns":1.0},{"damage":0.0,"enemies":"Centurion and Healer","floor":31.0,"turns":2.0},{"damage":3.0,"enemies":"Automaton","floor":33.0,"turns":5.0},{"damage":8.0,"enemies":"Gensokyo:3_Boulders","floor":35.0,"turns":3.0},{"damage":0,"enemies":"Gensokyo:AncientGuardian","floor":37,"turns":2},{"damage":0,"enemies":"Gensokyo:Dusk_and_Dawn","floor":39,"turns":1},{"damage":37,"enemies":"Gensokyo:Doremy","floor":40,"turns":4},{"damage":0,"enemies":"Gensokyo:SeedOfUnknown","floor":41,"turns":1},{"damage":7,"enemies":"Gensokyo:Sharpion","floor":45,"turns":3},{"damage":0,"enemies":"Gensokyo:AtlasGolem","floor":46,"turns":3},{"damage":0,"enemies":"Gensokyo:3_Boulders","floor":47,"turns":1},{"damage":0,"enemies":"Gensokyo:Yuyuko","floor":50,"turns":3}],"seed_played":"3193925542431869024","potions_obtained":[{"floor":4.0,"key":"Slimebound:ThreeZeroPotion"},{"floor":10.0,"key":"AttackPotion"},{"floor":16.0,"key":"REME_GoldPotion"},{"floor":27.0,"key":"LiquidMemories"},{"floor":29.0,"key":"DistilledChaos"}],"is_trial":false,"path_per_floor":["M","?","?","M","M","R","M","E","T","E","?","M","COS","?","R","B",null,"M","?","?","?","T","R","E","M","T","M","R","M","M","M","R","B",null,"M","?","M","?","M","E","M","R","T","?","M","M","M","COS","R","B",null],"character_chosen":"Youkari","items_purchased":[],"campfire_rested":1,"item_purchase_floors":[],"current_hp_per_floor":[70,70,63,64,69,69,74,36,36,12,12,10,10,10,35,20,84,76,76,27,27,27,27,24,33,33,36,36,38,38,41,41,44,84,77,77,80,47,84,47,48,48,48,48,44,47,51,51,51,56],"gold":127,"neow_bonus":"ONE_RARE_RELIC","is_daily":false,"chose_seed":false,"campfire_upgraded":6,"win_rate":0.0,"timestamp":1610966843,"path_taken":["M","?","?","M","M","R","?","E","T","E","?","M","COS","?","R","BOSS","M","?","?","?","?","R","E","M","T","M","R","?","M","M","R","BOSS","M","?","M","?","?","E","M","R","T","?","M","M","M","COS","R","BOSS"],"items_purchased_type":[],"build_version":"2020-12-22","purchased_purges":0,"victory":true,"max_hp_per_floor":[70,70,84,84,84,84,84,84,84,84,84,84,84,84,84,84,84,84,84,84,84,84,84,84,84,84,84,84,84,84,84,84,84,84,84,84,84,84,84,84,84,84,84,84,84,84,84,84,84,84],"card_choices":[{"not_picked":["Boundary_DynamicStaticEquilibrium_purple","ExistenceContinue_purple","StateDuplicate_purple"],"picked":"SKIP","floor":1.0},{"not_picked":["MagicEyes_LaplaceDemon_purple","SfantasyHide_purple"],"picked":"AdvanceAttack_purple","floor":4.0},{"not_picked":["MagicEyes_LaplaceDemon_purple","Boundary_LightAndDark_purple"],"picked":"ExternalForce_HighSpeedFlying_purple","floor":5.0},{"not_picked":["Mirror_WaveAndshot_purple","OmniscientAndOmnipotent_Monster_purple"],"picked":"RuptureOfTimeAndSpace_purple","floor":7.0},{"not_picked":["OmniscientAndOmnipotent_Monster_purple","Realm_recovery_purpleEX"],"picked":"StateErode_purple","floor":8.0},{"not_picked":["Boundary_ObjectiveBoundary_purple","Boundary_DynamicStaticEquilibrium_purple","WorldDissolvedintheRealm_purple"],"picked":"Umbrella_purple","floor":10.0},{"not_picked":["Computing_the_future_purpleEX","Mirror_FourBoundary_purple","Realm_recovery_purpleEX","ExternalForce_HighSpeedFlying_purple"],"picked":"SKIP","floor":12.0},{"not_picked":["LoveAcrossDimensions_purple","Mirror_TwoAndThreeElementRealm_purple","WangLiang_OokamiKakushi_purple"],"picked":"Theboundaryofcreation_purpleEX","floor":16.0},{"not_picked":["StateDuplicate_purple"],"picked":"RuleDissolution_purple","floor":18.0},{"not_picked":["ExistenceContinue_purple","WeekHit_purple"],"picked":"SKIP","floor":24.0},{"not_picked":["RuptureOfTimeAndSpace_purple"],"picked":"Erosivefilter_purple+1","floor":25.0},{"not_picked":["SfantasyHide_purple"],"picked":"Charmbait_purple","floor":27.0},{"not_picked":["ExistenceContinue_purple"],"picked":"OmniscientAndOmnipotent_Monster_purple","floor":29.0},{"not_picked":["Realm_recovery_purpleEX","Mirror_Drifter_purple"],"picked":"SKIP","floor":30.0},{"not_picked":["MetroBOOM_purple"],"picked":"DimensionStaggered_purple+1","floor":31.0},{"not_picked":["WangLiang_OokamiKakushi_purple"],"picked":"Know_ledgeAbilityRealm_purple","floor":33.0},{"not_picked":["ExternalForce_HighSpeedFlying_purple+1","PositiveMatter_Antimatter_Universe_purple+1"],"picked":"SKIP","floor":35.0},{"not_picked":["StateDuplicate_purple","MNeedle_purple"],"picked":"SKIP","floor":37},{"not_picked":["Boundary_LightAndDark_purple+1","StateErode_purple"],"picked":"SKIP","floor":39},{"not_picked":["RuptureOfTimeAndSpace_purple+1"],"picked":"MeetDecomposer_purple","floor":40},{"not_picked":["SharpContractionReality_purple+1","RealityDreamConfluencek_purple"],"picked":"SKIP","floor":41},{"not_picked":["RuleDissolution_purple+1","StateErode_purple+1"],"picked":"SKIP","floor":45},{"not_picked":["RuleDissolution_purple"],"picked":"WangLiang_LineAndCurveDreams_purple","floor":46},{"not_picked":["WeekHit_purple","ExistenceContinue_purple"],"picked":"SKIP","floor":47}],"player_experience":113065,"relics_obtained":[{"floor":8.0,"key":"Smiling Mask"},{"floor":9.0,"key":"Question Card"},{"floor":10.0,"key":"DemoMod:ResourcefulSack"},{"floor":20.0,"key":"Red Mask"},{"floor":22.0,"key":"Dota2Spire:Desolator"},{"floor":24.0,"key":"Pen Nib"},{"floor":40,"key":"Dota2Spire:UrnOfShadows"},{"floor":43,"key":"Dota2Spire:HandOfMidas"}],"event_choices":[{"damage_healed":0.0,"max_hp_gain":0.0,"max_hp_loss":0.0,"gold_gain":0.0,"event_name":"Masked Bandits","player_choice":"Fought Bandits","floor":20.0,"gold_loss":0.0,"damage_taken":0.0},{"damage_healed":0.0,"max_hp_gain":0.0,"max_hp_loss":0.0,"gold_gain":0.0,"event_name":"Drug Dealer","player_choice":"Inject Mutagens","floor":21.0,"gold_loss":0.0,"damage_taken":0.0,"relics_obtained":["MutagenicStrength"]}],"is_beta":false,"boss_relics":[{"not_picked":["Runic Pyramid","vexMod:EndlessSickness"],"picked":"Busted Crown"},{"not_picked":["Cursed Key","Sozu"],"picked":"Coffee Dripper"}],"items_purged_floors":[],"is_endless":false,"potions_floor_spawned":[4,5,10,12,16,18,24,27,29,40,45,47],"ascension_level":0}}