{"host":"msa0wxqjs3jv1k3j","time":1610974729,"event":{"mods":["AchievementEnabler","BaseMod","BetterRewards","Colored Map","Highlight Path","KOR Keyword Fix","Keyboard Shortcuts","Minty Spire (QoL Compilation)","Quick Restart","SuperFastMode","everything is the same but u backflip on backflip"],"gold_per_floor":[118,118,293,308,308,308,324,40,87,87,103,136,61,81,81,185,185,203,303,203,217,237,237,22,22,45,45,73,89,103,103,103,103,103],"floor_reached":33,"language":"KOR","playtime":1070,"items_purged":["Defend_G","Skewer+1","Riddle With Holes+1"],"score":265,"play_id":"96d0492f-3b89-45a5-81d2-2a72aff32e05","local_time":"20210118215849","is_ascension_mode":false,"campfire_choices":[{"data":"Infinite Blades","floor":6,"key":"SMITH"},{"data":"Cloak And Dagger","floor":10,"key":"SMITH"},{"data":"Crippling Poison","floor":15,"key":"SMITH"},{"data":"Catalyst","floor":23,"key":"SMITH"},{"data":"Accuracy","floor":25,"key":"SMITH"},{"floor":32,"key":"REST"}],"circlet_count":0,"master_deck":["Strike_G","Strike_G","Defend_G+1","Defend_G","Defend_G","Defend_G+1","Survivor","Neutralize","Infinite Blades+1","Crippling Poison+1","Catalyst+1","Cloak And Dagger+1","Bane+1","Backstab+1","Accuracy+1","Blade Dance","Bouncing Flask+1"],"relics":["Ring of the Snake","Dead Branch","Happy Flower","Ginger","Sling","Ninja Scroll","War Paint","WingedGreaves","Astrolabe","Potion Belt","Toxic Egg 2"],"acts_visited":["Exordium","TheCity"],"potions_floor_usage":[16,16],"damage_taken":[{"damage":7,"enemies":"Small Slimes","floor":1,"turns":3},{"damage":0,"enemies":"Cultist","floor":4,"turns":4},{"damage":9,"enemies":"2 Louse","floor":7,"turns":2},{"damage":2,"enemies":"Looter","floor":11,"turns":3},{"damage":2,"enemies":"3 Sentries","floor":12,"turns":6},{"damage":0,"enemies":"Red Slaver","floor":14,"turns":3},{"damage":11,"enemies":"Hexaghost","floor":16,"turns":7},{"damage":4,"enemies":"2 Thieves","floor":18,"turns":4},{"damage":5,"enemies":"Shell Parasite","floor":21,"turns":4},{"damage":1,"enemies":"Chosen and Byrds","floor":22,"turns":4},{"damage":7,"enemies":"Gremlin Leader","floor":28,"turns":3},{"damage":3,"enemies":"Snake Plant","floor":29,"turns":3},{"damage":0,"enemies":"3 Cultists","floor":30,"turns":3},{"damage":61,"enemies":"Champ","floor":33,"turns":6}],"seed_played":"1185946181683763489","potions_obtained":[{"floor":7,"key":"LiquidBronze"},{"floor":11,"key":"Weak Potion"},{"floor":16,"key":"SteroidPotion"},{"floor":18,"key":"BlessingOfTheForge"},{"floor":21,"key":"EntropicBrew"},{"floor":28,"key":"BlessingOfTheForge"},{"floor":30,"key":"Weak Potion"}],"is_trial":false,"path_per_floor":["M","?","?","M","?","R","M","$","T","R","M","E","$","M","R","B",null,"M","?","$","M","M","R","$","R","T","?","E","M","M","?","R","B"],"character_chosen":"THE_SILENT","items_purchased":["Infinite Blades","Happy Flower","Ginger","Sling","Ninja Scroll","Cloak And Dagger","Accuracy","Blade Dance"],"campfire_rested":1,"item_purchase_floors":[0,0,0,0,8,8,24,24],"current_hp_per_floor":[63,68,68,68,68,68,59,59,59,59,57,55,55,55,55,44,75,71,71,71,66,65,65,65,65,65,49,42,39,39,39,61,0,0],"gold":103,"neow_bonus":"","is_daily":false,"chose_seed":false,"campfire_upgraded":5,"win_rate":0.0,"timestamp":1610974729,"path_taken":["M","?","?","M","?","R","M","$","T","R","?","E","?","M","R","BOSS","M","?","$","M","?","R","$","R","T","?","E","M","M","?","R","BOSS"],"items_purchased_type":["Card","Relic","Relic","Relic","Relic","Card","Card","Card"],"build_version":"2020-12-22","purchased_purges":3,"victory":false,"max_hp_per_floor":[70,75,75,75,75,75,75,75,75,75,75,75,75,75,75,75,75,75,75,75,75,75,75,75,75,75,75,75,75,75,75,75,75,75],"card_choices":[{"not_picked":["Distraction","Backflip","Dagger Spray"],"picked":"SKIP","floor":1},{"not_picked":["Bane","Blur"],"picked":"Crippling Poison","floor":4},{"not_picked":["Slice","Riddle With Holes"],"picked":"Catalyst","floor":7},{"not_picked":["All Out Attack","Underhanded Strike","Deflect"],"picked":"SKIP","floor":11},{"not_picked":["Slice","Well Laid Plans","Quick Slash"],"picked":"SKIP","floor":12},{"not_picked":["Eviscerate","PiercingWail","Dodge and Roll"],"picked":"SKIP","floor":14},{"not_picked":["Dagger Spray","Deadly Poison","Noxious Fumes"],"picked":"SKIP","floor":18},{"not_picked":["Sucker Punch","Crippling Poison"],"picked":"Backstab+1","floor":21},{"not_picked":["Acrobatics+1","Prepared","Expertise"],"picked":"SKIP","floor":22},{"not_picked":["Quick Slash","Caltrops"],"picked":"Bouncing Flask+1","floor":28},{"not_picked":["Acrobatics+1","Prepared+1","Flying Knee"],"picked":"SKIP","floor":29},{"not_picked":["Leg Sweep+1","Sucker Punch","Bane"],"picked":"SKIP","floor":30}],"player_experience":129987,"relics_obtained":[{"floor":9,"key":"War Paint"},{"floor":12,"key":"WingedGreaves"},{"floor":26,"key":"Potion Belt"},{"floor":28,"key":"Toxic Egg 2"}],"event_choices":[{"damage_healed":0,"gold_gain":0,"player_choice":"Donut","damage_taken":0,"max_hp_gain":5,"max_hp_loss":0,"event_name":"Big Fish","floor":2,"gold_loss":0},{"damage_healed":0,"gold_gain":175,"player_choice":"AGREE","damage_taken":0,"max_hp_gain":0,"max_hp_loss":0,"event_name":"Liars Game","floor":3,"gold_loss":0,"cards_obtained":["Doubt"]},{"cards_removed":["Doubt"],"damage_healed":0,"gold_gain":0,"player_choice":"Removed Curses","damage_taken":0,"max_hp_gain":0,"max_hp_loss":0,"event_name":"Fountain of Cleansing","floor":5,"gold_loss":0},{"damage_healed":0,"gold_gain":100,"player_choice":"Pray","damage_taken":0,"max_hp_gain":0,"max_hp_loss":0,"event_name":"Golden Shrine","floor":19,"gold_loss":0},{"damage_healed":0,"gold_gain":0,"player_choice":"Obtained Book","damage_taken":16,"max_hp_gain":0,"max_hp_loss":0,"event_name":"Cursed Tome","floor":27,"gold_loss":0},{"damage_healed":0,"gold_gain":0,"player_choice":"Ignored","damage_taken":0,"max_hp_gain":0,"max_hp_loss":0,"event_name":"Vampires","floor":31,"gold_loss":0}],"is_beta":false,"boss_relics":[{"not_picked":["HoveringKite","Runic Pyramid"],"picked":"Astrolabe"}],"items_purged_floors":[13,20,24],"is_endless":false,"potions_floor_spawned":[7,11,16,18,21,28,30],"killed_by":"Champ","ascension_level":0}}