{"host":"8a3jzv7qxg3y7b6t","time":1610961811,"event":{"mods":["BaseMod","Better Third Choice","Downfall","Hermit","Minty Spire (QoL Compilation)","Relic Stats","StSLib","The Bug Knight","The Cursed"],"gold_per_floor":[109,109,109,109,41,41,67,86,86,86,117,132,144,144,144,245,245,264,264,264,274,274,302,302,330,330,349,359,391,402,416,416,518,518,538,538,550,550,550,575,575,603,653,653,678,695,695,695],"floor_reached":47,"language":"ENG","playtime":2562,"items_purged":[],"score":692,"play_id":"f733d5fb-e1e4-4c2e-8d0c-09effa1b6e18","local_time":"20210118012331","is_ascension_mode":true,"campfire_choices":[{"floor":6.0,"key":"RECALL"},{"data":"Footwork","floor":10,"key":"SMITH"},{"floor":15,"key":"REST"},{"data":"Envenom","floor":24,"key":"SMITH"},{"floor":32,"key":"REST"},{"floor":41,"key":"REST"},{"data":"Infinite Blades","floor":44,"key":"SMITH"}],"circlet_count":0,"master_deck":["Defend_G","Defend_G","Defend_G","Defend_G","Defend_G","Survivor","Neutralize","Blade Dance+1","Purity","Deadly Poison","Neutralize","Wraith Form v2","Infinite Blades+1","Footwork+1","Masterful Stab","Blur","Apotheosis+1","Envenom+1","Bite+1","Bite","Bite","Bite","Bite","Cloak And Dagger+1","Cloak And Dagger","Corpse Explosion","Quick Slash","Accuracy+1","Enlightenment","Madness","Madness","Riddle With Holes+1"],"relics":["Ring of the Snake","NeowsBlessing","Pantograph","Ice Cream","Busted Crown","MutagenicStrength","Omamori","HornCleat","InkBottle","Happy Flower","SlaversCollar","Juzu Bracelet","Bronze Scales","Bag of Marbles","Bag of Preparation","Peace Pipe"],"acts_visited":["Exordium","TheCity","TheBeyond"],"potions_floor_usage":[11,16,16,23,23,31,33,35,42,42,45,47],"damage_taken":[{"damage":0.0,"enemies":"Cultist","floor":1.0,"turns":1.0},{"damage":0,"enemies":"3 Sentries","floor":7,"turns":1},{"damage":1,"enemies":"Jaw Worm","floor":8,"turns":2},{"damage":20,"enemies":"Gremlin Nob","floor":11,"turns":5},{"damage":2,"enemies":"2 Louse","floor":12,"turns":3},{"damage":9,"enemies":"Lots of Slimes","floor":13,"turns":5},{"damage":46,"enemies":"Slime Boss","floor":16,"turns":9},{"damage":25,"enemies":"Spheric Guardian","floor":18,"turns":6},{"damage":8,"enemies":"3 Byrds","floor":21,"turns":6},{"damage":5,"enemies":"Slavers","floor":23,"turns":5},{"damage":50,"enemies":"Gremlin Leader","floor":25,"turns":7},{"damage":1,"enemies":"3 Cultists","floor":27,"turns":5},{"damage":21,"enemies":"Snake Plant","floor":28,"turns":6},{"damage":2,"enemies":"HollowMod:Nosk","floor":29,"turns":6},{"damage":0,"enemies":"Centurion and Healer","floor":30,"turns":4},{"damage":17,"enemies":"Snecko","floor":31,"turns":5},{"damage":39,"enemies":"Champ","floor":33,"turns":10},{"damage":0,"enemies":"3 Darklings","floor":35,"turns":3},{"damage":21,"enemies":"3 Shapes","floor":37,"turns":6},{"damage":31,"enemies":"Giant Head","floor":40,"turns":7},{"damage":7,"enemies":"Nemesis","floor":42,"turns":7},{"damage":36,"enemies":"Reptomancer","floor":45,"turns":5},{"damage":0,"enemies":"3 Darklings","floor":46,"turns":2},{"damage":26,"enemies":"Maw","floor":47,"turns":6}],"seed_played":"1292877321128329250","potions_obtained":[{"floor":7,"key":"Poison Potion"},{"floor":12,"key":"LiquidBronze"},{"floor":13,"key":"LiquidBronze"},{"floor":18,"key":"champ:CounterPotion"},{"floor":21,"key":"hexamod:SoulburnPotion"},{"floor":27,"key":"sneckomod:MuddlingPotion"},{"floor":31,"key":"Poison Potion"},{"floor":33,"key":"Fire Potion"},{"floor":35,"key":"SpeedPotion"},{"floor":37,"key":"Poison Potion"},{"floor":42,"key":"Dexterity Potion"},{"floor":45,"key":"SkillPotion"}],"is_trial":false,"path_per_floor":["M","?","?","?","$","R","E","M","T","R","E","M","M","?","R","B",null,"M","?","?","M","?","E","R","E","T","M","M","E","M","M","R","B",null,"M","T","M","?","?","E","R","E","T","R","E","M","M"],"character_chosen":"THE_SILENT","items_purchased":["Infinite Blades"],"campfire_rested":3,"item_purchase_floors":[5],"current_hp_per_floor":[70,70,63,63,63,63,63,62,62,62,42,40,31,31,52,24,70,45,45,45,49,49,49,49,19,19,42,34,49,49,35,49,37,49,49,49,38,38,32,22,36,42,42,42,12,14,0,0],"gold":695,"neow_bonus":"THREE_ENEMY_KILL","is_daily":false,"chose_seed":false,"campfire_upgraded":3,"win_rate":0.0,"timestamp":1610961811,"path_taken":["M","?","?","?","$","R","E","?","T","R","E","?","M","?","R","BOSS","M","?","?","M","?","E","R","E","T","M","M","E","?","M","R","BOSS","M","?","M","?","?","E","R","E","T","R","E","M","M"],"items_purchased_type":["Card"],"build_version":"2020-12-22","purchased_purges":0,"victory":false,"max_hp_per_floor":[70,70,70,70,70,70,70,70,70,70,70,70,70,70,70,70,70,70,49,49,49,49,49,49,49,49,49,49,49,49,49,49,49,49,49,49,49,49,49,49,49,49,49,49,49,49,49,49],"relic_stats":{"Peace Pipe":0,"Busted Crown":34,"Happy Flower":[18],"counters":[24,122],"Pantograph":18,"Bronze Scales":[51],"Juzu Bracelet":0,"Bag of Preparation":[6],"obtain_stats":[{"Ice Cream":7,"NeowsBlessing":0,"Happy Flower":29,"Omamori":23,"Juzu Bracelet":36,"Bag of Preparation":43,"Peace Pipe":45,"SlaversCollar":34,"Dream Catcher":11,"Busted Crown":17,"HornCleat":25,"Pantograph":3,"MutagenicStrength":20,"Bronze Scales":40,"Bag of Marbles":42,"InkBottle":26,"Ring of the Snake":0},{"Ice Cream":2,"NeowsBlessing":0,"Happy Flower":14,"Omamori":10,"Juzu Bracelet":18,"Bag of Preparation":21,"Peace Pipe":22,"SlaversCollar":17,"Dream Catcher":4,"Busted Crown":7,"HornCleat":11,"Pantograph":1,"MutagenicStrength":8,"Bronze Scales":20,"Bag of Marbles":21,"InkBottle":11,"Ring of the Snake":0},{"Ice Cream":2,"NeowsBlessing":0,"Happy Flower":67,"Omamori":43,"Juzu Bracelet":89,"Bag of Preparation":109,"Peace Pipe":114,"SlaversCollar":86,"Dream Catcher":9,"Busted Crown":26,"HornCleat":50,"Pantograph":1,"MutagenicStrength":32,"Bronze Scales":102,"Bag of Marbles":109,"InkBottle":50,"Ring of the Snake":0}],"InkBottle":[44],"Ring of the Snake":[48]},"card_choices":[{"not_picked":["Bane","Dagger Throw"],"picked":"Blade Dance","floor":1.0},{"not_picked":["Flying Knee","Endless Agony"],"picked":"Footwork","floor":7},{"not_picked":["Burst","Slice"],"picked":"Masterful Stab","floor":8},{"not_picked":["Riddle With Holes","Deadly Poison"],"picked":"Blur","floor":11},{"not_picked":["Calculated Gamble","Quick Slash","Eviscerate"],"picked":"SKIP","floor":12},{"not_picked":["Tactician","Dagger Throw","Storm of Steel"],"picked":"SKIP","floor":13},{"not_picked":["Phantasmal Killer","Doppelganger"],"picked":"Envenom","floor":16},{"not_picked":["Prepared+1"],"picked":"SKIP","floor":18},{"not_picked":[],"picked":"Cloak And Dagger+1","floor":21},{"not_picked":["Tactician"],"picked":"SKIP","floor":23},{"not_picked":["Dagger Throw"],"picked":"SKIP","floor":25},{"not_picked":[],"picked":"Cloak And Dagger","floor":27},{"not_picked":["Bane+1"],"picked":"SKIP","floor":28},{"not_picked":[],"picked":"Corpse Explosion","floor":29},{"not_picked":["Expertise"],"picked":"SKIP","floor":30},{"not_picked":["Acrobatics"],"picked":"SKIP","floor":31},{"not_picked":[],"picked":"Quick Slash","floor":35},{"not_picked":[],"picked":"Accuracy+1","floor":37},{"not_picked":[],"picked":"Enlightenment","floor":38},{"not_picked":[],"picked":"Riddle With Holes+1","floor":40},{"not_picked":["Dagger Spray"],"picked":"SKIP","floor":42},{"not_picked":["Tools of the Trade"],"picked":"SKIP","floor":45},{"not_picked":["Prepared+1"],"picked":"SKIP","floor":46}],"player_experience":609985,"relics_obtained":[{"floor":7,"key":"Ice Cream"},{"floor":11,"key":"Dream Catcher"},{"floor":23,"key":"Omamori"},{"floor":25,"key":"HornCleat"},{"floor":26,"key":"InkBottle"},{"floor":29,"key":"Happy Flower"},{"floor":36,"key":"Juzu Bracelet"},{"floor":40,"key":"Bronze Scales"},{"floor":42,"key":"Bag of Marbles"},{"floor":43,"key":"Bag of Preparation"},{"floor":45,"key":"Peace Pipe"}],"event_choices":[{"damage_healed":0.0,"max_hp_gain":0.0,"max_hp_loss":0.0,"gold_gain":0.0,"event_name":"Living Wall","player_choice":"Grow","floor":2.0,"gold_loss":0.0,"damage_taken":0.0,"cards_upgraded":["Blade Dance"]},{"damage_healed":0.0,"max_hp_gain":0.0,"max_hp_loss":0.0,"gold_gain":0.0,"event_name":"betterThird:BetterScrap","player_choice":"Relic ","floor":3.0,"gold_loss":0.0,"damage_taken":7.0,"cards_obtained":["Lockon"]},{"damage_healed":0.0,"max_hp_gain":0.0,"max_hp_loss":0.0,"gold_gain":0.0,"event_name":"Match and Keep!","player_choice":"4 cards matched","floor":4.0,"gold_loss":0.0,"damage_taken":0.0,"cards_obtained":["Purity","Deadly Poison","Neutralize","Wraith Form v2"]},{"damage_healed":31,"gold_gain":0,"player_choice":"Protect","damage_taken":0,"max_hp_gain":0,"max_hp_loss":70,"event_name":"betterThird:BetterShining","floor":14,"gold_loss":1},{"damage_healed":0,"gold_gain":0,"player_choice":"Became a vampire","damage_taken":0,"max_hp_gain":0,"max_hp_loss":21,"event_name":"Vampires","floor":19,"gold_loss":0,"cards_obtained":["Bite","Bite","Bite","Bite","Bite"]},{"damage_healed":0,"gold_gain":0,"player_choice":"Inject Mutagens","damage_taken":0,"relics_obtained":["MutagenicStrength"],"max_hp_gain":0,"max_hp_loss":0,"event_name":"Drug Dealer","floor":20,"gold_loss":0},{"damage_healed":0,"gold_gain":0,"player_choice":"Upgraded","damage_taken":0,"max_hp_gain":0,"max_hp_loss":0,"event_name":"Upgrade Shrine","floor":22,"gold_loss":0,"cards_upgraded":["Bite"]},{"damage_healed":0,"gold_gain":0,"player_choice":"Memory 1","damage_taken":0,"max_hp_gain":0,"max_hp_loss":0,"event_name":"SensoryStone","floor":38,"gold_loss":0},{"damage_healed":0,"gold_gain":0,"player_choice":"Embrace Madness","damage_taken":6,"max_hp_gain":0,"max_hp_loss":0,"event_name":"Winding Halls","floor":39,"gold_loss":0,"cards_obtained":["Madness","Madness"]}],"is_beta":false,"boss_relics":[{"not_picked":["Empty Cage","Ring of the Serpent"],"picked":"Busted Crown"},{"not_picked":["Runic Pyramid","Velvet Choker"],"picked":"SlaversCollar"}],"items_purged_floors":[],"is_endless":false,"potions_floor_spawned":[7,12,13,18,21,27,31,33,35,37,42,45],"killed_by":"Maw","ascension_level":2}}