{"host":"f5gffvlv6a66yqkd","time":1610988168,"event":{"mods":["2.2 Compatiblity","Alarm Clock","BaseMod","Colored Map","Custom Start","DeckTracker","Keyboard Shortcuts","Minty Spire (QoL Compilation)","Permanent Neow","Quick Restart","Relic Stats","StSLib","SuperFastMode"],"gold_per_floor":[215,215,228,3,14,14,48,48,48,60,74,149,162,179,179,254,304,315,325,344,355,372,372,372,297,320,320,111,111,127,142,142,142,142],"floor_reached":33,"language":"KOR","playtime":882,"items_purged":["Defend_G","Strike_G"],"score":506,"play_id":"086bec52-ec85-41e0-96aa-07228fd5ea24","local_time":"20210119014248","is_ascension_mode":true,"campfire_choices":[{"data":"Cloak And Dagger","floor":6.0,"key":"SMITH"},{"data":"Dagger Throw","floor":8.0,"key":"SMITH"},{"data":"Accuracy","floor":15.0,"key":"SMITH"},{"floor":23,"key":"REST"},{"data":"Blade Dance","floor":29,"key":"SMITH"},{"data":"Prepared","floor":32,"key":"SMITH"}],"circlet_count":0,"master_deck":["AscendersBane","Strike_G","Strike_G","Strike_G","Defend_G","Defend_G","Defend_G","Defend_G","Survivor","Neutralize","Dagger Throw+1","Die Die Die","Cloak And Dagger+1","Tactician","Infinite Blades","Unload+1","Accuracy+1","Grand Finale","Prepared+1","Blade Dance+1","Tactician","Deflect","PiercingWail","Blade Dance","Leg Sweep"],"relics":["Ring of the Snake","Meat on the Bone","Regal Pillow","Du-Vu Doll","Tiny House","Nunchaku"],"acts_visited":["Exordium","TheCity"],"potions_floor_usage":[21,22,33,33],"damage_taken":[{"damage":2.0,"enemies":"Jaw Worm","floor":1.0,"turns":5.0},{"damage":3.0,"enemies":"Cultist","floor":3.0,"turns":4.0},{"damage":7.0,"enemies":"Small Slimes","floor":5.0,"turns":2.0},{"damage":28.0,"enemies":"Gremlin Nob","floor":7.0,"turns":4.0},{"damage":0.0,"enemies":"3 Louse","floor":10.0,"turns":1.0},{"damage":1.0,"enemies":"Blue Slaver","floor":11.0,"turns":2.0},{"damage":0.0,"enemies":"Looter","floor":13.0,"turns":3.0},{"damage":0.0,"enemies":"Exordium Thugs","floor":14.0,"turns":2.0},{"damage":27.0,"enemies":"Slime Boss","floor":16.0,"turns":8.0},{"damage":0.0,"enemies":"Chosen","floor":18.0,"turns":3.0},{"damage":26.0,"enemies":"3 Byrds","floor":19.0,"turns":4.0},{"damage":35.0,"enemies":"Cultist and Chosen","floor":20.0,"turns":5.0},{"damage":7,"enemies":"Centurion and Healer","floor":21,"turns":6},{"damage":3,"enemies":"Snecko","floor":22,"turns":5},{"damage":18,"enemies":"Snake Plant","floor":30,"turns":3},{"damage":6,"enemies":"3 Cultists","floor":31,"turns":4},{"damage":46,"enemies":"Champ","floor":33,"turns":10}],"seed_played":"-5268717533757812379","potions_obtained":[{"floor":5.0,"key":"BlessingOfTheForge"},{"floor":7.0,"key":"SpeedPotion"},{"floor":11.0,"key":"SmokeBomb"},{"floor":13.0,"key":"Swift Potion"},{"floor":14.0,"key":"Strength Potion"},{"floor":20.0,"key":"DuplicationPotion"},{"floor":22,"key":"Dexterity Potion"}],"is_trial":false,"path_per_floor":["M","?","M","$","M","R","E","R","T","M","M","?","M","M","R","B",null,"M","M","M","M","M","R","?","?","T","?","$","R","M","M","R","B"],"character_chosen":"THE_SILENT","items_purchased":["Die Die Die","Blade Dance","ColorlessPotion"],"campfire_rested":1,"item_purchase_floors":[4,28,28],"current_hp_per_floor":[57,57,54,54,47,47,31,31,31,43,42,31,43,43,43,28,62,62,36,13,18,27,63,63,63,63,43,43,43,37,43,43,0,0],"gold":142,"neow_bonus":"HUNDRED_GOLD","is_daily":false,"chose_seed":false,"campfire_upgraded":5,"win_rate":0.0,"timestamp":1610988168,"path_taken":["M","?","M","$","M","R","E","R","T","?","M","?","M","M","R","BOSS","M","M","M","M","M","R","?","?","T","?","$","R","M","M","R","BOSS"],"items_purchased_type":["Card","Card","Potion"],"build_version":"2020-12-22","purchased_purges":2,"victory":false,"max_hp_per_floor":[66,66,66,66,66,66,66,66,66,66,66,66,66,66,66,66,71,71,71,71,71,71,71,71,71,71,76,76,76,76,76,76,76,76],"relic_stats":{"Regal Pillow":15,"Nunchaku":[7],"counters":[17,71],"obtain_stats":[{"Du-Vu Doll":9,"Regal Pillow":7,"Nunchaku":26,"Tiny House":17,"Ring of the Snake":0,"Meat on the Bone":2},{"Du-Vu Doll":4,"Regal Pillow":4,"Nunchaku":14,"Tiny House":9,"Ring of the Snake":0,"Meat on the Bone":1},{"Du-Vu Doll":15,"Regal Pillow":15,"Nunchaku":54,"Tiny House":31,"Ring of the Snake":0,"Meat on the Bone":5}],"Ring of the Snake":[34],"Meat on the Bone":108},"card_choices":[{"not_picked":["Flying Knee","All Out Attack"],"picked":"Deadly Poison","floor":1.0},{"not_picked":["Underhanded Strike","Backflip"],"picked":"Dagger Throw","floor":3.0},{"not_picked":["Acrobatics","Catalyst"],"picked":"Cloak And Dagger","floor":5.0},{"not_picked":["Dagger Throw","Outmaneuver"],"picked":"Tactician","floor":7.0},{"not_picked":["Calculated Gamble","Bane","Concentrate"],"picked":"SKIP","floor":10.0},{"not_picked":["Underhanded Strike","Quick Slash"],"picked":"Infinite Blades","floor":11.0},{"not_picked":["Infinite Blades","Expertise"],"picked":"Unload","floor":13.0},{"not_picked":["Acrobatics","PiercingWail"],"picked":"Accuracy","floor":14.0},{"not_picked":["Bullet Time","Grand Finale"],"picked":"Corpse Explosion","floor":16.0},{"not_picked":["Underhanded Strike","Quick Slash"],"picked":"Prepared","floor":17.0},{"not_picked":["Outmaneuver","Skewer"],"picked":"Blade Dance","floor":18.0},{"not_picked":["Bane","Underhanded Strike+1"],"picked":"Tactician","floor":19.0},{"not_picked":["Dagger Throw+1","Outmaneuver"],"picked":"Deflect","floor":20.0},{"not_picked":["Outmaneuver+1","Bullet Time","Heel Hook"],"picked":"SKIP","floor":21},{"not_picked":["Concentrate","Predator"],"picked":"PiercingWail","floor":22},{"not_picked":["Concentrate","Distraction","Quick Slash"],"picked":"SKIP","floor":30},{"not_picked":["Choke","Dodge and Roll"],"picked":"Leg Sweep","floor":31}],"player_experience":1591312,"relics_obtained":[{"floor":7.0,"key":"Regal Pillow"},{"floor":9.0,"key":"Du-Vu Doll"},{"floor":26,"key":"Nunchaku"}],"event_choices":[{"cards_removed":["Deadly Poison"],"damage_healed":0.0,"max_hp_gain":0.0,"max_hp_loss":0.0,"gold_gain":0.0,"event_name":"WeMeetAgain","player_choice":"Gave Card","floor":2.0,"gold_loss":0.0,"damage_taken":0.0,"relics_obtained":["Meat on the Bone"]},{"damage_healed":0.0,"max_hp_gain":0.0,"max_hp_loss":0.0,"gold_gain":75.0,"event_name":"World of Goop","player_choice":"Gather Gold","floor":12.0,"gold_loss":0.0,"damage_taken":11.0},{"damage_healed":0,"gold_gain":0,"player_choice":"Ignored","damage_taken":0,"max_hp_gain":0,"max_hp_loss":0,"event_name":"Cursed Tome","floor":24,"gold_loss":0},{"cards_removed":["Strike_G"],"damage_healed":0,"gold_gain":0,"player_choice":"Gave Gold","damage_taken":0,"max_hp_gain":0,"max_hp_loss":0,"event_name":"Beggar","floor":25,"gold_loss":75},{"damage_healed":0,"gold_gain":0,"player_choice":"Shed Blood","damage_taken":25,"max_hp_gain":5,"max_hp_loss":0,"event_name":"Forgotten Altar","floor":27,"gold_loss":0}],"is_beta":false,"boss_relics":[{"not_picked":["Ectoplasm","Ring of the Serpent"],"picked":"Tiny House"}],"items_purged_floors":[4,28],"is_endless":false,"potions_floor_spawned":[5,7,11,13,14,19,20,22,30],"killed_by":"Champ","ascension_level":20}}