{"host":"wogey4gsknv4ot2d","time":1610938738,"event":{"mods":["2.2 Compatiblity","AchievementEnabler","BaseMod","Bestiary","Better Third Choice","Colored Map","Colored Powertips","Googly Eyes","Key Reminder","Minty Spire (QoL Compilation)","Permanent Neow","Rare Cards Sparkle","Relic Stats","StSLib"],"gold_per_floor":[115,115,115,131,151,183,183,258,306,306,323,356,356,372,372,472,472,487,487,97,108,108,108,108],"floor_reached":23,"language":"ENG","playtime":731,"items_purged":[],"score":209,"play_id":"6123f279-921f-4fed-bca5-3ed3814c60d8","local_time":"20210117205858","is_ascension_mode":true,"campfire_choices":[{"floor":7,"key":"REST"},{"floor":10,"key":"REST"},{"floor":13,"key":"REST"},{"floor":15,"key":"REST"}],"circlet_count":0,"master_deck":["Strike_B","Strike_B","Strike_B","Strike_B","Defend_B","Defend_B","Defend_B","Defend_B","Zap","Dualcast","Force Field","Static Discharge","Chill+1","Coolheaded+1","Skim","Redo","Go for the Eyes","All For One","Cold Snap","Tempest+1"],"relics":["Cracked Core","Tiny Chest","War Paint","Nuclear Battery","Torii","Oddly Smooth Stone","Question Card","Nloth\u0027s Gift"],"acts_visited":["Exordium","TheCity"],"potions_floor_usage":[6,23],"damage_taken":[{"damage":1,"enemies":"2 Louse","floor":1,"turns":3},{"damage":7,"enemies":"Small Slimes","floor":4,"turns":5},{"damage":4,"enemies":"Cultist","floor":5,"turns":4},{"damage":52,"enemies":"Gremlin Nob","floor":6,"turns":5},{"damage":5,"enemies":"2 Fungi Beasts","floor":11,"turns":4},{"damage":26,"enemies":"Lagavulin","floor":12,"turns":8},{"damage":25,"enemies":"Gremlin Gang","floor":14,"turns":7},{"damage":62,"enemies":"Slime Boss","floor":16,"turns":13},{"damage":49,"enemies":"3 Byrds","floor":18,"turns":6},{"damage":15,"enemies":"Spheric Guardian","floor":21,"turns":4},{"damage":23,"enemies":"Book of Stabbing","floor":23,"turns":4}],"seed_played":"8194903005067085024","potions_obtained":[{"floor":5,"key":"SneckoOil"},{"floor":16,"key":"PotionOfCapacity"},{"floor":18,"key":"SkillPotion"}],"is_trial":false,"path_per_floor":["M","?","?","M","M","E","R","?","T","R","M","E","R","M","R","B",null,"M","T","$","M","?","E"],"character_chosen":"DEFECT","items_purchased":["Oddly Smooth Stone","Question Card"],"campfire_rested":4,"item_purchase_floors":[20,20],"current_hp_per_floor":[81,81,86,79,75,23,49,41,41,67,62,36,62,37,63,1,87,38,38,38,23,23,0,0],"gold":108,"neow_bonus":"TEN_PERCENT_HP_BONUS","is_daily":false,"chose_seed":false,"campfire_upgraded":0,"win_rate":0.0,"timestamp":1610938738,"path_taken":["M","?","?","M","M","E","R","?","T","R","M","E","R","M","R","BOSS","M","?","$","M","?","E"],"items_purchased_type":["Relic","Relic"],"build_version":"2020-12-22","purchased_purges":0,"victory":false,"max_hp_per_floor":[82,82,87,87,87,87,87,87,87,87,87,87,87,87,87,87,87,87,87,87,87,87,87,87],"relic_stats":{"Torii":4,"counters":[11,63],"Tiny Chest":0,"Nloth\u0027s Gift":0,"War Paint":["Chill","Coolheaded"],"Question Card":1,"obtain_stats":[{"Peace Pipe":12,"Torii":19,"Oddly Smooth Stone":20,"Tiny Chest":6,"Nloth\u0027s Gift":22,"War Paint":9,"Cracked Core":0,"Question Card":20,"Nuclear Battery":17},{"Peace Pipe":6,"Torii":9,"Oddly Smooth Stone":9,"Tiny Chest":4,"Nloth\u0027s Gift":10,"War Paint":4,"Cracked Core":0,"Question Card":9,"Nuclear Battery":8},{"Peace Pipe":29,"Torii":55,"Oddly Smooth Stone":55,"Tiny Chest":17,"Nloth\u0027s Gift":59,"War Paint":17,"Cracked Core":0,"Question Card":55,"Nuclear Battery":49}]},"card_choices":[{"not_picked":["Steam","Redo"],"picked":"Force Field","floor":1},{"not_picked":["Rebound","Turbo"],"picked":"Static Discharge","floor":4},{"not_picked":["Blizzard","Turbo"],"picked":"Chill","floor":5},{"not_picked":["Steam","Meteor Strike"],"picked":"Coolheaded","floor":6},{"not_picked":["Hologram","Coolheaded"],"picked":"Skim","floor":11},{"not_picked":["Capacitor","Ball Lightning"],"picked":"Redo","floor":12},{"not_picked":["Glacier","Hello World"],"picked":"Go for the Eyes","floor":14},{"not_picked":["Biased Cognition","Rainbow"],"picked":"All For One","floor":16},{"not_picked":["Hologram","FTL"],"picked":"Cold Snap","floor":18},{"not_picked":["White Noise","Lockon","Stack"],"picked":"Tempest+1","floor":21}],"player_experience":51462,"relics_obtained":[{"floor":6,"key":"Tiny Chest"},{"floor":9,"key":"War Paint"},{"floor":12,"key":"Peace Pipe"},{"floor":19,"key":"Torii"}],"event_choices":[{"damage_healed":0,"gold_gain":0,"player_choice":"Ignored","damage_taken":115,"max_hp_gain":0,"max_hp_loss":0,"event_name":"betterThird:BetterSerpent","floor":2,"gold_loss":0},{"damage_healed":0,"gold_gain":0,"player_choice":"Donut","damage_taken":0,"max_hp_gain":5,"max_hp_loss":0,"event_name":"Big Fish","floor":3,"gold_loss":0},{"damage_healed":0,"gold_gain":75,"player_choice":"Touch","damage_taken":8,"max_hp_gain":0,"max_hp_loss":0,"event_name":"FaceTrader","floor":8,"gold_loss":0},{"damage_healed":0,"gold_gain":0,"player_choice":"Traded Relic","damage_taken":0,"relics_obtained":["Nloth\u0027s Gift"],"max_hp_gain":0,"max_hp_loss":0,"event_name":"N\u0027loth","floor":22,"relics_lost":["Peace Pipe"],"gold_loss":0}],"is_beta":false,"boss_relics":[{"not_picked":["Busted Crown","Coffee Dripper"],"picked":"Nuclear Battery"}],"items_purged_floors":[],"is_endless":false,"potions_floor_spawned":[4,5,11,16,18],"killed_by":"Book of Stabbing","ascension_level":1}}