{"host":"2se5dq1do2gp0x9k","time":1610948127,"event":{"mods":["AchievementEnabler","BaseMod","Block Reminder","Colored Map","Colored Powertips","Minty Spire (QoL Compilation)","Relic Stats","StSLib","SuperFastMode"],"gold_per_floor":[317,334,347,361,381,381,410,430,457,471,489,521,521,521,521,521,521],"floor_reached":16,"language":"ENG","playtime":435,"items_purged":[],"score":232,"play_id":"975a1f65-0432-4887-adbf-aa0ea32fc77d","local_time":"20210117213527","is_ascension_mode":true,"campfire_choices":[{"floor":6,"key":"REST"},{"data":"Chaos","floor":15,"key":"SMITH"}],"circlet_count":0,"master_deck":["AscendersBane","Strike_B","Strike_B","Strike_B","Strike_B","Defend_B","Defend_B","Defend_B","Defend_B","Zap","Dualcast","Chaos+1","Ball Lightning","Biased Cognition","Loop","Coolheaded","Cold Snap","Chaos+1","Doom and Gloom","Coolheaded","Creative AI"],"relics":["Cracked Core","Old Coin","TungstenRod","MealTicket","Omamori"],"acts_visited":["Exordium"],"potions_floor_usage":[5,10],"damage_taken":[{"damage":1,"enemies":"Cultist","floor":1,"turns":3},{"damage":10,"enemies":"2 Louse","floor":2,"turns":4},{"damage":2,"enemies":"Jaw Worm","floor":3,"turns":3},{"damage":26,"enemies":"Large Slime","floor":4,"turns":4},{"damage":14,"enemies":"Exordium Wildlife","floor":5,"turns":5},{"damage":25,"enemies":"Lagavulin","floor":7,"turns":7},{"damage":3,"enemies":"Looter","floor":8,"turns":3},{"damage":0,"enemies":"Large Slime","floor":10,"turns":4},{"damage":4,"enemies":"2 Fungi Beasts","floor":11,"turns":4},{"damage":5,"enemies":"Gremlin Nob","floor":12,"turns":3},{"damage":34,"enemies":"Slime Boss","floor":16,"turns":3}],"seed_played":"-6565394895334796241","potions_obtained":[{"floor":1,"key":"ColorlessPotion"},{"floor":3,"key":"Dexterity Potion"},{"floor":4,"key":"FairyPotion"},{"floor":5,"key":"SteroidPotion"},{"floor":8,"key":"DistilledChaos"}],"is_trial":false,"path_per_floor":["M","M","M","M","M","R","E","M","T","M","M","E","?","?","R","B"],"character_chosen":"DEFECT","items_purchased":[],"campfire_rested":1,"item_purchase_floors":[],"current_hp_per_floor":[63,53,51,25,11,32,7,4,4,4,21,16,16,16,16,0,0],"gold":521,"neow_bonus":"ONE_RARE_RELIC","is_daily":false,"chose_seed":false,"campfire_upgraded":1,"win_rate":0.0,"timestamp":1610948127,"path_taken":["M","M","?","?","M","R","E","M","T","M","M","E","?","?","R","BOSS"],"items_purchased_type":[],"build_version":"2020-12-22","purchased_purges":0,"victory":false,"max_hp_per_floor":[71,71,71,71,71,71,71,71,71,71,71,71,71,71,71,71,71],"relic_stats":{"counters":[11,43],"MealTicket":0,"obtain_stats":[{"MealTicket":9,"Omamori":12,"Cracked Core":0,"TungstenRod":7,"Old Coin":0},{"MealTicket":7,"Omamori":10,"Cracked Core":0,"TungstenRod":6,"Old Coin":0},{"MealTicket":29,"Omamori":40,"Cracked Core":0,"TungstenRod":26,"Old Coin":0}],"TungstenRod":4},"card_choices":[{"not_picked":["Gash","Redo"],"picked":"Chaos","floor":1},{"not_picked":["Go for the Eyes","Gash"],"picked":"Ball Lightning","floor":2},{"not_picked":["Hologram","Fusion"],"picked":"Biased Cognition","floor":3},{"not_picked":["Beam Cell","Melter"],"picked":"Loop","floor":4},{"not_picked":["Compile Driver","Go for the Eyes"],"picked":"Coolheaded","floor":5},{"not_picked":["Reinforced Body","Doom and Gloom"],"picked":"Cold Snap","floor":7},{"not_picked":["Go for the Eyes","Coolheaded"],"picked":"Chaos","floor":8},{"not_picked":["Hello World","Defragment"],"picked":"Doom and Gloom","floor":10},{"not_picked":["Redo","Barrage"],"picked":"Coolheaded","floor":11},{"not_picked":["Rebound","Cold Snap"],"picked":"Creative AI","floor":12}],"player_experience":3913284,"relics_obtained":[{"floor":7,"key":"TungstenRod"},{"floor":9,"key":"MealTicket"},{"floor":12,"key":"Omamori"}],"event_choices":[{"damage_healed":0,"gold_gain":0,"player_choice":"Ignored","damage_taken":0,"max_hp_gain":0,"max_hp_loss":0,"event_name":"Shining Light","floor":13,"gold_loss":0},{"damage_healed":0,"gold_gain":0,"player_choice":"Grow","damage_taken":0,"max_hp_gain":0,"max_hp_loss":0,"event_name":"Living Wall","floor":14,"gold_loss":0,"cards_upgraded":["Chaos"]}],"is_beta":false,"boss_relics":[],"items_purged_floors":[],"is_endless":false,"potions_floor_spawned":[1,3,4,5,8],"killed_by":"Slime Boss","ascension_level":20}}