{"host":"Lingo","time":1610938076,"event":{"mods":["BaseMod","Bestiary","Better Third Choice","BetterRewards","Evolution","Hermit","Minty Spire (QoL Compilation)","Relic Stats","StSLib"],"gold_per_floor":[118,137,157,157,173,173,173,201,201,201,18,18,29,75,75,75,75],"floor_reached":16,"language":"ENG","playtime":1189,"items_purged":["hermit:Strike_Hermit"],"score":102,"play_id":"15ae38f6-f44a-4cf5-8b9e-e10e693d16f7","local_time":"20210117184756","is_ascension_mode":false,"campfire_choices":[{"data":"hermit:Roulette","floor":6,"key":"SMITH"},{"data":"hermit:DeadOrAlive","floor":10,"key":"SMITH"},{"data":"hermit:Covet","floor":12,"key":"SMITH"},{"data":"hermit:TakeAim","floor":15,"key":"SMITH"}],"circlet_count":0,"master_deck":["hermit:Desperado","hermit:Strike_Hermit","hermit:Strike_Hermit","hermit:Defend_Hermit","hermit:Defend_Hermit","hermit:Defend_Hermit","hermit:Defend_Hermit","hermit:Snapshot","hermit:Covet+1","hermit:Roulette+1","hermit:HoleUp","hermit:DeadOrAlive+1","hermit:DeadOrAlive+1","hermit:Dive","hermit:TakeAim+1"],"relics":["hermit:Momento","EVO:Axolotl","Ancient Tea Set","The Courier","DollysMirror"],"acts_visited":["Exordium"],"potions_floor_usage":[5,8,8,14,16],"damage_taken":[{"damage":2,"enemies":"Jaw Worm","floor":1,"turns":5},{"damage":0,"enemies":"2 Louse","floor":2,"turns":1},{"damage":8,"enemies":"Small Slimes","floor":3,"turns":2},{"damage":13,"enemies":"Exordium Thugs","floor":5,"turns":3},{"damage":14,"enemies":"Gremlin Nob","floor":8,"turns":3},{"damage":0,"enemies":"3 Louse","floor":13,"turns":1},{"damage":0,"enemies":"Gremlin Gang","floor":14,"turns":3},{"damage":71,"enemies":"Hexaghost","floor":16,"turns":14}],"seed_played":"1815996875727811553","potions_obtained":[{"floor":2,"key":"Swift Potion"},{"floor":5,"key":"EntropicBrew"},{"floor":8,"key":"Swift Potion"},{"floor":14,"key":"DistilledChaos"}],"is_trial":false,"path_per_floor":["M","M","M","?","M","R","?","E","T","R","$","R","M","M","R","B"],"character_chosen":"HERMIT","items_purchased":["DollysMirror"],"campfire_rested":0,"item_purchase_floors":[11],"current_hp_per_floor":[80,80,72,72,59,59,82,68,68,68,68,68,68,68,68,0,0],"gold":75,"neow_bonus":"TEN_PERCENT_HP_BONUS","is_daily":false,"chose_seed":false,"campfire_upgraded":4,"win_rate":0.0,"timestamp":1610938076,"path_taken":["M","M","M","?","M","R","?","E","T","R","$","R","M","M","R","BOSS"],"items_purchased_type":["Relic"],"build_version":"2020-12-18","purchased_purges":1,"victory":false,"max_hp_per_floor":[82,82,82,82,82,82,82,82,82,82,82,82,82,82,82,82,82],"relic_stats":{"counters":[18,72],"obtain_stats":[{"Potion Belt":7,"Blood Vial":9,"DollysMirror":11,"The Courier":9,"EVO:Axolotl":0,"Odd Mushroom":8,"Ancient Tea Set":8,"hermit:Momento":0},{"Potion Belt":5,"Blood Vial":6,"DollysMirror":15,"The Courier":15,"EVO:Axolotl":0,"Odd Mushroom":6,"Ancient Tea Set":15,"hermit:Momento":0},{"Potion Belt":17,"Blood Vial":20,"DollysMirror":54,"The Courier":54,"EVO:Axolotl":0,"Odd Mushroom":20,"Ancient Tea Set":54,"hermit:Momento":0}]},"card_choices":[{"not_picked":["hermit:ItchyTrigger","hermit:HoleUp"],"picked":"hermit:Roulette","floor":1},{"not_picked":["hermit:Snipe","hermit:HighCaliber"],"picked":"hermit:HoleUp","floor":2},{"not_picked":["hermit:HighCaliber","hermit:TrackingShot","hermit:Roulette"],"picked":"SKIP","floor":3},{"not_picked":["hermit:Coalescence","hermit:Feint","hermit:BigShot"],"picked":"SKIP","floor":5},{"not_picked":["hermit:Desperado","hermit:SprayPray"],"picked":"hermit:DeadOrAlive","floor":8},{"not_picked":["hermit:SprayPray","hermit:Midnight"],"picked":"hermit:Dive","floor":13},{"not_picked":["hermit:Coalescence","hermit:Combo"],"picked":"hermit:TakeAim","floor":14}],"player_experience":623153,"relics_obtained":[{"floor":8,"key":"Ancient Tea Set"},{"floor":9,"key":"The Courier"}],"event_choices":[{"damage_healed":72,"gold_gain":0,"player_choice":"Leave","damage_taken":0,"max_hp_gain":0,"max_hp_loss":82,"event_name":"betterThird:BetterShining","floor":4,"gold_loss":0},{"damage_healed":27,"gold_gain":0,"player_choice":"Banana","damage_taken":0,"max_hp_gain":0,"max_hp_loss":0,"event_name":"Big Fish","floor":7,"gold_loss":0}],"is_beta":true,"boss_relics":[],"items_purged_floors":[11],"is_endless":false,"potions_floor_spawned":[2,5,8,14],"killed_by":"Hexaghost","ascension_level":0}}