{"host":"4bbalj7r5kimsnho","time":1610995510,"event":{"mods":["AchievementEnabler","BaseMod","Colored Powertips","Hermit","Minty Spire (QoL Compilation)","StSLib"],"gold_per_floor":[117,117,129,140,157,177,187,187,212,224,251,274,320,345,357,469,481,509,796,825,857,879,891,891],"floor_reached":23,"language":"ENG","playtime":3890,"items_purged":[],"score":251,"play_id":"9113d423-eb74-4b72-ba6a-33bc583a6974","local_time":"20210118184510","is_ascension_mode":false,"campfire_choices":[{"data":"hermit:Ricochet","floor":10,"key":"SMITH"},{"data":"hermit:FullyLoaded","floor":15,"key":"SMITH"}],"circlet_count":0,"master_deck":["hermit:Strike_Hermit","hermit:Strike_Hermit","hermit:Strike_Hermit","hermit:Strike_Hermit","hermit:Defend_Hermit","hermit:Defend_Hermit","hermit:Defend_Hermit","hermit:Snapshot","hermit:Covet","hermit:PistolWhip","hermit:Ricochet+1","hermit:Quickdraw","hermit:Ricochet","hermit:LuckOfTheDraw","hermit:Determination","hermit:TakeCover","hermit:FullyLoaded+1","hermit:Dissolve","Regret","hermit:Malice+1"],"relics":["hermit:Momento","NeowsBlessing","MawBank","PreservedInsect","Busted Crown"],"acts_visited":["Exordium","TheCity"],"potions_floor_usage":[16],"damage_taken":[{"damage":0,"enemies":"Jaw Worm","floor":1,"turns":1},{"damage":0,"enemies":"2 Louse","floor":3,"turns":1},{"damage":0,"enemies":"Cultist","floor":4,"turns":1},{"damage":2,"enemies":"Blue Slaver","floor":5,"turns":3},{"damage":4,"enemies":"Exordium Thugs","floor":6,"turns":3},{"damage":0,"enemies":"2 Fungi Beasts","floor":7,"turns":2},{"damage":0,"enemies":"Blue Slaver","floor":11,"turns":2},{"damage":11,"enemies":"Large Slime","floor":12,"turns":6},{"damage":26,"enemies":"Lagavulin","floor":13,"turns":6},{"damage":7,"enemies":"Looter","floor":14,"turns":2},{"damage":0,"enemies":"Slime Boss","floor":16,"turns":7},{"damage":1,"enemies":"Chosen","floor":18,"turns":4},{"damage":9,"enemies":"Shell Parasite","floor":20,"turns":6},{"damage":5,"enemies":"Snecko","floor":21,"turns":4},{"damage":34,"enemies":"Cultist and Chosen","floor":22,"turns":8},{"damage":29,"enemies":"Gremlin Leader","floor":23,"turns":5}],"seed_played":"5680773629131036778","potions_obtained":[{"floor":1,"key":"ColorlessPotion"},{"floor":5,"key":"SpeedPotion"},{"floor":6,"key":"SmokeBomb"},{"floor":18,"key":"ColorlessPotion"}],"is_trial":false,"path_per_floor":["M","?","M","M","M","M","M","?","T","R","M","M","E","M","R","B",null,"M","?","M","M","M","E"],"character_chosen":"HERMIT","items_purchased":[],"campfire_rested":0,"item_purchase_floors":[],"current_hp_per_floor":[75,68,68,68,66,62,62,62,62,62,62,51,25,18,18,18,75,74,74,65,60,26,0,0],"gold":891,"neow_bonus":"THREE_ENEMY_KILL","is_daily":false,"chose_seed":false,"campfire_upgraded":2,"win_rate":0.0,"timestamp":1610995510,"path_taken":["M","?","M","M","M","M","M","?","T","R","?","M","E","M","R","BOSS","M","?","M","?","M","E"],"items_purchased_type":[],"build_version":"2020-12-22","purchased_purges":0,"victory":false,"max_hp_per_floor":[75,75,75,75,75,75,75,75,75,75,75,75,75,75,75,75,75,75,75,75,75,75,75,75],"card_choices":[{"not_picked":["hermit:CalledShot","hermit:Manifest"],"picked":"hermit:PistolWhip","floor":1},{"not_picked":["hermit:TakeAim","hermit:Coalescence"],"picked":"hermit:Ricochet","floor":3},{"not_picked":["hermit:Misfire","hermit:CalledShot"],"picked":"hermit:Quickdraw","floor":4},{"not_picked":["hermit:Brawl","hermit:Misfire"],"picked":"hermit:Ricochet","floor":5},{"not_picked":["hermit:EyeOfTheStorm","hermit:ItchyTrigger"],"picked":"hermit:LuckOfTheDraw","floor":6},{"not_picked":["hermit:WideOpen","hermit:CalledShot","hermit:Quickdraw"],"picked":"SKIP","floor":7},{"not_picked":["hermit:Cheat","hermit:Reprieve"],"picked":"hermit:Determination","floor":11},{"not_picked":["hermit:Snipe","hermit:HighCaliber"],"picked":"hermit:TakeCover","floor":12},{"not_picked":["hermit:Cheat","hermit:Quickdraw","hermit:WideOpen"],"picked":"SKIP","floor":13},{"not_picked":["hermit:WideOpen","hermit:BodyArmor"],"picked":"hermit:FullyLoaded","floor":14},{"not_picked":["hermit:Purgatory","hermit:Adapt"],"picked":"hermit:Dissolve","floor":16},{"not_picked":["hermit:CalledShot"],"picked":"SKIP","floor":18},{"not_picked":["hermit:LowProfile+1"],"picked":"SKIP","floor":20},{"not_picked":[],"picked":"hermit:Malice+1","floor":21},{"not_picked":["hermit:Headshot"],"picked":"SKIP","floor":22}],"player_experience":83489,"relics_obtained":[{"floor":9,"key":"MawBank"},{"floor":13,"key":"PreservedInsect"}],"event_choices":[{"cards_removed":["hermit:Defend_Hermit"],"damage_healed":0,"gold_gain":0,"player_choice":"Card Removal","damage_taken":7,"max_hp_gain":0,"max_hp_loss":0,"event_name":"Golden Wing","floor":2,"gold_loss":0},{"damage_healed":0,"gold_gain":0,"player_choice":"Ignored","damage_taken":0,"max_hp_gain":0,"max_hp_loss":0,"event_name":"NoteForYourself","floor":8,"gold_loss":0},{"damage_healed":0,"gold_gain":275,"player_choice":"Desecrate","damage_taken":0,"max_hp_gain":0,"max_hp_loss":0,"event_name":"Golden Shrine","floor":19,"gold_loss":0,"cards_obtained":["Regret"]}],"is_beta":false,"boss_relics":[{"not_picked":["Sozu","Philosopher\u0027s Stone"],"picked":"Busted Crown"}],"items_purged_floors":[],"is_endless":false,"potions_floor_spawned":[1,5,6,7,13,18,21],"killed_by":"Gremlin Leader","ascension_level":0}}