{"host":"j9l1rwahbyzerpwa","time":1610968178,"event":{"mods":["100% Spire Juice","ATMod(°¢èªMod)","Arknights The Spire","BaseMod","Downfall","Energized Spire","KomeijiMod","Minty Spire (QoL Compilation)","MostiFishMod","Relic Stats","Spicy Shops","StSLib","The Dragon Tamer","The Marked","[IsaacMod]ÒÔÈö¼âËþ","¡¾ÒÅÎï¿¨ÅÆ¡¿REMEMod"],"gold_per_floor":[51,51,51,70,70,70,98,33,101,101,117,42,55,65,65,162,162,181,181,181,193,213,245,264,363,363,363,129,229,229,241,241,343,343,360,113,113,113,113,113],"floor_reached":39,"language":"ZHS","playtime":2070,"items_purged":["Doubt","Moonworks:Defend"],"score":572,"play_id":"8e2e9f91-a41b-4268-8b63-7dc574e25a23","local_time":"20210118190938","is_ascension_mode":false,"campfire_choices":[{"data":"Moonworks:NicePresent","floor":6,"key":"SMITH"},{"data":"Moonworks:TreasureThief","floor":15,"key":"SMITH"},{"data":"1","floor":30,"key":"LIFT"},{"data":"2","floor":32,"key":"LIFT"}],"circlet_count":0,"master_deck":["Moonworks:Strike","Moonworks:Strike","Moonworks:Strike","Moonworks:Strike","Moonworks:Defend","Moonworks:Defend","Moonworks:Defend","Moonworks:Ambush","Moonworks:LongDistanceShot","AT_ShadowStep","Moonworks:NicePresent+1","Moonworks:BigMagnum","Moonworks:Encore","Moonworks:TreasureThief+1","Moonworks:AnotherUltimateWeapon","Moonworks:ExtendedPhotonRifle","Moonworks:NicePresent","Moonworks:ForcedRevival","Moonworks:Gamble","Moonworks:SakisCookie+1","Moonworks:Blazing","Moonworks:Dash+1","Moonworks:Gamble"],"relics":["Moonworks:BrokenBomb","Moonworks:Homemark","HushsDoor","AT_ATBox","DaveBox","REME_ComplimentaryCards","BookofShadows","Old Coin","NeowsBlessing","SynthV:TestCard","Regal Pillow","BlankCard","DeathBook","Sozu","Strawberry","EdensBlessing","Lee\u0027s Waffle","Girya","Bottled Flame","Runic Pyramid","AT_BellDemon"],"acts_visited":["Exordium","TheCity","TheBeyond"],"potions_floor_usage":[16,24],"damage_taken":[{"damage":0,"enemies":"Jaw Worm","floor":1,"turns":3},{"damage":0,"enemies":"Small Slimes","floor":4,"turns":1},{"damage":0,"enemies":"Lagavulin","floor":7,"turns":1},{"damage":0,"enemies":"Cultist","floor":11,"turns":3},{"damage":0,"enemies":"2 Fungi Beasts","floor":13,"turns":3},{"damage":7,"enemies":"Large Slime","floor":14,"turns":8},{"damage":5,"enemies":"Slime Boss","floor":16,"turns":2},{"damage":8,"enemies":"Spheric Guardian","floor":18,"turns":3},{"damage":5,"enemies":"Shell Parasite","floor":21,"turns":4},{"damage":9,"enemies":"3 Cultists","floor":22,"turns":4},{"damage":19,"enemies":"Slavers","floor":23,"turns":4},{"damage":0,"enemies":"Chosen and Byrds","floor":24,"turns":3},{"damage":0,"enemies":"Colosseum Slavers","floor":29,"turns":2},{"damage":18,"enemies":"Colosseum Nobs","floor":29,"turns":4},{"damage":5,"enemies":"Centurion and Healer","floor":31,"turns":2},{"damage":0,"enemies":"Champ","floor":33,"turns":1},{"damage":0,"enemies":"3 Darklings","floor":35,"turns":4},{"damage":999,"enemies":"Orb Walker","floor":39,"turns":1}],"seed_played":"2469246745579193244","potions_obtained":[{"floor":1,"key":"Weak Potion"},{"floor":7,"key":"SteroidPotion"},{"floor":13,"key":"Explosive Potion"}],"is_trial":false,"path_per_floor":["M","?","?","M","?","R","E","?","T","T","M","$","M","M","R","B",null,"M","?","$","M","M","E","M","?","T","?","$","?","R","M","R","B",null,"M","$","?","?","M"],"character_chosen":"THE_STARBREAKER","items_purchased":["Moonworks:Gamble","Lee\u0027s Waffle","AT_BellDemon"],"campfire_rested":0,"item_purchase_floors":[28,28,36],"current_hp_per_floor":[60,53,53,53,53,53,53,53,53,53,53,53,53,46,46,41,60,52,52,52,47,38,26,26,26,26,26,74,56,56,59,59,62,74,74,74,74,74,0,0],"gold":113,"neow_bonus":"THREE_ENEMY_KILL","is_daily":false,"chose_seed":false,"campfire_upgraded":2,"win_rate":0.0,"timestamp":1610968178,"path_taken":["M","?","?","M","?","R","E","?","T","?","M","$","?","M","R","BOSS","M","?","$","?","M","E","M","?","T","?","$","?","R","M","R","BOSS","M","$","?","?","M"],"items_purchased_type":["Card","Relic","Relic"],"build_version":"2020-12-22","purchased_purges":2,"victory":false,"max_hp_per_floor":[60,60,60,60,60,60,60,60,60,60,60,60,60,60,60,60,60,60,60,60,60,60,67,67,67,67,67,74,74,74,74,74,74,74,74,74,74,74,74,74],"relic_stats":{"Sozu":5,"Regal Pillow":0,"Lee\u0027s Waffle":48,"counters":[18,53],"obtain_stats":[{"KeepersGift":0,"AT_BellDemon":36,"Girya":29,"BookofShadows":0,"Regal Pillow":2,"Lee\u0027s Waffle":28,"AT_ATBox":0,"DaveBox":0,"NeowsBlessing":0,"Old Coin":0,"Sozu":17,"DeathBook":10,"Bottled Flame":29,"SynthV:TestCard":1,"Moonworks:Homemark":0,"Strawberry":23,"BlankCard":7,"EdensBlessing":26,"HushsDoor":0,"Moonworks:BrokenBomb":0,"REME_ComplimentaryCards":0,"Runic Pyramid":34},{"KeepersGift":0,"AT_BellDemon":17,"Girya":14,"BookofShadows":0,"Regal Pillow":1,"Lee\u0027s Waffle":12,"AT_ATBox":0,"DaveBox":0,"NeowsBlessing":0,"Old Coin":0,"Sozu":7,"DeathBook":3,"Bottled Flame":14,"SynthV:TestCard":1,"Moonworks:Homemark":0,"Strawberry":11,"BlankCard":3,"EdensBlessing":12,"HushsDoor":0,"Moonworks:BrokenBomb":0,"REME_ComplimentaryCards":0,"Runic Pyramid":16},{"KeepersGift":0,"AT_BellDemon":52,"Girya":45,"BookofShadows":0,"Regal Pillow":3,"Lee\u0027s Waffle":39,"AT_ATBox":0,"DaveBox":0,"NeowsBlessing":0,"Old Coin":0,"Sozu":21,"DeathBook":5,"Bottled Flame":45,"SynthV:TestCard":3,"Moonworks:Homemark":0,"Strawberry":36,"BlankCard":5,"EdensBlessing":39,"HushsDoor":0,"Moonworks:BrokenBomb":0,"REME_ComplimentaryCards":0,"Runic Pyramid":48}]},"card_choices":[{"not_picked":["Moonworks:ForcedRevival","Moonworks:ImOnFire","Moonworks:MiracleWalker"],"picked":"SKIP","floor":1},{"not_picked":["Moonworks:UnpaidWork","Moonworks:EvilSpyWorkPreparation","Moonworks:ForcedRevival","Moonworks:BigMagnum"],"picked":"Moonworks:NicePresent","floor":4},{"not_picked":["Moonworks:EvilSpyWorkPreparation","Moonworks:AwakeningOfTalent","Moonworks:x16BigRocket","Bomb"],"picked":"Moonworks:BigMagnum","floor":7},{"not_picked":["Moonworks:CloudOfSeagulls","Moonworks:MiracleWalker","Moonworks:BigBangBell","Moonworks:ImOnFire","Moonworks:LulusLuckyEgg"],"picked":"SKIP","floor":11},{"not_picked":["Moonworks:ImOnFire","Bomb","Moonworks:CastOff","Moonworks:Dash"],"picked":"Moonworks:Encore","floor":13},{"not_picked":["Moonworks:NicePresent","Moonworks:CloudOfSeagulls","Moonworks:BigMagnum","Moonworks:Assault"],"picked":"Moonworks:TreasureThief","floor":14},{"not_picked":["Moonworks:EvilMastermind","Moonworks:OutOfAmmo","Moonworks:StarBlastingFuse","Moonworks:AccelHyper"],"picked":"Moonworks:AnotherUltimateWeapon","floor":16},{"not_picked":["Moonworks:Assault","Moonworks:CastOff+1","Moonworks:MiracleWalker","Moonworks:IndiscriminateFireSupport"],"picked":"Moonworks:NicePresent","floor":18},{"not_picked":["Moonworks:IndiscriminateFireSupport","Moonworks:Bloodlust","Moonworks:ImOnFire","Moonworks:SakisCookie","Moonworks:CloudOfSeagulls+1"],"picked":"SKIP","floor":21},{"not_picked":["Moonworks:ImmovableObject","Moonworks:WindyEnchantment","Moonworks:Assault","Moonworks:Bloodlust+1","Moonworks:IndiscriminateFireSupport+1"],"picked":"SKIP","floor":22},{"not_picked":["Moonworks:Bloodlust","Moonworks:Wanted","Moonworks:WindyEnchantment","Moonworks:BigMagnum"],"picked":"Moonworks:ForcedRevival","floor":23},{"not_picked":["Moonworks:AngelHand","Moonworks:IndiscriminateFireSupport","Moonworks:LulusLuckyEgg","Moonworks:Assault+1","Moonworks:SelfDestruct+1"],"picked":"SKIP","floor":24},{"not_picked":["Moonworks:SweetBattle+1","Moonworks:IntelligenceOfficer","Moonworks:IndiscriminateFireSupport+1","Moonworks:CloudOfSeagulls+1"],"picked":"Moonworks:SakisCookie+1","floor":29},{"not_picked":["Moonworks:RedAndBlue+1","Moonworks:NicePresent","Moonworks:AngelHand","Moonworks:JonathanRush","Moonworks:DeployBits"],"picked":"SKIP","floor":31},{"not_picked":["Moonworks:LeapThroughSpace","Moonworks:Gamble","Moonworks:WeAreWaruda","Moonworks:OutOfAmmo"],"picked":"Moonworks:Blazing","floor":33},{"not_picked":["Moonworks:MiracleRedBeanIceCream","Moonworks:ForcedRevival+1","Moonworks:Assault+1","Moonworks:CloudOfSeagulls+1"],"picked":"Moonworks:Dash+1","floor":35}],"player_experience":283161,"relics_obtained":[{"floor":1,"key":"SynthV:TestCard"},{"floor":7,"key":"BlankCard"},{"floor":10,"key":"DeathBook"},{"floor":23,"key":"Strawberry"},{"floor":26,"key":"EdensBlessing"},{"floor":29,"key":"Girya"},{"floor":29,"key":"Bottled Flame"}],"event_choices":[{"damage_healed":0,"gold_gain":0,"player_choice":"Success","damage_taken":7,"relics_obtained":["Regal Pillow"],"max_hp_gain":0,"max_hp_loss":0,"event_name":"Scrap Ooze","floor":2,"gold_loss":0},{"damage_healed":0,"gold_gain":175,"player_choice":"AGREE","damage_taken":0,"max_hp_gain":0,"max_hp_loss":0,"event_name":"Liars Game","floor":8,"gold_loss":0,"cards_obtained":["Doubt"]},{"damage_healed":0,"gold_gain":99,"player_choice":"Stole From Cult","damage_taken":0,"max_hp_gain":0,"max_hp_loss":0,"event_name":"Nest","floor":25,"gold_loss":0},{"damage_healed":0,"gold_gain":0,"player_choice":"Fight","damage_taken":0,"max_hp_gain":0,"max_hp_loss":0,"event_name":"Colosseum","floor":29,"gold_loss":0},{"damage_healed":0,"gold_gain":0,"player_choice":"Fought Nobs","damage_taken":0,"max_hp_gain":0,"max_hp_loss":0,"event_name":"Colosseum","floor":29,"gold_loss":0},{"damage_healed":0,"gold_gain":0,"player_choice":"Copied","damage_taken":0,"max_hp_gain":0,"max_hp_loss":0,"event_name":"Duplicator","floor":37,"gold_loss":0,"cards_obtained":["Moonworks:Gamble"]},{"damage_healed":0,"gold_gain":0,"player_choice":"Ignored","damage_taken":0,"max_hp_gain":0,"max_hp_loss":0,"event_name":"Tomb of Lord Red Mask","floor":38,"gold_loss":0}],"is_beta":false,"boss_relics":[{"not_picked":["REME_DuelDisc","TakeMeEscape"],"picked":"Sozu"},{"not_picked":[]},{"not_picked":["Pandora\u0027s Box","FixedStarFall"],"picked":"Runic Pyramid"},{"not_picked":[]}],"items_purged_floors":[12,36],"is_endless":false,"potions_floor_spawned":[1,7,13,18,21,24,33,35],"killed_by":"Orb Walker","ascension_level":0}}