{"host":"99rrj5sgxw8sjly8","time":1610996918,"event":{"mods":["AchievementEnabler","BaseMod","Minty Spire (QoL Compilation)","Relic Stats"],"gold_per_floor":[119,194,194,214,214,245,245,245,245,269,52,83,106,150,150,241,241,262,84,84,0,23,57,57,101,101,101,101,101,119,41,41,137,137,152,175,189,20,43,84,417,417,417,447,459,504,565,602,614,626],"floor_reached":51,"language":"ENG","playtime":2830,"items_purged":["Defend_G","Strike_G"],"score":1635,"play_id":"5e7b2d83-032b-49d9-b042-ed1152d2460c","local_time":"20210118190838","is_ascension_mode":true,"campfire_choices":[{"data":"Blade Dance","floor":7,"key":"SMITH"},{"data":"Accuracy","floor":15,"key":"SMITH"},{"data":"Wraith Form v2","floor":24,"key":"SMITH"},{"data":"Well Laid Plans","floor":27,"key":"SMITH"},{"data":"Blade Dance","floor":29,"key":"SMITH"},{"data":"Acrobatics","floor":32,"key":"SMITH"},{"data":"Wraith Form v2","floor":45,"key":"SMITH"},{"data":"After Image","floor":49,"key":"SMITH"}],"circlet_count":0,"master_deck":["AscendersBane","Strike_G","Strike_G","Strike_G","Defend_G","Defend_G","Defend_G","Defend_G","Survivor","Neutralize","Calculated Gamble","Deadly Poison","Accuracy+1","Blade Dance+1","Blade Dance","PanicButton","Dagger Spray","Terror","Acrobatics+1","Wraith Form v2+1","Finisher+1","Footwork","Well Laid Plans+1","Accuracy","Blade Dance+1","After Image+1","Grand Finale","Phantasmal Killer","PiercingWail","Wraith Form v2+1","Eviscerate","Blade Dance","The Bomb","Well Laid Plans","Leg Sweep+1","Leg Sweep"],"relics":["Ring of the Snake","NeowsBlessing","Eternal Feather","Meat on the Bone","Letter Opener","Bag of Marbles","Art of War","Snecko Eye","Vajra","Ancient Tea Set","Bronze Scales","SlaversCollar","Boot","Strawberry","MawBank","HornCleat","Calipers","Incense Burner"],"acts_visited":["Exordium","TheCity","TheBeyond"],"potions_floor_usage":[12,14,35,47,47,50],"damage_taken":[{"damage":0,"enemies":"Small Slimes","floor":1,"turns":1},{"damage":0,"enemies":"Jaw Worm","floor":4,"turns":1},{"damage":0,"enemies":"Lagavulin","floor":6,"turns":1},{"damage":2,"enemies":"2 Louse","floor":10,"turns":2},{"damage":25,"enemies":"3 Sentries","floor":12,"turns":6},{"damage":7,"enemies":"Large Slime","floor":13,"turns":5},{"damage":8,"enemies":"Gremlin Nob","floor":14,"turns":3},{"damage":11,"enemies":"Slime Boss","floor":16,"turns":8},{"damage":2,"enemies":"2 Thieves","floor":18,"turns":3},{"damage":29,"enemies":"Spheric Guardian","floor":22,"turns":7},{"damage":2,"enemies":"Gremlin Leader","floor":23,"turns":6},{"damage":3,"enemies":"Slavers","floor":25,"turns":4},{"damage":0,"enemies":"Snake Plant","floor":30,"turns":2},{"damage":36,"enemies":"Collector","floor":33,"turns":6},{"damage":12,"enemies":"3 Darklings","floor":35,"turns":4},{"damage":1,"enemies":"3 Shapes","floor":36,"turns":7},{"damage":0,"enemies":"Sphere and 2 Shapes","floor":37,"turns":4},{"damage":23,"enemies":"4 Shapes","floor":39,"turns":6},{"damage":0,"enemies":"Nemesis","floor":40,"turns":3},{"damage":6,"enemies":"Reptomancer","floor":44,"turns":4},{"damage":14,"enemies":"Giant Head","floor":46,"turns":5},{"damage":13,"enemies":"2 Orb Walkers","floor":47,"turns":4},{"damage":21,"enemies":"Mind Bloom Boss Battle","floor":48,"turns":7},{"damage":28,"enemies":"Awakened One","floor":50,"turns":9}],"seed_played":"-8189125376614246446","potions_obtained":[{"floor":4,"key":"Fruit Juice"},{"floor":10,"key":"Poison Potion"},{"floor":23,"key":"EssenceOfSteel"},{"floor":30,"key":"SpeedPotion"},{"floor":36,"key":"CunningPotion"},{"floor":40,"key":"Weak Potion"},{"floor":48,"key":"SteroidPotion"}],"is_trial":false,"path_per_floor":["M","?","T","M","?","E","R","?","T","M","$","E","M","E","R","B",null,"M","$","?","$","M","E","R","E","T","R","?","R","M","$","R","B",null,"M","M","M","$","M","E","?","?","T","E","R","E","?","?","R","B",null],"character_chosen":"THE_SILENT","items_purchased":["PanicButton","Dagger Spray","Footwork","Accuracy","Grand Finale","Wraith Form v2","Eviscerate"],"campfire_rested":0,"item_purchase_floors":[11,11,19,21,31,38,38],"current_hp_per_floor":[59,48,48,48,48,48,57,57,57,55,55,35,40,44,56,45,60,58,58,58,58,41,39,54,51,51,65,65,65,65,65,65,41,59,47,46,46,46,35,35,35,30,37,43,61,47,46,37,58,42],"gold":638,"neow_bonus":"THREE_ENEMY_KILL","is_daily":false,"chose_seed":false,"campfire_upgraded":8,"win_rate":0.0,"timestamp":1610996918,"path_taken":["M","?","?","M","?","E","R","?","T","M","$","E","?","E","R","BOSS","M","?","?","$","M","E","R","E","T","R","?","R","M","$","R","BOSS","M","M","M","$","M","E","?","?","T","E","R","E","?","?","R","BOSS"],"items_purchased_type":["Card","Card","Card","Card","Card","Card","Card"],"build_version":"2020-12-22","purchased_purges":2,"victory":true,"max_hp_per_floor":[66,66,66,66,66,66,66,60,60,60,60,65,65,65,65,65,65,65,65,65,65,65,65,65,65,65,65,65,65,65,65,65,65,65,65,65,65,65,65,65,65,65,72,72,72,72,72,72,72,72],"relic_stats":{"counters":[24,108],"Bronze Scales":[162],"Snecko Eye":[150,170,181,155],"Eternal Feather":89,"Art of War":[15],"Letter Opener":[246],"Boot":[1],"MawBank":84,"obtain_stats":[{"Calipers":47,"NeowsBlessing":0,"Golden Idol":8,"Vajra":23,"Eternal Feather":3,"Incense Burner":48,"Letter Opener":9,"Ancient Tea Set":25,"Boot":40,"MawBank":44,"SlaversCollar":34,"HornCleat":46,"Bronze Scales":26,"Strawberry":43,"Snecko Eye":17,"Bag of Marbles":12,"Art of War":14,"Ring of the Snake":0,"Meat on the Bone":6},{"Calipers":22,"NeowsBlessing":0,"Golden Idol":3,"Vajra":11,"Eternal Feather":1,"Incense Burner":23,"Letter Opener":3,"Ancient Tea Set":12,"Boot":19,"MawBank":20,"SlaversCollar":14,"HornCleat":21,"Bronze Scales":12,"Strawberry":19,"Snecko Eye":8,"Bag of Marbles":5,"Art of War":7,"Ring of the Snake":0,"Meat on the Bone":3},{"Calipers":92,"NeowsBlessing":0,"Golden Idol":3,"Vajra":43,"Eternal Feather":1,"Incense Burner":99,"Letter Opener":3,"Ancient Tea Set":47,"Boot":79,"MawBank":83,"SlaversCollar":55,"HornCleat":88,"Bronze Scales":47,"Strawberry":79,"Snecko Eye":27,"Bag of Marbles":11,"Art of War":19,"Ring of the Snake":0,"Meat on the Bone":3}],"Ring of the Snake":[48],"Meat on the Bone":108},"card_choices":[{"not_picked":["Underhanded Strike","Prepared"],"picked":"Calculated Gamble","floor":1},{"not_picked":["PiercingWail","Poisoned Stab"],"picked":"Deadly Poison","floor":4},{"not_picked":["Deflect","Cloak And Dagger"],"picked":"Blade Dance","floor":6},{"not_picked":["Dagger Spray","Doppelganger"],"picked":"Blade Dance","floor":10},{"not_picked":["Deadly Poison","Outmaneuver"],"picked":"Terror","floor":12},{"not_picked":["Endless Agony","Escape Plan"],"picked":"Acrobatics","floor":13},{"not_picked":["Calculated Gamble","Poisoned Stab","Noxious Fumes"],"picked":"SKIP","floor":14},{"not_picked":["Unload","Malaise"],"picked":"Wraith Form v2","floor":16},{"not_picked":["Dagger Spray+1","Riddle With Holes"],"picked":"Finisher+1","floor":18},{"not_picked":["Outmaneuver","All Out Attack"],"picked":"Blade Dance","floor":22},{"not_picked":["Deflect+1","Cloak And Dagger"],"picked":"After Image","floor":23},{"not_picked":["Prepared","Caltrops","Deadly Poison"],"picked":"SKIP","floor":25},{"not_picked":["Underhanded Strike","Setup","Flying Knee+1"],"picked":"SKIP","floor":30},{"not_picked":["Doppelganger","Adrenaline"],"picked":"Phantasmal Killer","floor":33},{"not_picked":["Predator","Outmaneuver+1"],"picked":"PiercingWail","floor":35},{"not_picked":["Masterful Stab+1","Dash","Setup+1"],"picked":"SKIP","floor":36},{"not_picked":["Dagger Spray","Slice+1","Underhanded Strike"],"picked":"SKIP","floor":37},{"not_picked":["Concentrate","Deadly Poison+1","Dagger Throw"],"picked":"SKIP","floor":39},{"not_picked":["Footwork","Acrobatics"],"picked":"Blade Dance","floor":40},{"not_picked":["Metamorphosis","Blind"],"picked":"The Bomb","floor":42},{"not_picked":["Deadly Poison+1","Deflect"],"picked":"Well Laid Plans","floor":44},{"not_picked":["Flechettes","Sucker Punch+1"],"picked":"Leg Sweep+1","floor":46},{"not_picked":["Setup","Sucker Punch"],"picked":"Leg Sweep","floor":48}],"player_experience":745199,"relics_obtained":[{"floor":3,"key":"Eternal Feather"},{"floor":6,"key":"Meat on the Bone"},{"floor":9,"key":"Letter Opener"},{"floor":12,"key":"Bag of Marbles"},{"floor":14,"key":"Art of War"},{"floor":23,"key":"Vajra"},{"floor":25,"key":"Ancient Tea Set"},{"floor":26,"key":"Bronze Scales"},{"floor":40,"key":"Boot"},{"floor":43,"key":"Strawberry"},{"floor":44,"key":"MawBank"},{"floor":46,"key":"HornCleat"},{"floor":47,"key":"Calipers"},{"floor":48,"key":"Incense Burner"}],"event_choices":[{"damage_healed":0,"gold_gain":75,"player_choice":"Gather Gold","damage_taken":11,"max_hp_gain":0,"max_hp_loss":0,"event_name":"World of Goop","floor":2,"gold_loss":0},{"damage_healed":0,"gold_gain":0,"cards_transformed":["Strike_G"],"player_choice":"Change","damage_taken":0,"max_hp_gain":0,"max_hp_loss":0,"event_name":"Living Wall","floor":5,"gold_loss":0,"cards_obtained":["Accuracy"]},{"damage_healed":0,"gold_gain":0,"player_choice":"Lose Max HP","damage_taken":0,"relics_obtained":["Golden Idol"],"max_hp_gain":0,"max_hp_loss":6,"event_name":"Golden Idol","floor":8,"gold_loss":0},{"damage_healed":0,"gold_gain":0,"player_choice":"Read","damage_taken":0,"max_hp_gain":0,"max_hp_loss":0,"event_name":"The Library","floor":20,"gold_loss":0,"cards_obtained":["Well Laid Plans"]},{"damage_healed":0,"gold_gain":0,"player_choice":"Ignored","damage_taken":0,"max_hp_gain":0,"max_hp_loss":0,"event_name":"Ghosts","floor":28,"gold_loss":0},{"damage_healed":0,"gold_gain":333,"player_choice":"Gave Idol","damage_taken":0,"max_hp_gain":0,"max_hp_loss":0,"event_name":"The Moai Head","floor":41,"relics_lost":["Golden Idol"],"gold_loss":0},{"damage_healed":0,"gold_gain":0,"player_choice":"Memory 2","damage_taken":5,"max_hp_gain":0,"max_hp_loss":0,"event_name":"SensoryStone","floor":42,"gold_loss":0},{"damage_healed":0,"gold_gain":0,"player_choice":"Fight","damage_taken":0,"max_hp_gain":0,"max_hp_loss":0,"event_name":"Mysterious Sphere","floor":47,"gold_loss":0},{"damage_healed":0,"gold_gain":0,"player_choice":"Fight","damage_taken":0,"max_hp_gain":0,"max_hp_loss":0,"event_name":"MindBloom","floor":48,"gold_loss":0}],"is_beta":false,"boss_relics":[{"not_picked":["HoveringKite","Busted Crown"],"picked":"Snecko Eye"},{"not_picked":["Empty Cage","Pandora\u0027s Box"],"picked":"SlaversCollar"}],"items_purged_floors":[11,19],"is_endless":false,"potions_floor_spawned":[4,10,23,30,36,40,46,48],"ascension_level":19}}