{"host":"sc0o2qwpf9j16a4i","time":1610972231,"event":{"mods":["AchievementEnabler","BaseMod","BetterRewards","Block Reminder","Colored Map","Colored Powertips","Custom Start","Highlight Path","Minty Spire (QoL Compilation)","Relic Stats"],"gold_per_floor":[118,118,137,102,102,102,136,136,136,152,152,187,30,43,43,122,122,140,153,153,423,441,475,475,475],"floor_reached":24,"language":"ENG","playtime":686,"items_purged":[],"score":798,"play_id":"f5214ef6-70fa-450d-9392-7fc958dd3cad","local_time":"20210118141711","is_ascension_mode":true,"campfire_choices":[{"floor":6.0,"key":"REST"},{"data":"Apotheosis","floor":8.0,"key":"SMITH"},{"floor":11.0,"key":"REST"},{"floor":15.0,"key":"RECALL"}],"circlet_count":0,"master_deck":["AscendersBane","Strike_B+1","Strike_B+1","Strike_B+1","Strike_B+1","Defend_B+1","Defend_B+1","Defend_B+1","Defend_B+1","Zap","Dualcast","Apotheosis+1","Barrage","Conserve Battery","Ball Lightning","Darkness","White Noise","Defragment","Coolheaded","Coolheaded","Echo Form","Stack","Go for the Eyes+1"],"relics":["Cracked Core","Orichalcum","MealTicket","Du-Vu Doll","Pear","Anchor","PreservedInsect","Busted Crown","Kunai"],"acts_visited":["Exordium","TheCity"],"potions_floor_usage":[],"damage_taken":[{"damage":0.0,"enemies":"2 Louse","floor":1.0,"turns":2.0},{"damage":3.0,"enemies":"Small Slimes","floor":3.0,"turns":3.0},{"damage":16.0,"enemies":"3 Sentries","floor":7.0,"turns":5.0},{"damage":4.0,"enemies":"Jaw Worm","floor":10.0,"turns":3.0},{"damage":0.0,"enemies":"Lagavulin","floor":12.0,"turns":5.0},{"damage":0.0,"enemies":"Looter","floor":14.0,"turns":2.0},{"damage":0.0,"enemies":"Slime Boss","floor":16.0,"turns":6.0},{"damage":13.0,"enemies":"Shell Parasite","floor":18.0,"turns":5.0},{"damage":5.0,"enemies":"3 Byrds","floor":19.0,"turns":4.0},{"damage":4.0,"enemies":"Sentry and Sphere","floor":22.0,"turns":7.0},{"damage":20.0,"enemies":"Slavers","floor":23.0,"turns":4.0},{"damage":14,"enemies":"Centurion and Healer","floor":24,"turns":5}],"seed_played":"2846116559468085995","potions_obtained":[{"floor":3.0,"key":"BlessingOfTheForge"},{"floor":7.0,"key":"EssenceOfSteel"},{"floor":14.0,"key":"SkillPotion"},{"floor":19.0,"key":"PowerPotion"},{"floor":22.0,"key":"Block Potion"}],"is_trial":false,"path_per_floor":["M","?","M","?","?","R","E","R","T","M","R","E","$","M","R","B",null,"M","M","?","?","M","E","M"],"character_chosen":"DEFECT","items_purchased":["Apotheosis","Orichalcum","MealTicket","Barrage","Conserve Battery","BlessingOfTheForge","PreservedInsect"],"campfire_rested":2,"item_purchase_floors":[0,0,0,0,0,0,13],"current_hp_per_floor":[42,42,39,39,39,60,44,44,54,50,74,74,81,81,81,81,81,68,63,63,36,32,12,0,0],"gold":475,"neow_bonus":"","is_daily":false,"chose_seed":false,"campfire_upgraded":1,"win_rate":0.0,"timestamp":1610972231,"path_taken":["M","?","M","?","?","R","E","R","T","?","R","E","$","M","R","BOSS","M","M","?","?","M","E","M"],"items_purchased_type":["Card","Relic","Relic","Card","Card","Potion","Relic"],"build_version":"2020-12-22","purchased_purges":0,"victory":false,"max_hp_per_floor":[71,71,71,71,71,71,71,71,81,81,81,81,81,81,81,81,81,81,81,81,81,81,81,81,81],"relic_stats":{"Busted Crown":8,"counters":[80,360],"MealTicket":7,"PreservedInsect":1641,"Kunai":[1],"Orichalcum":[72],"obtain_stats":[{"Ice Cream":0,"Darkstone Periapt":7,"Lantern":0,"Regal Pillow":0,"Gremlin Horn":9,"CeramicFish":9,"Juzu Bracelet":26,"Ginger":11,"Smiling Mask":10,"Old Coin":14,"Sozu":17,"Matryoshka":6,"Gambling Chip":0,"MealTicket":11,"Philosopher\u0027s Stone":17,"Kunai":24,"Cracked Core":0,"Pear":9,"Golden Idol":10,"Astrolabe":17,"Pen Nib":19,"PreservedInsect":13,"Omamori":7,"Letter Opener":0,"Orichalcum":19,"Frozen Egg 2":0,"Question Card":20,"Cables":9,"WarpedTongs":21,"Du-Vu Doll":7,"OrangePellets":0,"SlaversCollar":17,"Anchor":12,"Busted Crown":17,"Shuriken":0,"Ornamental Fan":9,"Bronze Scales":7,"Turnip":14,"Art of War":12,"Membership Card":0,"Symbiotic Virus":9,"FossilizedHelix":0,"Toy Ornithopter":0,"Pocketwatch":12},{"Ice Cream":0,"Darkstone Periapt":38,"Lantern":15,"Regal Pillow":15,"Gremlin Horn":38,"CeramicFish":19,"Juzu Bracelet":14,"Ginger":27,"Smiling Mask":59,"Old Coin":21,"Sozu":9,"Matryoshka":50,"Gambling Chip":24,"MealTicket":7,"Philosopher\u0027s Stone":30,"Kunai":13,"Cracked Core":0,"Pear":71,"Golden Idol":26,"Astrolabe":22,"Pen Nib":63,"PreservedInsect":73,"Omamori":5,"Letter Opener":34,"Orichalcum":43,"Frozen Egg 2":46,"Question Card":32,"Cables":6,"WarpedTongs":64,"Du-Vu Doll":71,"OrangePellets":34,"SlaversCollar":62,"Anchor":73,"Busted Crown":75,"Shuriken":46,"Ornamental Fan":51,"Bronze Scales":19,"Turnip":61,"Art of War":20,"Membership Card":24,"Symbiotic Virus":58,"FossilizedHelix":24,"Toy Ornithopter":54,"Pocketwatch":60},{"Ice Cream":0,"Darkstone Periapt":171,"Lantern":67,"Regal Pillow":67,"Gremlin Horn":171,"CeramicFish":83,"Juzu Bracelet":66,"Ginger":117,"Smiling Mask":262,"Old Coin":91,"Sozu":36,"Matryoshka":228,"Gambling Chip":102,"MealTicket":26,"Philosopher\u0027s Stone":134,"Kunai":59,"Cracked Core":0,"Pear":319,"Golden Idol":109,"Astrolabe":98,"Pen Nib":285,"PreservedInsect":327,"Omamori":19,"Letter Opener":154,"Orichalcum":200,"Frozen Egg 2":214,"Question Card":144,"Cables":21,"WarpedTongs":288,"Du-Vu Doll":319,"OrangePellets":154,"SlaversCollar":281,"Anchor":327,"Busted Crown":335,"Shuriken":214,"Ornamental Fan":231,"Bronze Scales":83,"Turnip":271,"Art of War":86,"Membership Card":102,"Symbiotic Virus":257,"FossilizedHelix":102,"Toy Ornithopter":243,"Pocketwatch":266}]},"card_choices":[{"not_picked":["Streamline","Go for the Eyes"],"picked":"Ball Lightning","floor":1.0},{"not_picked":["Leap","Double Energy"],"picked":"Darkness","floor":3.0},{"not_picked":["Blizzard","Meteor Strike"],"picked":"White Noise","floor":7.0},{"not_picked":["Chill","Recycle"],"picked":"Defragment","floor":10.0},{"not_picked":["Rebound","BootSequence"],"picked":"Coolheaded","floor":12.0},{"not_picked":["Stack","Go for the Eyes"],"picked":"Coolheaded","floor":14.0},{"not_picked":["Fission","Rainbow"],"picked":"Echo Form","floor":16.0},{"not_picked":["Turbo"],"picked":"SKIP","floor":18.0},{"not_picked":[],"picked":"Stack","floor":19.0},{"not_picked":[],"picked":"Go for the Eyes+1","floor":22.0},{"not_picked":["Go for the Eyes+1"],"picked":"SKIP","floor":23.0}],"player_experience":711552,"relics_obtained":[{"floor":7.0,"key":"Du-Vu Doll"},{"floor":9.0,"key":"Pear"},{"floor":12.0,"key":"Anchor"},{"floor":23.0,"key":"Kunai"}],"event_choices":[{"damage_healed":0.0,"max_hp_gain":0.0,"max_hp_loss":0.0,"gold_gain":0.0,"event_name":"Shining Light","player_choice":"Ignored","floor":2.0,"gold_loss":0.0,"damage_taken":0.0},{"damage_healed":0.0,"max_hp_gain":0.0,"max_hp_loss":0.0,"gold_gain":0.0,"event_name":"World of Goop","player_choice":"Left Gold","floor":4.0,"gold_loss":35.0,"damage_taken":0.0},{"damage_healed":0.0,"max_hp_gain":0.0,"max_hp_loss":0.0,"gold_gain":0.0,"event_name":"Golden Wing","player_choice":"Ignored","floor":5.0,"gold_loss":0.0,"damage_taken":0.0},{"damage_healed":0.0,"max_hp_gain":0.0,"max_hp_loss":0.0,"gold_gain":0.0,"event_name":"Back to Basics","player_choice":"Simplicity","floor":20.0,"gold_loss":0.0,"damage_taken":0.0,"cards_upgraded":["Strike_B","Strike_B","Strike_B","Strike_B","Defend_B","Defend_B","Defend_B","Defend_B"]},{"damage_healed":0.0,"max_hp_gain":0.0,"max_hp_loss":0.0,"gold_gain":270.0,"event_name":"Knowing Skull","player_choice":"GOLD GOLD GOLD ","floor":21.0,"potions_obtained":[],"gold_loss":0.0,"damage_taken":27.0,"cards_obtained":[]}],"is_beta":false,"boss_relics":[{"not_picked":["Empty Cage","Pandora\u0027s Box"],"picked":"Busted Crown"}],"items_purged_floors":[],"is_endless":false,"potions_floor_spawned":[3,7,14,19,22],"killed_by":"Centurion and Healer","ascension_level":20}}