{"host":"qxeepl7ydvsgmfdb","time":1610976597,"event":{"mods":["AchievementEnabler","BaseMod","Colored Powertips","Minty Spire (QoL Compilation)","Quick Restart","slay the spire mod where everything is the same but ironclad has a cowboy hat"],"gold_per_floor":[116,116,67,67,18,18,57,80,106,106,106,124,167,167,167,290,290,304,304,304,319,143,176,176,176],"floor_reached":24,"language":"ENG","playtime":675,"items_purged":[],"score":245,"play_id":"a3ffe49a-6672-4560-9f00-8e35c57600d1","local_time":"20210118082957","is_ascension_mode":false,"campfire_choices":[{"floor":6.0,"key":"RECALL"},{"data":"Noxious Fumes","floor":10.0,"key":"SMITH"},{"floor":15.0,"key":"REST"}],"circlet_count":0,"master_deck":["Strike_G","Strike_G","Strike_G","Defend_G","Defend_G","Defend_G","Defend_G","Defend_G","Survivor","Neutralize","Slice","Cloak And Dagger","Noxious Fumes+1","Slice","Prepared","Trip","Backflip","Backstab","Cloak And Dagger","Dagger Spray"],"relics":["Ring of the Snake","NeowsBlessing","Golden Idol","PreservedInsect","Dead Branch","Vajra","Bronze Scales","Empty Cage","Singing Bowl","NlothsMask","Juzu Bracelet","Pen Nib"],"acts_visited":["Exordium","TheCity"],"potions_floor_usage":[],"damage_taken":[{"damage":0.0,"enemies":"Jaw Worm","floor":1.0,"turns":1.0},{"damage":0.0,"enemies":"Gremlin Nob","floor":7.0,"turns":1.0},{"damage":0.0,"enemies":"2 Louse","floor":8.0,"turns":1.0},{"damage":0.0,"enemies":"Cultist","floor":12.0,"turns":3.0},{"damage":20.0,"enemies":"Lagavulin","floor":13.0,"turns":5.0},{"damage":28.0,"enemies":"Hexaghost","floor":16.0,"turns":10.0},{"damage":2.0,"enemies":"Chosen","floor":18.0,"turns":4.0},{"damage":10.0,"enemies":"Spheric Guardian","floor":21.0,"turns":4.0},{"damage":41.0,"enemies":"Gremlin Leader","floor":23.0,"turns":5.0},{"damage":21,"enemies":"Centurion and Healer","floor":24,"turns":3}],"seed_played":"-9203286108378064866","potions_obtained":[{"floor":13.0,"key":"Poison Potion"}],"is_trial":false,"path_per_floor":["M","?","$","?","$","R","E","M","T","R","?","M","E","?","R","B",null,"M","T","?","M","$","E","M"],"character_chosen":"THE_SILENT","items_purchased":["Slice","Cloak And Dagger","Juzu Bracelet","Cloak And Dagger"],"campfire_rested":1,"item_purchase_floors":[3,5,22,22],"current_hp_per_floor":[70,53,53,53,53,53,53,53,53,53,46,46,26,26,47,19,70,68,68,68,58,58,17,0,0],"gold":176,"neow_bonus":"THREE_ENEMY_KILL","is_daily":false,"chose_seed":false,"campfire_upgraded":1,"win_rate":0.0,"timestamp":1610976597,"path_taken":["M","?","$","?","$","R","E","M","T","R","?","M","E","?","R","BOSS","M","?","?","M","$","E","M"],"items_purchased_type":["Card","Card","Relic","Card"],"build_version":"2020-12-22","purchased_purges":0,"victory":false,"max_hp_per_floor":[70,70,70,70,70,70,70,70,70,70,70,70,70,70,70,70,70,70,70,70,70,70,70,70,70],"card_choices":[{"not_picked":["Flying Knee","Well Laid Plans","Bane"],"picked":"SKIP","floor":1.0},{"not_picked":["Heel Hook","Endless Agony","Accuracy"],"picked":"SKIP","floor":7.0},{"not_picked":["Escape Plan","Endless Agony"],"picked":"Noxious Fumes","floor":8.0},{"not_picked":["Flying Knee","Leg Sweep","Dodge and Roll"],"picked":"SKIP","floor":12.0},{"not_picked":["Calculated Gamble","Well Laid Plans"],"picked":"Slice","floor":13.0},{"not_picked":["Flying Knee+1","Acrobatics"],"picked":"Backflip","floor":18.0},{"not_picked":["Caltrops","Eviscerate+1"],"picked":"Backstab","floor":21.0},{"not_picked":["Choke+1","Endless Agony"],"picked":"Dagger Spray","floor":23.0}],"player_experience":168387,"relics_obtained":[{"floor":7.0,"key":"Dead Branch"},{"floor":9.0,"key":"Vajra"},{"floor":13.0,"key":"Bronze Scales"},{"floor":19.0,"key":"Singing Bowl"},{"floor":23.0,"key":"Pen Nib"}],"event_choices":[{"damage_healed":0.0,"max_hp_gain":0.0,"max_hp_loss":0.0,"gold_gain":0.0,"event_name":"Golden Idol","player_choice":"Take Damage","floor":2.0,"gold_loss":0.0,"damage_taken":17.0,"relics_obtained":["Golden Idol"]},{"damage_healed":0.0,"max_hp_gain":0.0,"max_hp_loss":0.0,"gold_gain":0.0,"event_name":"Big Fish","player_choice":"Box","floor":4.0,"gold_loss":0.0,"damage_taken":0.0,"relics_obtained":["PreservedInsect"],"cards_obtained":["Regret"]},{"cards_removed":["Regret"],"damage_healed":0.0,"max_hp_gain":0.0,"max_hp_loss":0.0,"gold_gain":0.0,"event_name":"Golden Wing","player_choice":"Card Removal","floor":11.0,"gold_loss":0.0,"damage_taken":7.0},{"damage_healed":0.0,"max_hp_gain":0.0,"max_hp_loss":0.0,"gold_gain":0.0,"event_name":"Match and Keep!","player_choice":"2 cards matched","floor":14.0,"gold_loss":0.0,"damage_taken":0.0,"cards_obtained":["Prepared","Trip"]},{"damage_healed":0.0,"max_hp_gain":0.0,"max_hp_loss":0.0,"gold_gain":0.0,"event_name":"FaceTrader","player_choice":"Trade","floor":20.0,"gold_loss":0.0,"damage_taken":0.0,"relics_obtained":["NlothsMask"]}],"is_beta":false,"boss_relics":[{"not_picked":["Snecko Eye","Runic Pyramid"],"picked":"Empty Cage"}],"items_purged_floors":[],"is_endless":false,"potions_floor_spawned":[13],"killed_by":"Centurion and Healer","ascension_level":0}}