{"host":"yncvxcxtq9dkce9q","time":1610998248,"event":{"mods":["ATMod(°¢èªMod)","AchievementEnabler","Act Like it!","Arknights The Spire","Ascension Reborn","Aspiration","Bard","BaseMod","BetterRewards","ChefMod","Colored Powertips","Conspire","Custom Start","Defuse TimeMaze Blight","Dota2Spire","Energized Spire","Friendly Minions","Gensokyo","GifTheSpireLib","Gremlin Mod","GungeonMod","Halation","Hermit","Hubris","Infinite Spire","Jedi Mod","Lobotomy","LobotomyExtend","Marisa£¨ìFÓê¡¡Ä§ÀíÉ³£©","Marked Mod","Minty Spire (QoL Compilation)","MostiFishMod","Pale of the Ancients","Potionbrewer","Rare Cards Sparkle","Reimu£¨²©ÀöÁéÃÎ£©","Replay The Spire","RumiaBox-Â¶Ã×æ«µÄÉñÃØºÐ×Ó","Shop Mod","Spicy Shops","StSLib","Stuff the Spire","TestMod","The Blue Laboratory","The Construct","The Gatherer","The Hayseed","The Jungle","The Marked","The Runesmith","The Servant 0.9.4","Waifu the Spire","Wandering Minibosses","Youmu£¨»êÆÇÑýÃÎ£©","[GremlinLeader]The Maniac","noobMod","vexMod","¡¾¹¦ÄÜMod¡¿»ìãçÖ®»·ÐÞ¸´²¹¶¡","¡¾ÒÅÎï¿¨ÅÆ¡¿REMEMod"],"gold_per_floor":[112,112,128,147,559,616,667,691,691,691,711,812,851,870,948,1217,1217,1284,1284,838,838,838,908,908,989,989,1009,1078,1161,1226,701,701,857,857,1232,1469,1469,1510,1542,1613,1613,1676,1700,1700,1770,1432,1493,1558,1558,1782,1866,1901,1901,1824,1824,1857,1857,8,8,71],"floor_reached":61,"language":"ZHS","playtime":6394,"items_purged":["hermit:Defend_Hermit","hermit:Defend_Hermit","hermit:Strike_Hermit","hermit:Strike_Hermit","hermit:Strike_Hermit","hermit:Defend_Hermit","hermit:Strike_Hermit","hermit:Defend_Hermit"],"score":1814,"play_id":"91e6673f-2898-4130-b81c-a95379ce95d2","local_time":"20210119033048","is_ascension_mode":true,"campfire_choices":[{"floor":32.0,"key":"RECALL"},{"data":"infinitespire:UltimateForm","floor":41.0,"key":"SMITH"},{"data":"hermit:EyeOfTheStorm","floor":49.0,"key":"SMITH"},{"data":"hermit:TakeAim","floor":55.0,"key":"SMITH"},{"data":"infinitespire:Collect","floor":57.0,"key":"SMITH"}],"circlet_count":0,"master_deck":["hermit:Strike_Hermit","hermit:Covet","AT_ShrugMaster","hermit:Quickdraw","hermit:LuckOfTheDraw","hermit:GoldenBullet","hermit:Gambit","hermit:Quickdraw","hermit:Enervate","hermit:RoundhouseKick+1","hermit:FatalDesire+1","hermit:Glare","DemoMod:Deposit+1","infinitespire:UltimateForm+1","infinitespire:NeuralNetwork","hermit:TakeAim+1","infinitespire:Collect+1","hermit:Scavenge+1","hermit:Determination+1","hermit:FromBeyond+1","hermit:FromBeyond+1","hermit:RoundhouseKick+1","hermit:EyeOfTheStorm+1","Gensokyo:SummonJeweledCobra","hermit:EyeOfTheStorm+1","hermit:Glare","Voices","Injury"],"relics":["hermit:Momento","testmod-TestBox","ice","REME_ComplimentaryCards","AT_ATBox","Membership Card","testmod-DeterminationOfClimber","Gensokyo:OccultBall","DemoMod:GlassGuonStoneRelic","SynthV:TestCard","LetterFromLob","Happy Flower","testmod-LifeArmor","Gremlin Food","testmod-AssaultLearning","hubris:FruitBowl","MagicDraw4","BrkXgEgg","hubris:MobiusCoin","potionbrewer:RamsHorn","energizedSpire:HugeHouse","halation:PinkSoulGem","Medical Kit","MerchantsRug","StuffTheSpire:CocoNut","TheAbacus","halation:SelfBoilingWater","conspire:TreasureMap","BloodWine","DianPoetry","The Courier","Replay:Kaleidoscope","aspiration:Nostalgia","Runesmith:BrokenRuby","Sling","REME_HandOfSuture","StuffTheSpire:NeowsTribute","halation:Prosthetics","testmod-RainbowHikingShoes","Replay:Mystery Machine","StuffTheSpire:GrapeVine","DaveBox","potionbrewer:Keyblade","RedMistMask","Gensokyo:Companionship","paleoftheancients:Timepiece","paleoftheancients:KeyRelic","Anchor","halation:SwordOfLegend","paleoftheancients:SoulOfTheWatcher","ReplayTheSpireMod:Ring of Exchange","Dodecahedron","Dota2Spire:Butterfly","StuffTheSpire:Experiment12","conspire:DeflatedDodgeball","aspiration:WatcherSkillbook","potionbrewer:Torch","AT_BellDemon","Nunchaku","Pet Ghost","AT_Manta","Dota2Spire:BlackKingBar","Dota2Spire:ShadowBlade","aspiration:SeaSaltIceCream","aspiration:Nostalgia","HalfPhantom","AT_ForceNature","Dota2Spire:LotusOrb","Blue Doll","halation:BottledLove","DemoMod:MonsterBlood","AT_ArchangelStaff","DemoMod:DecoyRelic","AT_LudenTempest","Dota2Spire:UrnOfShadows"],"acts_visited":["Exordium","Gensokyo:Gensokyo","Gensokyo:Gensokyoer","Gensokyo:Gensokyoest"],"potions_floor_usage":[],"damage_taken":[{"damage":0.0,"enemies":"Gensokyo:2_Kodama","floor":1.0,"turns":2.0},{"damage":0.0,"enemies":"Gensokyo:Gryphon","floor":3.0,"turns":4.0},{"damage":0.0,"enemies":"Gensokyo:3_Fairies","floor":4.0,"turns":3.0},{"damage":37.0,"enemies":"Gensokyo:Mamizou","floor":5.0,"turns":6.0},{"damage":0.0,"enemies":"Gensokyo:Cirno","floor":6.0,"turns":5.0},{"damage":0.0,"enemies":"Gensokyo:2_Rabbits","floor":8.0,"turns":1.0},{"damage":0.0,"enemies":"Gensokyo:3_Kodama","floor":11.0,"turns":1.0},{"damage":6.0,"enemies":"Gensokyo:VengefulSpirit","floor":12.0,"turns":1.0},{"damage":0.0,"enemies":"Gensokyo:Mamizou","floor":13.0,"turns":1.0},{"damage":0.0,"enemies":"Gensokyo:Kitsune","floor":14.0,"turns":1.0},{"damage":11.0,"enemies":"Gensokyo:Reimu","floor":16.0,"turns":3.0},{"damage":0.0,"enemies":"Gensokyo:2_Gloops","floor":18.0,"turns":2.0},{"damage":0.0,"enemies":"Gensokyo:Reisen","floor":23.0,"turns":1.0},{"damage":0.0,"enemies":"Nightmare","floor":25.0,"turns":1.0},{"damage":0.0,"enemies":"Gensokyo:CosmicMonolith","floor":27.0,"turns":1.0},{"damage":0.0,"enemies":"Gensokyo:Slime_Group","floor":28.0,"turns":1.0},{"damage":0.0,"enemies":"Gensokyo:Reisen","floor":29.0,"turns":1.0},{"damage":0.0,"enemies":"Gensokyo:Wraith","floor":30.0,"turns":1.0},{"damage":0.0,"enemies":"Gensokyo:Eiki","floor":33.0,"turns":2.0},{"damage":0.0,"enemies":"Gensokyo:3_Boulders","floor":35.0,"turns":2.0},{"damage":0.0,"enemies":"Gensokyo:AncientGuardian","floor":36.0,"turns":1.0},{"damage":0.0,"enemies":"Gensokyo:SeedOfUnknown","floor":38.0,"turns":1.0},{"damage":0.0,"enemies":"Gensokyo:3_Boulders","floor":39.0,"turns":1.0},{"damage":0.0,"enemies":"Gensokyo:Kasen","floor":40.0,"turns":1.0},{"damage":0.0,"enemies":"Gensokyo:Dusk_and_Dawn","floor":42.0,"turns":1.0},{"damage":0.0,"enemies":"Gensokyo:Rafflesia","floor":45.0,"turns":2.0},{"damage":0.0,"enemies":"Gensokyo:3_Boulders","floor":47.0,"turns":1.0},{"damage":0.0,"enemies":"Gensokyo:SeedOfUnknown","floor":48.0,"turns":1.0},{"damage":0.0,"enemies":"Gensokyo:Yuyuko","floor":50.0,"turns":2.0},{"damage":0.0,"enemies":"Gensokyo:Yuyuko","floor":51.0,"turns":1.0},{"damage":0.0,"enemies":"Gensokyo:Yuyuko","floor":52.0,"turns":1.0},{"damage":0.0,"enemies":"Gensokyo:Yuyuko","floor":56.0,"turns":1.0},{"damage":0,"enemies":"paleoftheancients:N","floor":60,"turns":2}],"seed_played":"1014490895311449371","potions_obtained":[{"floor":1.0,"key":"DistilledChaos"},{"floor":4.0,"key":"potionbrewer:DiscountPotion"},{"floor":12.0,"key":"blueLaboratory:Moonshine"},{"floor":14.0,"key":"potionbrewer:MidasPotion"},{"floor":25.0,"key":"Fire Potion"},{"floor":29.0,"key":"Ancient Potion"},{"floor":30.0,"key":"EssenceOfSteel"}],"is_trial":false,"path_per_floor":["M","?","M","M","?","E","T","M","T","$","M","M","E","M","R","B",null,"M","?","$","?","?","E","AVR","NM","T","M","M","E","M","COS","R","B",null,"M","M","?","M","M","E","R","M","T","?","M","COS","M","M","R","B","M","M","?","$","R","M","R","$","?","B",null],"character_chosen":"HERMIT","items_purchased":["hubris:FruitBowl","MagicDraw4","BrkXgEgg","hubris:MobiusCoin","DemoMod:Deposit+1","Medical Kit","MerchantsRug","StuffTheSpire:CocoNut","TheAbacus","Dodecahedron","Dota2Spire:Butterfly","StuffTheSpire:Experiment12","conspire:DeflatedDodgeball","aspiration:WatcherSkillbook","potionbrewer:Torch","AT_BellDemon","Nunchaku","Pet Ghost","AT_Manta","Dota2Spire:BlackKingBar","Dota2Spire:ShadowBlade","aspiration:SeaSaltIceCream","AT_ForceNature","Dota2Spire:LotusOrb","Blue Doll","halation:BottledLove","DemoMod:MonsterBlood","AT_ArchangelStaff","DemoMod:DecoyRelic","AT_LudenTempest","Dota2Spire:UrnOfShadows"],"campfire_rested":0,"item_purchase_floors":[10,10,10,10,20,20,20,20,20,54,58,58,58,58,58,58,58,58,58,58,58,58,58,58,58,58,58,58,58,58,58],"current_hp_per_floor":[75,75,75,75,52,75,75,75,75,1,7,10,19,23,23,39,68,68,68,78,78,78,78,78,78,78,78,78,78,78,78,78,78,78,78,78,1,1,1,1,1,1,1,1,1,1,1,1,1,1,1,1,1,1,1,1,1,11,11,11],"gold":71,"neow_bonus":"RANDOM_EVENT","is_daily":false,"chose_seed":false,"campfire_upgraded":4,"win_rate":0.0,"timestamp":1610998248,"path_taken":["M","?","M","M","?","E","?","M","T","?","M","M","E","M","R","BOSS","M","?","?","?","?","E","AVR","NM","T","M","M","E","?","COS","R","BOSS","M","M","?","M","M","E","R","?","T","?","M","COS","M","M","R","BOSS","M","M","?","$","R","M","R","$","?","BOSS"],"items_purchased_type":["Relic","Relic","Relic","Relic","Card","Relic","Relic","Relic","Relic","Relic","Relic","Relic","Relic","Relic","Relic","Relic","Relic","Relic","Relic","Relic","Relic","Relic","Relic","Relic","Relic","Relic","Relic","Relic","Relic","Relic","Relic"],"build_version":"2020-12-22","purchased_purges":8,"victory":true,"max_hp_per_floor":[75,75,75,75,75,75,75,75,75,75,75,75,75,75,75,75,68,68,68,78,78,78,78,78,78,78,78,78,78,78,78,78,78,78,78,78,1,1,1,1,1,1,1,1,1,1,1,1,1,1,1,1,1,1,1,1,1,11,11,11],"card_choices":[{"not_picked":["hermit:BodyArmor","hermit:HoleUp"],"picked":"hermit:Glare","floor":1.0},{"not_picked":["hermit:Coalescence","hermit:BigShot","hermit:Headshot","hermit:HighCaliber","hermit:BodyArmor"],"picked":"SKIP","floor":3.0},{"not_picked":["hermit:Malice","hermit:WideOpen","hermit:HighCaliber","hermit:TakeAim"],"picked":"hermit:Quickdraw","floor":4.0},{"not_picked":["hermit:LowProfile","hermit:ItchyTrigger","hermit:Roughhouse","hermit:BlackWind"],"picked":"hermit:LuckOfTheDraw","floor":5.0},{"not_picked":["hermit:Coalescence","hermit:ItchyTrigger","hermit:Manifest","hermit:Spite"],"picked":"hermit:GoldenBullet","floor":6.0},{"not_picked":["hermit:Quickdraw","hermit:Dive","hermit:Grudge","hermit:Spite"],"picked":"hermit:Gambit","floor":8.0},{"not_picked":["hermit:Malice","hermit:Manifest","hermit:SprayPray","hermit:BigShot"],"picked":"hermit:Quickdraw","floor":11.0},{"not_picked":["hermit:Virtue","hermit:ItchyTrigger","hermit:Coalescence","hermit:WideOpen","hermit:CursedWeapon"],"picked":"SKIP","floor":12.0},{"not_picked":["hermit:BodyArmor","hermit:Misfire","hermit:WideOpen","hermit:HighCaliber","hermit:LowProfile"],"picked":"SKIP","floor":13.0},{"not_picked":["hermit:Coalescence","hermit:ShadowCloak","hermit:Combo","hermit:Spite"],"picked":"hermit:Enervate","floor":14.0},{"not_picked":["hermit:Roughhouse+1","hermit:BlackWind+1","hermit:HeroicBravado+1","hermit:Purgatory+1"],"picked":"hermit:RoundhouseKick+1","floor":16.0},{"not_picked":["hermit:Ricochet","hermit:PistolWhip","hermit:Snipe+1","hermit:Brawl"],"picked":"hermit:Glare","floor":18.0},{"not_picked":["hermit:Deadeye+1","hermit:Desperado+1","hermit:Manifest","hermit:Horror","hermit:Feint"],"picked":"SKIP","floor":23.0},{"not_picked":["hermit:Deadeye","hermit:Ricochet","hermit:GhostlyPresence","hermit:Manifest"],"picked":"hermit:TakeAim","floor":25.0},{"not_picked":["hubris:Fate","infinitespire:SealOfDarkness+"],"picked":"infinitespire:Collect","floor":25.0},{"not_picked":["hermit:Desperado","hermit:WideOpen","hermit:Manifest","hermit:NoHoldsBarred"],"picked":"hermit:Scavenge+1","floor":27.0},{"not_picked":["hermit:Shortfuse","hermit:Desperado","hermit:CalledShot+1","hermit:Misfire+1"],"picked":"hermit:Determination+1","floor":28.0},{"not_picked":["hermit:Grudge","hermit:Maintenance","hermit:CalledShot+1","hermit:Reprieve+1"],"picked":"hermit:FromBeyond+1","floor":29.0},{"not_picked":["hermit:ShadowCloak+1","hermit:WideOpen","hermit:SprayPray+1","hermit:Scavenge","hermit:Dive"],"picked":"SKIP","floor":30.0},{"not_picked":["hermit:DeadOrAlive+1","hermit:Roughhouse+1","hermit:OverwhelmingPower+1","hermit:Reprieve+1"],"picked":"hermit:FromBeyond+1","floor":33.0},{"not_picked":["hermit:CursedWeapon+1","hermit:Desperado+1","hermit:TrackingShot+1","hermit:SprayPray+1"],"picked":"hermit:RoundhouseKick+1","floor":35.0},{"not_picked":["hermit:HighCaliber","hermit:Gestalt+1","hermit:Deadeye","hermit:TrackingShot+1","hermit:Enervate+1"],"picked":"SKIP","floor":36.0},{"not_picked":["hermit:DeadMansHand+1","hermit:Dissolve+1","hermit:PistolWhip+1","hermit:HoleUp"],"picked":"hermit:EyeOfTheStorm+1","floor":38.0},{"not_picked":["hermit:CursedWeapon+1","hermit:TrackingShot+1","hermit:Brawl","hermit:Ricochet","hermit:ItchyTrigger+1"],"picked":"SKIP","floor":39.0},{"not_picked":["hermit:CursedWeapon+1","hermit:TrackingShot+1","hermit:Brawl","hermit:Ricochet","hermit:ItchyTrigger+1"],"picked":"SKIP","floor":39.0},{"not_picked":["hermit:Horror+1","hermit:Showdown+1","hermit:LowProfile+1","hermit:CalledShot+1","hermit:GhostlyPresence"],"picked":"SKIP","floor":40.0},{"not_picked":["hermit:ItchyTrigger","hermit:Roulette+1","hermit:Gambit+1","hermit:Misfire","hermit:CursedWeapon+1"],"picked":"SKIP","floor":42.0},{"not_picked":["hermit:HighCaliber+1","hermit:FatalDesire+1","hermit:Virtue+1","hermit:Shortfuse","hermit:CalledShot"],"picked":"SKIP","floor":45.0},{"not_picked":["hermit:HoleUp","hermit:PistolWhip","hermit:Ricochet+1","hermit:FlashPowder+1","hermit:TrackingShot+1"],"picked":"SKIP","floor":47.0},{"not_picked":["hermit:Quickdraw","hermit:Roulette","hermit:HighCaliber+1","hermit:ItchyTrigger+1"],"picked":"hermit:EyeOfTheStorm","floor":48.0},{"not_picked":["hermit:WideOpen","hermit:Headshot+1","hermit:Brawl","hermit:Cheat+1","hermit:Dive"],"picked":"SKIP","floor":51.0},{"not_picked":["hermit:CalledShot","hermit:Ricochet","hermit:Misfire","hermit:Combo+1"],"picked":"hermit:Glare","floor":52.0},{"not_picked":["hermit:Enervate+1","hermit:HighCaliber","hermit:Desperado","hermit:TakeCover","hermit:BodyArmor+1"],"picked":"SKIP","floor":56.0}],"player_experience":417875,"relics_obtained":[{"floor":1.0,"key":"SynthV:TestCard"},{"floor":1.0,"key":"LetterFromLob"},{"floor":5.0,"key":"Gensokyo:OccultBall"},{"floor":5.0,"key":"testmod-LifeArmor"},{"floor":6.0,"key":"Gremlin Food"},{"floor":9.0,"key":"testmod-AssaultLearning"},{"floor":13.0,"key":"potionbrewer:RamsHorn"},{"floor":16.0,"key":"Gensokyo:OccultBall"},{"floor":23.0,"key":"halation:SelfBoilingWater"},{"floor":25.0,"key":"Gensokyo:OccultBall"},{"floor":25.0,"key":"DianPoetry"},{"floor":26.0,"key":"The Courier"},{"floor":29.0,"key":"Replay:Kaleidoscope"},{"floor":33.0,"key":"Gensokyo:OccultBall"},{"floor":40.0,"key":"Replay:Mystery Machine"},{"floor":43.0,"key":"StuffTheSpire:GrapeVine"},{"floor":48.0,"key":"Gensokyo:OccultBall"},{"floor":48.0,"key":"RedMistMask"},{"floor":51.0,"key":"paleoftheancients:SoulOfTheWatcher"},{"floor":52.0,"key":"paleoftheancients:SoulOfTheGuardian"},{"floor":53.0,"key":"ReplayTheSpireMod:Ring of Exchange"}],"event_choices":[{"damage_healed":0.0,"max_hp_gain":0.0,"max_hp_loss":0.0,"gold_gain":0.0,"event_name":"¸ø×Ô¼ºµÄºÐ×Ó","player_choice":"Swap Relic","floor":44.0,"relics_lost":["DaveBox"],"gold_loss":0.0,"damage_taken":0.0,"relics_obtained":["DaveBox"]}],"is_beta":false,"boss_relics":[{"not_picked":["Sozu","REME_DuelDisc"],"picked":"energizedSpire:HugeHouse"},{"not_picked":["Honey Jar","Snecko Eye","hubris:VirtuousBlindfold"]}],"items_purged_floors":[10,10,20,20,24,54,58,58],"is_endless":false,"potions_floor_spawned":[1,4,12,13,14,16,25,29,30,33,35,47],"ascension_level":0}}