{"host":"u9h06qdlnp3wgzsw","time":1610965764,"event":{"mods":["BaseMod","Downfall","Hermit","Minty Spire (QoL Compilation)","Rare Cards Sparkle","Shop Mod","StSLib","The Hierophant","The Servant 0.9.4"],"gold_per_floor":[116,133,105,125,74,74,74,74,74,87,104,104,204,224,224,322,322,341,341,177,177,177,177,177,197,220,220,77,77,97,21,21,118,118,138,138,157,172,191,191,221,221,246,246,265,291,309,325,325,325],"floor_reached":51,"language":"ENG","playtime":2636,"items_purged":["downfall:Bewildered"],"score":822,"play_id":"597e1352-4d02-476c-9263-67c5cd44d189","local_time":"20210118052924","is_ascension_mode":false,"campfire_choices":[{"data":"DoubleEdge","floor":6,"key":"SMITH"},{"floor":12,"key":"REST"},{"data":"GearUp","floor":15,"key":"SMITH"},{"data":"Embodiment","floor":23,"key":"SMITH"},{"data":"SoulSculpture","floor":27,"key":"SMITH"},{"floor":29,"key":"REST"},{"data":"Defy","floor":32,"key":"SMITH"},{"data":"Ricochet","floor":40,"key":"SMITH"},{"floor":42,"key":"RECALL"},{"data":"Rearm","floor":49,"key":"SMITH"}],"circlet_count":0,"master_deck":["Strike_S+1","Strike_S+1","Strike_S+1","Strike_S+1","Defend_S+1","Defend_S+1","Defend_S+1","Defend_S+1","KidneyShot+1","Exchange+1","Defy+1","DoubleEdge+1","Luminosity+1","GearUp+1","SoulSculpture+1","Rearm+1","DoubleEdge+1","Embodiment+1","Defy+1","LightFlow+1","BottledTime+1","KillingDoll+1","RealityMarble+1","Ricochet+1","SilverBlades+1","Rearm+1"],"relics":["SplendidAttire","Ancient Tea Set","MutagenicStrength","sneckomod:BabySnecko","Happy Flower","Coffee Dripper","Mark of the Bloom","PreservedInsect","Akabeko","Dream Catcher"],"acts_visited":["Exordium","TheCity","TheBeyond"],"potions_floor_usage":[16,18,25,25,37,41,46,46,50,50],"damage_taken":[{"damage":0,"enemies":"2 Louse","floor":1,"turns":3},{"damage":12,"enemies":"Small Slimes","floor":2,"turns":4},{"damage":3,"enemies":"Jaw Worm","floor":4,"turns":4},{"damage":7,"enemies":"2 Fungi Beasts","floor":10,"turns":3},{"damage":5,"enemies":"Exordium Thugs","floor":11,"turns":4},{"damage":2,"enemies":"3 Louse","floor":14,"turns":4},{"damage":0,"enemies":"The Guardian","floor":16,"turns":14},{"damage":16,"enemies":"2 Thieves","floor":18,"turns":4},{"damage":10,"enemies":"3 Byrds","floor":25,"turns":7},{"damage":7,"enemies":"Snake Plant","floor":30,"turns":3},{"damage":0,"enemies":"Champ","floor":33,"turns":13},{"damage":0,"enemies":"3 Shapes","floor":35,"turns":2},{"damage":0,"enemies":"3 Darklings","floor":37,"turns":5},{"damage":0,"enemies":"Sphere and 2 Shapes","floor":38,"turns":3},{"damage":0,"enemies":"Transient","floor":39,"turns":5},{"damage":0,"enemies":"Giant Head","floor":41,"turns":6},{"damage":13,"enemies":"4 Shapes","floor":45,"turns":4},{"damage":9,"enemies":"Reptomancer","floor":46,"turns":3},{"damage":0,"enemies":"Jaw Worm Horde","floor":47,"turns":1},{"damage":0,"enemies":"3 Darklings","floor":48,"turns":2},{"damage":8,"enemies":"Donu and Deca","floor":50,"turns":4}],"seed_played":"-8568358187908417301","potions_obtained":[{"floor":1,"key":"SkillPotion"},{"floor":4,"key":"Block Potion"},{"floor":10,"key":"Guardian:BlockOnCardUsePotion"},{"floor":16,"key":"Guardian:BlockOnCardUsePotion"},{"floor":30,"key":"SteroidPotion"},{"floor":37,"key":"Dexterity Potion"},{"floor":41,"key":"Explosive Potion"},{"floor":46,"key":"Ancient Potion"},{"floor":47,"key":"Explosive Potion"}],"is_trial":false,"path_per_floor":["M","M","?","M","$","R","?","?","T","M","M","R","?","M","R","B",null,"M","?","$","?","?","R","?","M","T","R","$","R","M","$","R","B",null,"M","?","M","M","M","R","E","R","T","?","M","E","M","M","R","B",null],"character_chosen":"THE_SERVANT","items_purchased":["DoubleEdge","Embodiment","LightFlow","Guardian:BlockOnCardUsePotion"],"campfire_rested":2,"item_purchase_floors":[5,20,28,31],"current_hp_per_floor":[71,59,59,56,56,56,61,61,61,54,49,71,71,69,69,69,76,60,60,60,60,60,60,60,50,50,50,50,72,65,65,65,65,76,76,76,76,76,76,76,76,76,76,76,63,54,54,54,54,46],"gold":325,"neow_bonus":"TEN_PERCENT_HP_BONUS","is_daily":false,"chose_seed":false,"campfire_upgraded":7,"win_rate":0.0,"timestamp":1610965764,"path_taken":["M","M","?","M","$","R","?","?","T","M","M","R","?","?","R","BOSS","M","?","$","?","?","R","?","M","T","R","$","R","M","?","R","BOSS","M","?","M","M","M","R","E","R","T","?","M","E","?","M","R","BOSS"],"items_purchased_type":["Card","Card","Card","Potion"],"build_version":"2020-12-22","purchased_purges":1,"victory":true,"max_hp_per_floor":[71,71,71,71,71,71,76,76,76,76,76,76,76,76,76,76,76,76,76,76,76,76,76,76,76,76,76,76,76,76,76,76,76,76,76,76,76,76,76,76,76,76,76,76,76,76,76,76,76,76],"card_choices":[{"not_picked":["DualDimension","Rewind"],"picked":"Defy","floor":1},{"not_picked":["ShatteredReality","FastForward","Advance"],"picked":"SKIP","floor":2},{"not_picked":["Rewind","Sabotage","Replace"],"picked":"SKIP","floor":4},{"not_picked":["Misdirection","Solidify"],"picked":"Luminosity","floor":10},{"not_picked":["Potential","Read","Desolation"],"picked":"SKIP","floor":11},{"not_picked":["Alleviate","Starlight"],"picked":"GearUp","floor":14},{"not_picked":["MurderousAura","Solidify"],"picked":"SoulSculpture","floor":16},{"not_picked":["FastForward","Starlight+1"],"picked":"Rearm+1","floor":18},{"not_picked":["DoubleEdge","Unruled"],"picked":"Defy","floor":25},{"not_picked":["Misdirection+1","Luminosity"],"picked":"BottledTime","floor":30},{"not_picked":["Dilation","Embodiment"],"picked":"KillingDoll","floor":33},{"not_picked":["Rearm+1","Snipe+1"],"picked":"RealityMarble","floor":35},{"not_picked":["FastForward+1","Manipulate","DualDimension"],"picked":"SKIP","floor":37},{"not_picked":["Alleviate","WasteNot"],"picked":"Ricochet","floor":38},{"not_picked":["Advance","FanOfKnives","Unruled+1"],"picked":"SKIP","floor":39},{"not_picked":["Revamp","Hightail","BestPractice"],"picked":"SKIP","floor":41},{"not_picked":["Alleviate+1","Comet+1","Spin"],"picked":"SKIP","floor":45},{"not_picked":["Rewind","Moondial"],"picked":"SilverBlades+1","floor":46},{"not_picked":["Foresight+1","Barrier","Potential+1"],"picked":"SKIP","floor":47},{"not_picked":["Spin","ShiftingGears+1"],"picked":"Rearm","floor":48}],"player_experience":810750,"relics_obtained":[{"floor":9,"key":"Ancient Tea Set"},{"floor":26,"key":"Happy Flower"},{"floor":41,"key":"PreservedInsect"},{"floor":43,"key":"Akabeko"},{"floor":46,"key":"Dream Catcher"}],"event_choices":[{"damage_healed":0,"gold_gain":0,"player_choice":"Left Gold","damage_taken":0,"max_hp_gain":0,"max_hp_loss":0,"event_name":"World of Goop","floor":3,"gold_loss":28},{"damage_healed":0,"gold_gain":0,"player_choice":"Donut","damage_taken":0,"max_hp_gain":5,"max_hp_loss":0,"event_name":"Big Fish","floor":7,"gold_loss":0},{"damage_healed":0,"gold_gain":0,"player_choice":"Grow","damage_taken":0,"max_hp_gain":0,"max_hp_loss":0,"event_name":"Living Wall","floor":8,"gold_loss":0,"cards_upgraded":["Defy"]},{"damage_healed":0,"gold_gain":100,"player_choice":"Pray","damage_taken":0,"max_hp_gain":0,"max_hp_loss":0,"event_name":"Golden Shrine","floor":13,"gold_loss":0},{"damage_healed":0,"gold_gain":0,"player_choice":"Read","damage_taken":0,"max_hp_gain":0,"max_hp_loss":0,"event_name":"The Library","floor":19,"gold_loss":0,"cards_obtained":["DoubleEdge"]},{"damage_healed":0,"gold_gain":0,"player_choice":"Inject Mutagens","damage_taken":0,"relics_obtained":["MutagenicStrength"],"max_hp_gain":0,"max_hp_loss":0,"event_name":"Drug Dealer","floor":22,"gold_loss":0},{"damage_healed":0,"gold_gain":0,"player_choice":"Upgrade","damage_taken":0,"relics_obtained":["Mark of the Bloom"],"max_hp_gain":0,"max_hp_loss":0,"event_name":"MindBloom","floor":36,"gold_loss":0,"cards_upgraded":["Strike_S","Strike_S","Strike_S","Strike_S","Defend_S","Defend_S","Defend_S","Defend_S","KidneyShot","Exchange","Luminosity","DoubleEdge","LightFlow","BottledTime","KillingDoll","RealityMarble"]},{"damage_healed":0,"gold_gain":0,"player_choice":"Ignored","damage_taken":0,"max_hp_gain":0,"max_hp_loss":0,"event_name":"Accursed Blacksmith","floor":44,"gold_loss":0}],"is_beta":false,"boss_relics":[{"not_picked":["Runic Pyramid","Fusion Hammer"],"picked":"SplendidAttire"},{"not_picked":["bronze:MakeshiftBattery","Sozu"],"picked":"Coffee Dripper"}],"items_purged_floors":[28],"is_endless":false,"potions_floor_spawned":[1,4,10,11,16,30,37,41,46,47],"ascension_level":0}}