{"host":"b4oqa93y40rb9616","time":1610966256,"event":{"mods":["BaseMod","Colored Map","Custom Start","DeckTracker","Keyboard Shortcuts","Minty Spire (QoL Compilation)","Permanent Neow","Quick Restart","StSLib","SuperFastMode","everything is the same but u backflip on backflip"],"gold_per_floor":[110,120,139,165,182,182,211,211,293,309,309,309,2,15,15,88,88,103,114,131,131,148,148,181,181,181],"floor_reached":25,"language":"KOR","playtime":659,"items_purged":["Pain"],"score":441,"play_id":"2b1b0dd7-f834-49a5-961f-1dddaea5dcf3","local_time":"20210118193736","is_ascension_mode":true,"campfire_choices":[{"data":"Carnage","floor":6.0,"key":"SMITH"},{"data":"Inflame","floor":8.0,"key":"SMITH"},{"data":"Seeing Red","floor":11.0,"key":"SMITH"},{"data":"Reckless Charge","floor":15.0,"key":"SMITH"},{"data":"Feel No Pain","floor":23.0,"key":"SMITH"}],"circlet_count":0,"master_deck":["AscendersBane","Strike_R","Strike_R","Strike_R","Strike_R","Strike_R","Defend_R","Defend_R","Defend_R","Defend_R","Bash","Impervious","Carnage+1","Inflame+1","Seeing Red+1","Fiend Fire","Feel No Pain+1","Reckless Charge+1","Armaments+1","Burning Pact+1","Disarm"],"relics":["Burning Blood","Bronze Scales","Pear","WarpedTongs","SacredBark","CaptainsWheel"],"acts_visited":["Exordium","TheCity"],"potions_floor_usage":[24,24,25],"damage_taken":[{"damage":13.0,"enemies":"Cultist","floor":1.0,"turns":5.0},{"damage":14.0,"enemies":"Jaw Worm","floor":2.0,"turns":3.0},{"damage":3.0,"enemies":"2 Louse","floor":3.0,"turns":3.0},{"damage":8.0,"enemies":"Blue Slaver","floor":5.0,"turns":3.0},{"damage":15.0,"enemies":"Lagavulin","floor":7.0,"turns":5.0},{"damage":8.0,"enemies":"Exordium Thugs","floor":10.0,"turns":4.0},{"damage":6.0,"enemies":"2 Fungi Beasts","floor":14.0,"turns":3.0},{"damage":41.0,"enemies":"Hexaghost","floor":16.0,"turns":9.0},{"damage":19.0,"enemies":"Shell Parasite","floor":18.0,"turns":4.0},{"damage":18.0,"enemies":"Chosen","floor":19.0,"turns":7.0},{"damage":20.0,"enemies":"Centurion and Healer","floor":20.0,"turns":8.0},{"damage":55.0,"enemies":"3 Cultists","floor":22.0,"turns":7.0},{"damage":32,"enemies":"Slavers","floor":24,"turns":11},{"damage":16,"enemies":"Shelled Parasite and Fungi","floor":25,"turns":2}],"seed_played":"6593386166032353519","potions_obtained":[{"floor":3.0,"key":"Energy Potion"},{"floor":14.0,"key":"Dexterity Potion"},{"floor":16.0,"key":"Explosive Potion"},{"floor":20.0,"key":"SteroidPotion"},{"floor":22.0,"key":"EssenceOfSteel"},{"floor":24,"key":"Ancient Potion"}],"is_trial":false,"path_per_floor":["M","M","M","T","M","R","E","R","T","M","R","?","$","M","R","B",null,"M","M","M","?","M","R","E","M"],"character_chosen":"IRONCLAD","items_purchased":["Fiend Fire","Feel No Pain"],"campfire_rested":0,"item_purchase_floors":[13,13],"current_hp_per_floor":[61,53,56,56,54,54,55,55,55,53,53,53,53,53,53,18,68,55,43,43,95,46,46,20,4,4],"gold":181,"neow_bonus":"ONE_RANDOM_RARE_CARD","is_daily":false,"chose_seed":false,"campfire_upgraded":5,"win_rate":0.0,"timestamp":1610966256,"path_taken":["M","M","M","?","M","R","E","R","T","M","R","?","$","M","R","BOSS","M","M","?","?","M","R","E","M"],"items_purchased_type":["Card","Card"],"build_version":"2020-12-22","purchased_purges":1,"victory":false,"max_hp_per_floor":[75,75,75,75,75,75,85,85,85,85,85,85,85,85,85,85,85,85,85,85,95,95,95,95,95,95],"card_choices":[{"not_picked":["Pommel Strike","Power Through"],"picked":"Carnage","floor":1.0},{"not_picked":["Metallicize","Iron Wave"],"picked":"Inflame","floor":2.0},{"not_picked":["Body Slam","Iron Wave"],"picked":"Seeing Red","floor":3.0},{"not_picked":["Cleave","Havoc","Twin Strike"],"picked":"SKIP","floor":5.0},{"not_picked":["Dual Wield","Flex","Dropkick"],"picked":"SKIP","floor":7.0},{"not_picked":["Clothesline","Rupture","Clash"],"picked":"SKIP","floor":10.0},{"not_picked":["Heavy Blade","Reaper"],"picked":"Reckless Charge","floor":14.0},{"not_picked":["Corruption","Impervious"],"picked":"Reaper","floor":16.0},{"not_picked":["Clash","Twin Strike","Sword Boomerang"],"picked":"SKIP","floor":18.0},{"not_picked":["Warcry","Twin Strike"],"picked":"Armaments+1","floor":19.0},{"not_picked":["Cleave","Reckless Charge","Havoc"],"picked":"SKIP","floor":20.0},{"not_picked":["Perfected Strike","Pommel Strike"],"picked":"Burning Pact+1","floor":22.0},{"not_picked":["Flex","Bludgeon"],"picked":"Disarm","floor":24}],"player_experience":420772,"relics_obtained":[{"floor":4.0,"key":"Bronze Scales"},{"floor":7.0,"key":"Pear"},{"floor":24,"key":"CaptainsWheel"}],"event_choices":[{"damage_healed":0.0,"max_hp_gain":0.0,"max_hp_loss":0.0,"gold_gain":0.0,"event_name":"Accursed Blacksmith","player_choice":"Rummage","floor":12.0,"gold_loss":0.0,"damage_taken":0.0,"relics_obtained":["WarpedTongs"],"cards_obtained":["Pain"]},{"cards_removed":["Reaper"],"damage_healed":42.0,"max_hp_gain":10.0,"max_hp_loss":0.0,"gold_gain":0.0,"event_name":"Bonfire Elementals","player_choice":"Offered Rare","floor":21.0,"gold_loss":0.0,"damage_taken":0.0}],"is_beta":false,"boss_relics":[{"not_picked":["Busted Crown","SlaversCollar"],"picked":"SacredBark"}],"items_purged_floors":[13],"is_endless":false,"potions_floor_spawned":[3,14,16,20,22,24],"killed_by":"Shelled Parasite and Fungi","ascension_level":17}}