{"host":"rcus31dlwi4i4y2l","time":1610932450,"event":{"mods":["AchievementEnabler","BaseMod","Downfall","Googly Eyes","Hermit","Marisa????????","Minty Spire (QoL Compilation)","StSLib","The Bug Knight","The Cursed","The IronCluck"],"gold_per_floor":[99,111,127,127,127,138,138,170,183,183,10,24,37,50,67,171,171,71,82,82,93,108,142,168,68,87,87,87,105,15,15,35,138,138,38,57,57,42,57,84,109,144,154,154,185,205,218,238,249,249,249,278,30,30,30,30],"floor_reached":57,"language":"ENG","playtime":9774,"items_purged":["Slimebound:Defend_Slimebound"],"score":1297,"play_id":"2ca6db1f-597d-4e7e-a6a0-bb91f2e8e569","local_time":"20210117191410","is_ascension_mode":false,"campfire_choices":[{"data":"Slimebound:DuplicatedForm","floor":1.0,"key":"SMITH"},{"floor":18.0,"key":"RECALL"},{"data":"Slimebound:Gluttony","floor":25.0,"key":"SMITH"},{"data":"Slimebound:Split","floor":28.0,"key":"SMITH"},{"data":"Slimebound:Repurpose","floor":35,"key":"SMITH"},{"floor":54,"key":"REST"}],"circlet_count":0,"master_deck":["Slimebound:Defend_Slimebound","Slimebound:Defend_Slimebound","Slimebound:Split+1","Slimebound:CorrosiveSpit","Slimebound:DuplicatedForm+1","Slimebound:GrowthPunch","Slimebound:GoopSpray","Slimebound:SplitLeeching","Slimebound:GoopSpray","Slimebound:Repurpose+1","Slimebound:ViciousTackle","Slimebound:Gluttony+1","Slimebound:Schlurp","Slimebound:TongueLash","Slimebound:AcidTongue","Slimebound:SpikyOuterGoop","Slimebound:Schlurp","Slimebound:SlimeSpikes","Slimebound:SamplingLick","Slimebound:LeechEnergy","Slimebound:AcidTongue","Slimebound:LeechEnergy","Slimebound:Nibble","Slimebound:LeechingTouch+1","Slimebound:Schlurp","Slimebound:RejuvenatingLick+1","Slimebound:LeadByExample+1","Slimebound:LeechEnergy","Slimebound:Grow","Slimebound:Nibble+1","Slimebound:MegaLick","Slimebound:HauntingLick","Slimebound:Dissolve+1","Slimebound:SpikyOuterGoop","Pain","Slimebound:SamplingLick+1","Slimebound:Nibble"],"relics":["Slimebound:AbsorbEndCombat","Prayer Wheel","Matryoshka","Orichalcum","Runic Pyramid","downfall:HeartBlessingGreen","Incense Burner","Oddly Smooth Stone","downfall:HeartBlessingBlue","Strawberry","Mercury Hourglass","Slimebound:TarBlob","downfall:HeartBlessingRed","Singing Bowl","HollowMod:PaleOreRelic","Potion Belt","WarpedTongs","Anchor","Mummified Hand","Pantograph"],"acts_visited":["Exordium","TheCity","TheBeyond","TheEnding"],"potions_floor_usage":[47,50,56],"damage_taken":[{"damage":0.0,"enemies":"Cultist","floor":2.0,"turns":4.0},{"damage":15.0,"enemies":"Small Slimes","floor":3.0,"turns":4.0},{"damage":0.0,"enemies":"2 Louse","floor":6.0,"turns":3.0},{"damage":23.0,"enemies":"HollowMod:MossKnight","floor":8.0,"turns":7.0},{"damage":7.0,"enemies":"Gremlin Gang","floor":9.0,"turns":4.0},{"damage":11.0,"enemies":"downfall:FleeingMerchant","floor":11.0,"turns":4.0},{"damage":0.0,"enemies":"Exordium Wildlife","floor":12.0,"turns":5.0},{"damage":5.0,"enemies":"3 Louse","floor":13.0,"turns":3.0},{"damage":2.0,"enemies":"Exordium Thugs","floor":14.0,"turns":4.0},{"damage":23.0,"enemies":"Exordium Wildlife","floor":15.0,"turns":4.0},{"damage":37.0,"enemies":"DF_ARCHETYPE_STREAMLINE","floor":16.0,"turns":11.0},{"damage":15.0,"enemies":"Chosen","floor":19.0,"turns":6.0},{"damage":1.0,"enemies":"3 Byrds","floor":21.0,"turns":4.0},{"damage":20.0,"enemies":"Snecko","floor":22.0,"turns":5.0},{"damage":10.0,"enemies":"Slavers","floor":23.0,"turns":7.0},{"damage":20.0,"enemies":"Centurion and Healer","floor":26.0,"turns":4.0},{"damage":1.0,"enemies":"Sentry and Sphere","floor":29.0,"turns":7.0},{"damage":12.0,"enemies":"downfall:FleeingMerchant","floor":30.0,"turns":4.0},{"damage":1.0,"enemies":"Cultist and Chosen","floor":32.0,"turns":5.0},{"damage":8.0,"enemies":"SI_MIRROR_ARCHETYPE","floor":33.0,"turns":8.0},{"damage":3,"enemies":"3 Darklings","floor":36,"turns":5},{"damage":1,"enemies":"downfall:FleeingMerchant","floor":38,"turns":4},{"damage":4,"enemies":"Orb Walker","floor":39,"turns":3},{"damage":28,"enemies":"HollowMod:StalkingDevout","floor":40,"turns":5},{"damage":17,"enemies":"Reptomancer","floor":42,"turns":5},{"damage":15,"enemies":"Maw","floor":43,"turns":6},{"damage":28,"enemies":"Giant Head","floor":45,"turns":6},{"damage":3,"enemies":"Transient","floor":46,"turns":5},{"damage":17,"enemies":"Sphere and 2 Shapes","floor":47,"turns":4},{"damage":2,"enemies":"4 Shapes","floor":48,"turns":4},{"damage":11,"enemies":"3 Darklings","floor":49,"turns":5},{"damage":54,"enemies":"IC_BLOCK_ARCHETYPE","floor":50,"turns":10},{"damage":79,"enemies":"downfall:CharBossMerchant","floor":52,"turns":10},{"damage":31,"enemies":"downfall:NeowBoss","floor":55,"turns":12},{"damage":34,"enemies":"downfall:NeowBossFinal","floor":56,"turns":12}],"seed_played":"6886474667170907013","potions_obtained":[{"floor":2.0,"key":"FairyPotion"},{"floor":6.0,"key":"SkillPotion"},{"floor":8.0,"key":"Block Potion"},{"floor":15.0,"key":"Explosive Potion"},{"floor":16.0,"key":"Slimebound:SlimedPotion"},{"floor":19.0,"key":"FearPotion"},{"floor":26.0,"key":"FearPotion"},{"floor":32.0,"key":"DistilledChaos"},{"floor":33.0,"key":"Guardian:BlockOnCardUsePotion"},{"floor":45,"key":"CultistPotion"},{"floor":46,"key":"FearPotion"},{"floor":48,"key":"Explosive Potion"}],"is_trial":false,"path_per_floor":["R","M","M","T","?","M","T","E","M","?","$","M","M","M","M","B",null,"R","M","?","M","M","E","T","R","M","?","R","M","$","T","M","B",null,"R","M","?","$","M","E","T","E","M","?","E","M","M","M","M","B",null,"E","$","R","B","B",null],"character_chosen":"SLIMEBOUND","items_purchased":["Slimebound:TongueLash","Slimebound:AcidTongue","Pantograph"],"campfire_rested":1,"item_purchase_floors":[11,11,53],"current_hp_per_floor":[47,50,52,52,52,54,54,52,49,49,40,44,42,44,38,26,65,65,65,65,65,62,60,60,70,70,70,70,75,70,77,82,82,82,82,82,82,82,82,54,54,43,54,54,38,45,37,42,42,36,100,35,35,65,93,84],"gold":30,"neow_bonus":"TRANSFORM_TWO_CARDS","is_daily":false,"chose_seed":false,"campfire_upgraded":4,"win_rate":0.0,"timestamp":1610932450,"path_taken":["R","M","M","?","?","M","T","E","M","?","$","?","M","M","M","BOSS","R","M","?","M","?","E","T","R","M","?","R","M","?","?","M","BOSS","R","M","?","?","M","E","T","E","M","?","E","M","M","?","M","BOSS","E","$","R","BOSS","BOSS"],"items_purchased_type":["Card","Card","Relic"],"build_version":"2020-12-22","purchased_purges":1,"victory":true,"max_hp_per_floor":[65,65,65,65,65,65,65,65,65,65,65,65,65,65,65,65,65,65,65,65,65,65,65,65,75,75,75,75,75,75,82,82,82,82,82,82,82,82,82,82,82,82,84,84,86,90,94,96,100,100,100,100,100,100,100,100],"card_choices":[{"not_picked":["Slimebound:SpikyOuterGoop","Slimebound:SplitBruiser"],"picked":"Slimebound:GoopSpray","floor":2.0},{"not_picked":["Slimebound:SamplingLick","Slimebound:Teamwork"],"picked":"Slimebound:SplitLeeching","floor":3.0},{"not_picked":["Slimebound:ComboTackle","Slimebound:SlimeSpikes"],"picked":"Slimebound:GoopSpray","floor":6.0},{"not_picked":["Slimebound:DivideAndConquer","Slimebound:DouseInSlime"],"picked":"Slimebound:Repurpose","floor":6.0},{"not_picked":["Slimebound:LivingWall","Slimebound:PressTheAttack"],"picked":"Slimebound:ViciousTackle","floor":8.0},{"not_picked":["Slimebound:PressTheAttack","Slimebound:AcidTongue"],"picked":"Slimebound:Gluttony","floor":9.0},{"not_picked":["Slimebound:FinishingTackle","Slimebound:PressTheAttack","Slimebound:LivingWall"],"picked":"SKIP","floor":9.0},{"not_picked":["Slimebound:SpikyOuterGoop","Slimebound:BestDefense"],"picked":"Slimebound:Schlurp","floor":11.0},{"not_picked":["Slimebound:ServeAndProtect","Slimebound:ViciousTackle"],"picked":"Slimebound:SpikyOuterGoop","floor":12.0},{"not_picked":["Slimebound:SplitMire","Slimebound:ProtectTheBoss"],"picked":"Slimebound:Schlurp","floor":12.0},{"not_picked":["Slimebound:DivideAndConquer","Slimebound:Darklings"],"picked":"Slimebound:SlimeSpikes","floor":13.0},{"not_picked":["Slimebound:FinishingTackle","Slimebound:GrowthPunch","Slimebound:PressTheAttack"],"picked":"SKIP","floor":13.0},{"not_picked":["Slimebound:DivideAndConquer","Slimebound:ComboTackle"],"picked":"Slimebound:SamplingLick","floor":14.0},{"not_picked":["Slimebound:SlimeSpikes","Slimebound:GoopTackle","Slimebound:GrowthPunch"],"picked":"SKIP","floor":14.0},{"not_picked":["Slimebound:MassFeed","Slimebound:Repurpose"],"picked":"Slimebound:LeechEnergy","floor":15.0},{"not_picked":["Slimebound:SplitBruiser","Slimebound:GoopSpray","Slimebound:LeadByExample"],"picked":"SKIP","floor":15.0},{"not_picked":["Slimebound:SlimeBrawl","Slimebound:ItLooksTasty"],"picked":"Slimebound:AcidTongue","floor":19.0},{"not_picked":["Slimebound:SlimeSpikes","Slimebound:GoopSpray","Slimebound:RollThrough"],"picked":"SKIP","floor":19.0},{"not_picked":["Slimebound:ItLooksTasty","Slimebound:SlimeBrawl"],"picked":"Slimebound:LeechEnergy","floor":21.0},{"not_picked":["Slimebound:AcidTongue+1","Slimebound:GoopTackle"],"picked":"Slimebound:Nibble","floor":21.0},{"not_picked":["Slimebound:LivingWall","Slimebound:SplitLeeching"],"picked":"Slimebound:LeechingTouch+1","floor":22.0},{"not_picked":["Slimebound:SlimeTap+1","Slimebound:RollThrough","Slimebound:FormOfPuddle"],"picked":"SKIP","floor":22.0},{"not_picked":["Slimebound:BestDefense","Slimebound:ItLooksTasty+1"],"picked":"Slimebound:Schlurp","floor":23.0},{"not_picked":["Slimebound:TagTeam","Slimebound:RollThrough"],"picked":"Slimebound:RejuvenatingLick+1","floor":26.0},{"not_picked":["Slimebound:SamplingLick+1","Slimebound:Equalize"],"picked":"Slimebound:LeadByExample+1","floor":26.0},{"not_picked":["Slimebound:RainOfGoop","Slimebound:ViciousTackle"],"picked":"Slimebound:Nibble+1","floor":29.0},{"not_picked":["Slimebound:GrowthPunch","Slimebound:SplitAcid","Slimebound:LeechingTouch+1"],"picked":"SKIP","floor":29.0},{"not_picked":["Slimebound:Chomp","Slimebound:ItLooksTasty","Slimebound:Schlurp"],"picked":"SKIP","floor":30.0},{"not_picked":["Slimebound:Schlurp","Slimebound:SplitMire","Slimebound:FlameTackle"],"picked":"SKIP","floor":32.0},{"not_picked":["Slimebound:MassRepurpose","Slimebound:SplitBruiser+1","Slimebound:ItLooksTasty"],"picked":"SKIP","floor":32.0},{"not_picked":["Slimebound:SplitMire+1","Slimebound:GrowthPunch"],"picked":"Slimebound:MegaLick","floor":36},{"not_picked":["Slimebound:LevelUp+1","Slimebound:Nibble","Slimebound:Repurpose+1"],"picked":"SKIP","floor":36},{"not_picked":["Slimebound:SlimeSpikes","Slimebound:Grow","Slimebound:GoopTackle+1"],"picked":"SKIP","floor":38},{"not_picked":["Slimebound:Grow+1","Slimebound:GoopTackle+1","Slimebound:SplitLeeching+1"],"picked":"SKIP","floor":39},{"not_picked":["Slimebound:LeadByExample","Slimebound:MinionMaster","Slimebound:LeechEnergy"],"picked":"SKIP","floor":39},{"not_picked":["Slimebound:LivingWall+1","Slimebound:FormOfPuddle+1"],"picked":"Slimebound:HauntingLick","floor":40},{"not_picked":["Slimebound:Replication","Slimebound:LeadByExample"],"picked":"Slimebound:Dissolve+1","floor":42},{"not_picked":["Slimebound:ViciousTackle+1","Slimebound:GrowthPunch","Slimebound:SplitBruiser+1"],"picked":"Singing Bowl","floor":43},{"not_picked":["Slimebound:SplitMire+1","Slimebound:SamplingLick"],"picked":"Slimebound:SpikyOuterGoop","floor":43},{"not_picked":["Slimebound:ViciousTackle","Slimebound:ComboTackle","Slimebound:LivingWall"],"picked":"Singing Bowl","floor":45},{"not_picked":["Slimebound:Schlurp+1","Slimebound:DivideAndConquer","Slimebound:RollThrough+1"],"picked":"Singing Bowl","floor":46},{"not_picked":["Slimebound:SlimeBrawl+1","Slimebound:Grow","Slimebound:SplitMire+1"],"picked":"Singing Bowl","floor":46},{"not_picked":["Slimebound:GoopSpray","Slimebound:LeechEnergy","Slimebound:MegaLick"],"picked":"Singing Bowl","floor":47},{"not_picked":["Slimebound:ItLooksTasty","Slimebound:SplitAcid+1","Slimebound:PrepareCrush"],"picked":"Singing Bowl","floor":47},{"not_picked":["Slimebound:LeechEnergy+1","Slimebound:LeechingTouch+1"],"picked":"Slimebound:SamplingLick+1","floor":48},{"not_picked":["Slimebound:GoopTackle","Slimebound:Gluttony","Slimebound:SamplingLick"],"picked":"Singing Bowl","floor":48},{"not_picked":["Slimebound:MegaLick","Slimebound:Repurpose+1","Slimebound:BestDefense+1"],"picked":"Singing Bowl","floor":49},{"not_picked":["Slimebound:LeechEnergy+1","Slimebound:GrowthPunch+1","Slimebound:ItLooksTasty+1"],"picked":"Singing Bowl","floor":49},{"not_picked":["Slimebound:ForwardTackle","Slimebound:LivingWall"],"picked":"Slimebound:Nibble","floor":52}],"player_experience":144661,"relics_obtained":[{"floor":4.0,"key":"Prayer Wheel"},{"floor":7.0,"key":"Matryoshka"},{"floor":8.0,"key":"Orichalcum"},{"floor":23.0,"key":"Incense Burner"},{"floor":24.0,"key":"Oddly Smooth Stone"},{"floor":31.0,"key":"Strawberry"},{"floor":31.0,"key":"Mercury Hourglass"},{"floor":40,"key":"Singing Bowl"},{"floor":41,"key":"HollowMod:PaleOreRelic"},{"floor":42,"key":"Potion Belt"},{"floor":45,"key":"Anchor"},{"floor":52,"key":"Mummified Hand"}],"event_choices":[{"damage_healed":0.0,"max_hp_gain":0.0,"max_hp_loss":0.0,"gold_gain":0.0,"event_name":"NoteForYourself","player_choice":"Ignored","floor":20.0,"gold_loss":0.0,"damage_taken":0.0},{"damage_healed":0.0,"max_hp_gain":0.0,"max_hp_loss":0.0,"gold_gain":0.0,"cards_transformed":["Slimebound:Defend_Slimebound","Slimebound:Tackle"],"event_name":"Drug Dealer","player_choice":"Became Test Subject","floor":27.0,"gold_loss":0.0,"damage_taken":0.0,"cards_obtained":["Slimebound:LeechEnergy","Slimebound:Grow"]},{"damage_healed":0,"gold_gain":0,"player_choice":"Rummage","damage_taken":0,"relics_obtained":["WarpedTongs"],"max_hp_gain":0,"max_hp_loss":0,"event_name":"Accursed Blacksmith","floor":44,"gold_loss":0,"cards_obtained":["Pain"]}],"is_beta":false,"boss_relics":[{"not_picked":["Fusion Hammer","Tiny House"],"picked":"Runic Pyramid"},{"not_picked":["Slimebound:AbsorbEndCombatUpgraded","Calling Bell"],"picked":"Slimebound:TarBlob"}],"items_purged_floors":[30],"is_endless":false,"potions_floor_spawned":[2,6,8,12,15,16,19,21,26,32,33,40,45,46,48],"ascension_level":0}}