{"host":"6ve8qn5s1am4lo6s","time":1610993280,"event":{"mods":["AchievementEnabler","BaseMod","Better Altar","Better Match","Better Note","Better Vampires","BetterRewards","CapriCore","Displayed Cursed Tome","Evolution","Minty Spire (QoL Compilation)","Permanent Neow","Relic Stats","StSLib","The Animator"],"gold_per_floor":[264,264,264,163,178,209,309,309,309,325,344,344,344,357,357,460,460,470,327,342,178,192,225,225,73,73,123,123,134,84,104,104,205,205,217,237,288,298,298,298,310,337,337,337,245,245,245,245,245,245,245],"floor_reached":50,"language":"ENG","playtime":3791,"items_purged":["animator:GazelDwargon","animator:Urushihara"],"score":713,"play_id":"fa7715ad-6211-41cf-959a-defd136dd601","local_time":"20210118130800","is_ascension_mode":false,"campfire_choices":[{"floor":8.0,"key":"RECALL"},{"data":"animator:Kaijin","floor":12.0,"key":"SMITH"},{"data":"Fire Breathing","floor":15.0,"key":"SMITH"},{"data":"Ragnarok","floor":24,"key":"SMITH"},{"data":"Omniscience","floor":28,"key":"SMITH"},{"data":"animator:MumenRider","floor":32,"key":"SMITH"},{"floor":40,"key":"REST"},{"data":"Madness","floor":44,"key":"SMITH"},{"data":"animator:MisakiNakahara","floor":46,"key":"SMITH"},{"data":"Brutality","floor":49,"key":"SMITH"}],"circlet_count":0,"master_deck":["animator:Emonzaemon","animator:Shuna","animator:Emonzaemon","animator:Emonzaemon","animator:Shuna","animator:Shuna","animator:Shuna","animator:Shimakaze","Fire Breathing+1","animator:Kaijin+1","Brutality+1","Ragnarok+1","animator:Shuna","animator:Kyubey","animator:Guy","Omniscience+1","animator:Shizu","Juggernaut","Madness+1","animator:Guy","animator:Scar","Alpha","animator:MisakiNakahara+1"],"relics":["animator:VividPicture","animator:TheMissingPiece","EVO:Axolotl","Pocketwatch","PrismaticShard","Torii","Smiling Mask","Sozu","Bronze Scales","Lee\u0027s Waffle","Blood Vial","Thread and Needle","Sundial","Bag of Marbles"],"acts_visited":["Exordium","TheCity","TheBeyond"],"potions_floor_usage":[],"damage_taken":[{"damage":0.0,"enemies":"Jaw Worm","floor":1.0,"turns":3.0},{"damage":0.0,"enemies":"2 Louse","floor":5.0,"turns":2.0},{"damage":8.0,"enemies":"Gremlin Nob","floor":6.0,"turns":4.0},{"damage":0.0,"enemies":"Cultist","floor":10.0,"turns":3.0},{"damage":0.0,"enemies":"Large Slime","floor":11.0,"turns":3.0},{"damage":1.0,"enemies":"Exordium Thugs","floor":14.0,"turns":4.0},{"damage":5.0,"enemies":"Hexaghost","floor":16.0,"turns":6.0},{"damage":5.0,"enemies":"3 Byrds","floor":18.0,"turns":3.0},{"damage":20.0,"enemies":"Spheric Guardian","floor":20.0,"turns":4.0},{"damage":1.0,"enemies":"Centurion and Healer","floor":22.0,"turns":5.0},{"damage":13,"enemies":"Slavers","floor":23,"turns":4},{"damage":2,"enemies":"Snake Plant","floor":29,"turns":3},{"damage":0,"enemies":"Sentry and Sphere","floor":31,"turns":3},{"damage":4,"enemies":"Automaton","floor":33,"turns":6},{"damage":0,"enemies":"Orb Walker","floor":35,"turns":2},{"damage":0,"enemies":"3 Shapes","floor":36,"turns":3},{"damage":65,"enemies":"2 Orb Walkers","floor":37,"turns":4},{"damage":16,"enemies":"3 Darklings","floor":38,"turns":3},{"damage":0,"enemies":"Transient","floor":41,"turns":5},{"damage":0,"enemies":"Nemesis","floor":42,"turns":4},{"damage":39,"enemies":"Donu and Deca","floor":50,"turns":3}],"seed_played":"4436828388811401933","potions_obtained":[{"floor":6.0,"key":"Dexterity Potion"},{"floor":10.0,"key":"DuplicationPotion"}],"is_trial":false,"path_per_floor":["M","?","?","?","M","E","?","R","T","M","M","R","?","M","R","B",null,"M","$","M","$","M","E","R","$","T","?","R","M","$","M","R","B",null,"M","M","?","M","?","R","M","E","T","R","$","R","?","?","R","B"],"character_chosen":"THE_ANIMATOR","items_purchased":["PrismaticShard","animator:Urushihara","animator:Kyubey","Lee\u0027s Waffle","animator:MisakiNakahara"],"campfire_rested":1,"item_purchase_floors":[0,19,21,25,45],"current_hp_per_floor":[53,53,58,58,58,50,50,50,50,50,50,50,50,49,49,44,73,68,68,48,48,47,34,34,80,80,80,80,78,78,80,80,76,80,80,80,15,1,1,25,27,29,29,29,29,29,29,29,29,0,0],"gold":245,"neow_bonus":"","is_daily":false,"chose_seed":false,"campfire_upgraded":8,"win_rate":0.0,"timestamp":1610993280,"path_taken":["M","?","?","?","?","E","?","R","T","?","M","R","?","M","R","BOSS","M","$","M","?","M","E","R","?","T","?","R","M","$","M","R","BOSS","M","M","?","M","?","R","?","E","T","R","$","R","?","?","R","BOSS"],"items_purchased_type":["Relic","Card","Card","Relic","Card"],"build_version":"2020-12-22","purchased_purges":2,"victory":false,"max_hp_per_floor":[68,68,73,73,73,73,73,73,73,73,73,73,73,73,73,73,73,73,73,73,73,73,73,73,80,80,80,80,80,80,80,80,80,80,80,80,80,80,80,80,80,80,80,80,80,80,80,80,80,80,80],"relic_stats":{"Sozu":11,"Blood Vial":10,"Lee\u0027s Waffle":46,"Torii":27,"counters":[97,397],"Sundial":[0],"Bronze Scales":[96],"Smiling Mask":75,"obtain_stats":[{"Calipers":40,"Gremlin Horn":14,"Vajra":44,"EVO:Axolotl":0,"Whetstone":25,"Boot":45,"Old Coin":31,"Blood Vial":10,"Sozu":17,"Centennial Puzzle":28,"HornCleat":1,"Sundial":28,"MealTicket":11,"Prayer Wheel":30,"Philosopher\u0027s Stone":34,"Toxic Egg 2":41,"Pear":43,"Happy Flower":4,"Blue Candle":48,"Oddly Smooth Stone":39,"Charon\u0027s Ashes":45,"Letter Opener":27,"Paper Crane":9,"War Paint":42,"animator:CerealBox":0,"WarpedTongs":10,"Du-Vu Doll":0,"SlaversCollar":34,"Bottled Flame":41,"Shuriken":4,"Bronze Scales":38,"Molten Egg 2":23,"Black Star":17,"animator:HeavyHalberd":0,"Unceasing Top":8,"Meat on the Bone":22,"Pocketwatch":42,"Darkstone Periapt":0,"animator:ShionDessert":44,"Lantern":47,"Torii":4,"animator:TheMissingPiece":0,"StoneCalendar":40,"Mango":44,"Bag of Preparation":14,"Juzu Bracelet":0,"Cursed Key":0,"Smiling Mask":5,"Ancient Tea Set":27,"PrismaticShard":0,"Nunchaku":29,"Shovel":18,"animator:AncientMedallion":53,"Mummified Hand":26,"Tiny Chest":30,"WingedGreaves":0,"animator:HallowedScabbard":26,"animator:VividPicture":17,"Red Skull":36,"Paper Frog":31,"Potion Belt":37,"animator:Buoy":44,"Lee\u0027s Waffle":25,"Thread and Needle":41,"The Courier":3,"PreservedInsect":35,"Frozen Egg 2":46,"Medical Kit":44,"MawBank":46,"White Beast Statue":21,"Peace Pipe":0,"animator:TheEgnaroPiece":53,"Anchor":30,"Ornamental Fan":23,"animator:EngravedStaff":25,"animator:LivingPicture":0,"Art of War":12,"Bag of Marbles":19,"Bottled Lightning":20,"Champion Belt":0,"FossilizedHelix":6,"TungstenRod":48,"Toy Ornithopter":49},{"Calipers":29,"Gremlin Horn":67,"Vajra":31,"EVO:Axolotl":0,"Whetstone":18,"Boot":32,"Old Coin":23,"Blood Vial":7,"Sozu":68,"Centennial Puzzle":20,"HornCleat":1,"Sundial":20,"MealTicket":8,"Prayer Wheel":22,"Philosopher\u0027s Stone":24,"Toxic Egg 2":53,"Pear":31,"Happy Flower":37,"Blue Candle":34,"Oddly Smooth Stone":28,"Charon\u0027s Ashes":32,"Letter Opener":19,"Paper Crane":6,"War Paint":31,"animator:CerealBox":35,"WarpedTongs":64,"Du-Vu Doll":0,"SlaversCollar":49,"Bottled Flame":30,"Shuriken":3,"Bronze Scales":27,"Molten Egg 2":17,"Black Star":11,"animator:HeavyHalberd":0,"Unceasing Top":6,"Meat on the Bone":16,"Pocketwatch":31,"Darkstone Periapt":0,"animator:ShionDessert":31,"Lantern":33,"Torii":77,"animator:TheMissingPiece":0,"StoneCalendar":29,"Mango":31,"Bag of Preparation":10,"Juzu Bracelet":60,"Cursed Key":0,"Smiling Mask":4,"Ancient Tea Set":19,"PrismaticShard":76,"Nunchaku":21,"Shovel":12,"animator:AncientMedallion":57,"Mummified Hand":18,"Tiny Chest":47,"WingedGreaves":35,"animator:HallowedScabbard":72,"animator:VividPicture":41,"Red Skull":26,"Paper Frog":23,"Potion Belt":27,"animator:Buoy":31,"Lee\u0027s Waffle":87,"Thread and Needle":30,"The Courier":2,"PreservedInsect":25,"Frozen Egg 2":33,"Medical Kit":31,"MawBank":33,"White Beast Statue":15,"Peace Pipe":35,"animator:TheEgnaroPiece":57,"Anchor":74,"Ornamental Fan":17,"animator:EngravedStaff":18,"animator:LivingPicture":0,"Art of War":9,"Bag of Marbles":13,"Bottled Lightning":14,"Champion Belt":60,"FossilizedHelix":5,"TungstenRod":34,"Toy Ornithopter":34},{"Calipers":94,"Gremlin Horn":283,"Vajra":99,"EVO:Axolotl":0,"Whetstone":66,"Boot":102,"Old Coin":80,"Blood Vial":24,"Sozu":288,"Centennial Puzzle":72,"HornCleat":3,"Sundial":72,"MealTicket":28,"Prayer Wheel":77,"Philosopher\u0027s Stone":84,"Toxic Egg 2":189,"Pear":99,"Happy Flower":112,"Blue Candle":104,"Oddly Smooth Stone":91,"Charon\u0027s Ashes":102,"Letter Opener":69,"Paper Crane":19,"War Paint":99,"animator:CerealBox":105,"WarpedTongs":272,"Du-Vu Doll":0,"SlaversCollar":173,"Bottled Flame":97,"Shuriken":8,"Bronze Scales":88,"Molten Egg 2":64,"Black Star":39,"animator:HeavyHalberd":0,"Unceasing Top":19,"Meat on the Bone":59,"Pocketwatch":99,"Darkstone Periapt":0,"animator:ShionDessert":99,"Lantern":103,"Torii":323,"animator:TheMissingPiece":0,"StoneCalendar":94,"Mango":99,"Bag of Preparation":33,"Juzu Bracelet":251,"Cursed Key":0,"Smiling Mask":11,"Ancient Tea Set":69,"PrismaticShard":320,"Nunchaku":74,"Shovel":41,"animator:AncientMedallion":214,"Mummified Hand":66,"Tiny Chest":158,"WingedGreaves":105,"animator:HallowedScabbard":302,"animator:VividPicture":130,"Red Skull":86,"Paper Frog":80,"Potion Belt":88,"animator:Buoy":99,"Lee\u0027s Waffle":361,"Thread and Needle":97,"The Courier":5,"PreservedInsect":85,"Frozen Egg 2":103,"Medical Kit":99,"MawBank":103,"White Beast Statue":55,"Peace Pipe":105,"animator:TheEgnaroPiece":214,"Anchor":313,"Ornamental Fan":64,"animator:EngravedStaff":66,"animator:LivingPicture":0,"Art of War":31,"Bag of Marbles":45,"Bottled Lightning":50,"Champion Belt":251,"FossilizedHelix":14,"TungstenRod":104,"Toy Ornithopter":104}],"Pocketwatch":[48]},"card_choices":[{"not_picked":["Catalyst","animator:Sonic"],"picked":"animator:Souei","floor":1.0},{"not_picked":["ThirdEye","Dark Embrace","Tantrum"],"picked":"SKIP","floor":5.0},{"not_picked":["animator:Berserker","animator:Kuribayashi"],"picked":"Fire Breathing","floor":6.0},{"not_picked":["animator:Shion","animator:Hakurou"],"picked":"animator:Kaijin","floor":10.0},{"not_picked":["Storm","Eviscerate","animator:DolaRiku"],"picked":"SKIP","floor":11.0},{"not_picked":["animator:PandorasActor","animator:Shuna"],"picked":"Brutality","floor":14.0},{"not_picked":["animator:Father","Barricade"],"picked":"Ragnarok","floor":16.0},{"not_picked":["animator:DolaStephanie","Worship","animator:Ara"],"picked":"SKIP","floor":18.0},{"not_picked":["animator:GazelDwargon","animator:Souei"],"picked":"animator:Shuna","floor":20.0},{"not_picked":["Blade Dance","Dagger Throw"],"picked":"animator:Guy","floor":22},{"not_picked":["Dagger Spray","FollowUp"],"picked":"Omniscience","floor":23},{"not_picked":["Prostrate+1","Leap"],"picked":"animator:MumenRider","floor":29},{"not_picked":["animator:Benimaru","animator:GazelDwargon"],"picked":"animator:Shizu","floor":31},{"not_picked":["animator:Emilia","Vault"],"picked":"Juggernaut","floor":33},{"not_picked":["animator:DolaSchwi+1","DeceiveReality+1"],"picked":"Madness","floor":35},{"not_picked":["animator:YuiTsuruno","Iron Wave+1","CrushJoints"],"picked":"SKIP","floor":36},{"not_picked":["Whirlwind+1","FollowUp"],"picked":"animator:Guy","floor":38},{"not_picked":["Enlightenment","Reaper"],"picked":"Alpha","floor":42}],"player_experience":423204,"relics_obtained":[{"floor":6.0,"key":"Smiling Mask"},{"floor":23,"key":"Bronze Scales"},{"floor":26,"key":"Blood Vial"},{"floor":37,"key":"Thread and Needle"},{"floor":42,"key":"Sundial"},{"floor":43,"key":"Bag of Marbles"}],"event_choices":[{"damage_healed":0.0,"max_hp_gain":0.0,"max_hp_loss":0.0,"gold_gain":0.0,"event_name":"Living Wall","player_choice":"Grow","floor":2.0,"gold_loss":0.0,"damage_taken":0.0,"cards_upgraded":["animator:Souei"]},{"damage_healed":0.0,"max_hp_gain":5.0,"max_hp_loss":0.0,"gold_gain":0.0,"event_name":"Big Fish","player_choice":"Donut","floor":3.0,"gold_loss":0.0,"damage_taken":0.0},{"damage_healed":0.0,"max_hp_gain":0.0,"max_hp_loss":0.0,"gold_gain":0.0,"event_name":"WeMeetAgain","player_choice":"Paid Gold","floor":4.0,"gold_loss":101.0,"damage_taken":0.0,"relics_obtained":["Torii"]},{"damage_healed":0.0,"max_hp_gain":0.0,"max_hp_loss":0.0,"gold_gain":100.0,"event_name":"Golden Shrine","player_choice":"Pray","floor":7.0,"gold_loss":0.0,"damage_taken":0.0},{"damage_healed":0.0,"max_hp_gain":0.0,"max_hp_loss":0.0,"gold_gain":0.0,"cards_transformed":["animator:Souei"],"event_name":"Transmorgrifier","player_choice":"Transformed","floor":13.0,"gold_loss":0.0,"damage_taken":0.0,"cards_obtained":["animator:GazelDwargon"]},{"damage_healed":0,"gold_gain":100,"player_choice":"Bet on Murderer","damage_taken":0,"max_hp_gain":0,"max_hp_loss":0,"event_name":"The Joust","floor":27,"gold_loss":50},{"damage_healed":0,"gold_gain":0,"player_choice":"Fight","damage_taken":0,"max_hp_gain":0,"max_hp_loss":0,"event_name":"Mysterious Sphere","floor":37,"gold_loss":0},{"damage_healed":0,"gold_gain":0,"cards_transformed":["animator:Emonzaemon"],"player_choice":"Transformed","damage_taken":0,"max_hp_gain":0,"max_hp_loss":0,"event_name":"Transmorgrifier","floor":39,"gold_loss":0,"cards_obtained":["animator:Scar"]},{"cards_removed":["animator:MumenRider"],"damage_healed":0,"gold_gain":0,"player_choice":"Removed Attack","damage_taken":0,"max_hp_gain":0,"max_hp_loss":0,"event_name":"Falling","floor":47,"gold_loss":0},{"damage_healed":0,"gold_gain":0,"player_choice":"Got Potions","damage_taken":0,"max_hp_gain":0,"max_hp_loss":0,"event_name":"Lab","floor":48,"gold_loss":0}],"is_beta":false,"boss_relics":[{"not_picked":["Cursed Key","Black Star"],"picked":"Sozu"},{"not_picked":["Calling Bell","Pandora\u0027s Box"],"picked":"animator:VividPicture"}],"items_purged_floors":[19,30],"is_endless":false,"potions_floor_spawned":[6,10,23,29,33,36,38],"killed_by":"Donu and Deca","ascension_level":0}}