{"host":"63rwe7p34ct1i0qu","time":1610939319,"event":{"mods":["BaseMod","Colored Map","DeckTracker","Minty Spire (QoL Compilation)","Permanent Neow","Quick Restart","StSLib"],"gold_per_floor":[110,120,120,120,135,135,162,162,162,190,215,227,255,298,310,322,322],"floor_reached":16,"language":"KOR","playtime":688,"items_purged":[],"score":192,"play_id":"3596bc00-2b53-413b-bdf4-c0cfca7418b7","local_time":"20210118120839","is_ascension_mode":true,"campfire_choices":[{"data":"Zap","floor":6.0,"key":"SMITH"},{"floor":8.0,"key":"REST"},{"floor":12.0,"key":"REST"},{"floor":15,"key":"REST"}],"circlet_count":0,"master_deck":["AscendersBane","Strike_B","Strike_B","Strike_B","Strike_B","Defend_B","Defend_B","Defend_B","Defend_B","Zap+1","Dualcast","Rainbow","Hologram","Cold Snap","Blizzard","Glacier","Sunder"],"relics":["Cracked Core","Shuriken","Pantograph","MawBank","The Courier"],"acts_visited":["Exordium"],"potions_floor_usage":[14],"damage_taken":[{"damage":1.0,"enemies":"Cultist","floor":1.0,"turns":3.0},{"damage":5.0,"enemies":"Jaw Worm","floor":2.0,"turns":3.0},{"damage":1.0,"enemies":"2 Louse","floor":5.0,"turns":2.0},{"damage":16.0,"enemies":"Gremlin Nob","floor":7.0,"turns":4.0},{"damage":35.0,"enemies":"3 Sentries","floor":10.0,"turns":9.0},{"damage":10.0,"enemies":"Large Slime","floor":11.0,"turns":5.0},{"damage":7.0,"enemies":"Red Slaver","floor":13.0,"turns":3.0},{"damage":22,"enemies":"Gremlin Nob","floor":14,"turns":4},{"damage":45,"enemies":"Slime Boss","floor":16,"turns":10}],"seed_played":"254035447950616617","potions_obtained":[{"floor":2.0,"key":"Block Potion"},{"floor":3.0,"key":"Fruit Juice"},{"floor":3.0,"key":"DistilledChaos"},{"floor":5.0,"key":"Fire Potion"},{"floor":13.0,"key":"Strength Potion"}],"is_trial":false,"path_per_floor":["M","M","?","$","M","R","E","R","T","E","M","R","M","E","R","B"],"character_chosen":"DEFECT","items_purchased":[],"campfire_rested":3,"item_purchase_floors":[],"current_hp_per_floor":[49,44,49,49,48,48,32,56,56,21,11,35,28,6,30,10,10],"gold":322,"neow_bonus":"THREE_RARE_CARDS","is_daily":false,"chose_seed":false,"campfire_upgraded":1,"win_rate":0.0,"timestamp":1610939319,"path_taken":["M","?","?","$","M","R","E","R","T","E","M","R","M","E","R","BOSS"],"items_purchased_type":[],"build_version":"2020-12-22","purchased_purges":0,"victory":false,"max_hp_per_floor":[75,75,80,80,80,80,80,80,80,80,80,80,80,80,80,80,80],"card_choices":[{"not_picked":["Multi-Cast","Reboot"],"picked":"Rainbow","floor":0.0},{"not_picked":["Conserve Battery","Redo","Reinforced Body"],"picked":"SKIP","floor":1.0},{"not_picked":["Fusion","Sweeping Beam","Reinforced Body"],"picked":"SKIP","floor":2.0},{"not_picked":["Leap","Fusion"],"picked":"Hologram","floor":5.0},{"not_picked":["Double Energy","Scrape","Stack"],"picked":"SKIP","floor":7.0},{"not_picked":["Auto Shields","Steam"],"picked":"Cold Snap","floor":10.0},{"not_picked":["Compile Driver","Lockon"],"picked":"Blizzard","floor":11.0},{"not_picked":["Heatsinks","Coolheaded"],"picked":"Glacier","floor":13.0},{"not_picked":["Leap","Undo"],"picked":"Sunder","floor":14}],"player_experience":842180,"relics_obtained":[{"floor":7.0,"key":"Shuriken"},{"floor":9.0,"key":"Pantograph"},{"floor":10.0,"key":"MawBank"},{"floor":14,"key":"The Courier"}],"event_choices":[{"damage_healed":0.0,"max_hp_gain":0.0,"max_hp_loss":0.0,"gold_gain":0.0,"event_name":"Lab","player_choice":"Got Potions","floor":3.0,"gold_loss":0.0,"damage_taken":0.0}],"is_beta":false,"boss_relics":[],"items_purged_floors":[],"is_endless":false,"potions_floor_spawned":[2,5,13],"killed_by":"Slime Boss","ascension_level":12}}