{"host":"746m694if73h3gai","time":1610971156,"event":{"mods":["2.2 Compatiblity","AchievementEnabler","Act Like it!","BaseMod","Bestiary","Colored Map","Colored Powertips","Downfall","Minty Spire (QoL Compilation)","Quick Restart","Rare Cards Sparkle","Relic Stats","StSLib","The Cursed","Wandering Minibosses","everything is the same but u backflip on backflip","slay the spire mod where everything is the same but ironclad has a cowboy hat"],"gold_per_floor":[116,116,134,13,33,33,63,63,89,89,103,136,154,8,8,8,8],"floor_reached":16,"language":"ENG","playtime":557,"items_purged":[],"score":155,"play_id":"718be7d8-369d-41d6-92e9-a38e8de7fc90","local_time":"20210118125916","is_ascension_mode":true,"campfire_choices":[{"data":"Sucker Punch","floor":6,"key":"SMITH"},{"data":"Bullet Time","floor":8,"key":"SMITH"},{"data":"Finisher","floor":10,"key":"SMITH"},{"data":"Survivor","floor":15,"key":"SMITH"}],"circlet_count":0,"master_deck":["Strike_G","Strike_G","Strike_G","Strike_G","Strike_G","Defend_G","Defend_G","Defend_G","Defend_G","Defend_G","Survivor+1","Neutralize","Bullet Time+1","Sucker Punch+1","Backflip","Backstab","Finisher+1","Backstab","Acrobatics","PiercingWail"],"relics":["Ring of the Snake","Blood Vial","Pen Nib","Bag of Marbles","Snake Skull","Anchor"],"acts_visited":["Exordium"],"potions_floor_usage":[16],"damage_taken":[{"damage":0,"enemies":"Small Slimes","floor":1,"turns":3},{"damage":0,"enemies":"2 Louse","floor":3,"turns":3},{"damage":0,"enemies":"Cultist","floor":5,"turns":3},{"damage":26,"enemies":"Gremlin Nob","floor":7,"turns":5},{"damage":0,"enemies":"Exordium Thugs","floor":11,"turns":3},{"damage":0,"enemies":"Lagavulin","floor":12,"turns":1},{"damage":4,"enemies":"Gremlin Gang","floor":13,"turns":2},{"damage":51,"enemies":"The Guardian","floor":16,"turns":12}],"seed_played":"-8564755043535025926","potions_obtained":[{"floor":3,"key":"GhostInAJar"},{"floor":7,"key":"SteroidPotion"},{"floor":13,"key":"Explosive Potion"}],"is_trial":false,"path_per_floor":["M","?","M","$","M","R","E","R","T","R","M","E","M","$","R","B"],"character_chosen":"THE_SILENT","items_purchased":["Backstab","Finisher","Anchor"],"campfire_rested":0,"item_purchase_floors":[4,4,14],"current_hp_per_floor":[70,58,60,60,62,62,38,38,38,38,40,42,40,40,40,0,0],"gold":8,"neow_bonus":"ONE_RANDOM_RARE_CARD","is_daily":false,"chose_seed":false,"campfire_upgraded":4,"win_rate":0.0,"timestamp":1610971156,"path_taken":["M","?","M","$","M","R","E","R","T","R","M","E","M","$","R","BOSS"],"items_purchased_type":["Card","Card","Relic"],"build_version":"2020-12-22","purchased_purges":0,"victory":false,"max_hp_per_floor":[70,70,70,70,70,70,70,70,70,70,70,70,70,70,70,70,70],"relic_stats":{"Blood Vial":14,"counters":[8,32],"Pen Nib":[4],"Snake Skull":[0],"obtain_stats":[{"Blood Vial":2,"Anchor":14,"Pen Nib":7,"Snake Skull":12,"Bag of Marbles":9,"Ring of the Snake":0},{"Blood Vial":1,"Anchor":7,"Pen Nib":4,"Snake Skull":6,"Bag of Marbles":4,"Ring of the Snake":0},{"Blood Vial":3,"Anchor":20,"Pen Nib":14,"Snake Skull":18,"Bag of Marbles":14,"Ring of the Snake":0}],"Ring of the Snake":[16]},"card_choices":[{"not_picked":["Quick Slash","PiercingWail"],"picked":"Sucker Punch","floor":1},{"not_picked":["PiercingWail","Slice"],"picked":"Backflip","floor":3},{"not_picked":["Dodge and Roll","Flechettes","Expertise"],"picked":"SKIP","floor":5},{"not_picked":["Reflex","After Image"],"picked":"Backstab","floor":7},{"not_picked":["Setup","Sucker Punch"],"picked":"Acrobatics","floor":11},{"not_picked":["Prepared","Slice"],"picked":"PiercingWail","floor":12},{"not_picked":["Deflect","Setup","Dagger Throw"],"picked":"SKIP","floor":13}],"player_experience":126551,"relics_obtained":[{"floor":7,"key":"Pen Nib"},{"floor":9,"key":"Bag of Marbles"},{"floor":12,"key":"Snake Skull"}],"event_choices":[{"damage_healed":0,"gold_gain":0,"player_choice":"Success","damage_taken":12,"relics_obtained":["Blood Vial"],"max_hp_gain":0,"max_hp_loss":0,"event_name":"Scrap Ooze","floor":2,"gold_loss":0}],"is_beta":false,"boss_relics":[],"items_purged_floors":[],"is_endless":false,"potions_floor_spawned":[3,7,13],"killed_by":"The Guardian","ascension_level":3}}