{"host":"qk2y4749gcwu4ddj","time":1610983037,"event":{"mods":["Arknights The Spire","BaseMod","Hunter ¡‘»À","Minty Spire (QoL Compilation)","Replay The Spire","Spicy Shops","StSLib","The Cursed","The Runesmith","[GremlinLeader]The Maniac","°æ“≈ŒÔø®≈∆°øREMEMod"],"gold_per_floor":[115,125,18,18,38,72,72,87,87,87,102,102,130,141,141,243,243,260,260,247,265,265,265],"floor_reached":22,"language":"ZHS","playtime":1563,"items_purged":[],"score":198,"play_id":"90b4e333-c8bd-4dd4-b76e-e01425b048bf","local_time":"20210118231717","is_ascension_mode":false,"campfire_choices":[{"floor":7,"key":"DIG"},{"floor":10,"key":"DIG"},{"floor":12,"key":"DIG"},{"floor":15,"key":"REST"}],"circlet_count":0,"master_deck":["TheCursedMod:Strike_TheCursed","TheCursedMod:Strike_TheCursed","TheCursedMod:Defend_TheCursed","TheCursedMod:Defend_TheCursed","TheCursedMod:Defend_TheCursed","TheCursedMod:Defend_TheCursed","TheCursedMod:CursedWand","TheCursedMod:CleanUpWorkshop","TheCursedMod:Dregs","ats:Wolf Pack","TheCursedMod:Hemoplague","TheCursedMod:SpitefulPray","TheCursedMod:CursedAmulet","TheCursedMod:SpitefulStrike","TheCursedMod:CursedShiv","TheCursedMod:SurpriseAttack","TheCursedMod:VoidForm","TheCursedMod:SmokeScreen","TheCursedMod:Grudge","TheCursedMod:RapidMovement"],"relics":["TheCursedMod:BlackMagic101","REME_ComplimentaryCards","Omamori","Shovel","ReplayFunnel","Bottled Tornado","Nunchaku","Smiling Mask","Mirror","Black Star"],"acts_visited":["Exordium","TheCity"],"potions_floor_usage":[16,16],"damage_taken":[{"damage":0,"enemies":"Cultist","floor":1,"turns":5},{"damage":5,"enemies":"Small Slimes","floor":2,"turns":5},{"damage":0,"enemies":"Jaw Worm","floor":5,"turns":6},{"damage":15,"enemies":"Gremlin Nob","floor":6,"turns":6},{"damage":2,"enemies":"2 Fungi Beasts","floor":8,"turns":4},{"damage":0,"enemies":"Lots of Slimes","floor":11,"turns":5},{"damage":17,"enemies":"Lagavulin","floor":13,"turns":7},{"damage":13,"enemies":"Exordium Wildlife","floor":14,"turns":7},{"damage":37,"enemies":"The Guardian","floor":16,"turns":11},{"damage":2,"enemies":"3 Byrds","floor":18,"turns":6},{"damage":11,"enemies":"2 Thieves","floor":20,"turns":5},{"damage":13,"enemies":"Snake Plant","floor":21,"turns":7},{"damage":42,"enemies":"3 Cultists","floor":22,"turns":7}],"seed_played":"-7929268846806038422","potions_obtained":[{"floor":1,"key":"DuplicationPotion"},{"floor":5,"key":"Regen Potion"},{"floor":8,"key":"BlessingOfTheForge"},{"floor":16,"key":"FearPotion"}],"is_trial":false,"path_per_floor":["M","M","$","?","M","E","R","M","T","R","M","R","E","M","R","B",null,"M","?","M","M","M"],"character_chosen":"THE_CURSED","items_purchased":["Omamori","TheCursedMod:CursedAmulet"],"campfire_rested":1,"item_purchase_floors":[3,3],"current_hp_per_floor":[75,70,70,70,70,55,55,53,53,53,53,53,36,23,45,23,75,73,66,55,42,0,0],"gold":265,"neow_bonus":"REMOVE_CARD","is_daily":false,"chose_seed":false,"campfire_upgraded":0,"win_rate":0.0,"timestamp":1610983037,"path_taken":["M","M","$","?","M","E","R","M","T","R","M","R","E","M","R","BOSS","M","?","M","M","M"],"items_purchased_type":["Relic","Card"],"build_version":"2020-12-22","purchased_purges":0,"victory":false,"max_hp_per_floor":[75,75,75,75,75,75,75,75,75,75,75,75,75,75,75,75,75,75,75,75,75,75,75],"card_choices":[{"not_picked":["TheCursedMod:TacticalStrike","TheCursedMod:SoulReap"],"picked":"TheCursedMod:Hemoplague","floor":1},{"not_picked":["TheCursedMod:VitalStrike","TheCursedMod:SpitefulStrike"],"picked":"TheCursedMod:SpitefulPray","floor":2},{"not_picked":["TheCursedMod:TacticalStrike","TheCursedMod:Wield"],"picked":"TheCursedMod:SpitefulStrike","floor":5},{"not_picked":["TheCursedMod:ReleasedKnowledge","TheCursedMod:HellfireBreathing"],"picked":"TheCursedMod:CursedShiv","floor":6},{"not_picked":["TheCursedMod:CircleOfFlame","TheCursedMod:CircleOfFocus","TheCursedMod:Stigma"],"picked":"SKIP","floor":8},{"not_picked":["TheCursedMod:CircleOfCorruption","TheCursedMod:DoubleShield"],"picked":"TheCursedMod:SurpriseAttack","floor":11},{"not_picked":["TheCursedMod:Stigma","TheCursedMod:CircleOfCorruption","TheCursedMod:HellfireBreathing"],"picked":"SKIP","floor":13},{"not_picked":["TheCursedMod:CircleOfCorruption","TheCursedMod:Obscuration","TheCursedMod:AntiAging"],"picked":"SKIP","floor":14},{"not_picked":["TheCursedMod:ForbiddenAlchemy","TheCursedMod:ManaCirculation"],"picked":"TheCursedMod:VoidForm","floor":16},{"not_picked":["TheCursedMod:Grudge","TheCursedMod:Mangle"],"picked":"TheCursedMod:SmokeScreen","floor":18},{"not_picked":["TheCursedMod:FleshFromBone+1","TheCursedMod:FuryStrike"],"picked":"TheCursedMod:Grudge","floor":20},{"not_picked":["TheCursedMod:Stretching+1","TheCursedMod:Obscuration"],"picked":"TheCursedMod:RapidMovement","floor":21}],"player_experience":174402,"relics_obtained":[{"floor":6,"key":"Shovel"},{"floor":7,"key":"ReplayFunnel"},{"floor":9,"key":"Bottled Tornado"},{"floor":10,"key":"Nunchaku"},{"floor":12,"key":"Smiling Mask"},{"floor":13,"key":"Mirror"}],"event_choices":[{"damage_healed":0,"gold_gain":0,"player_choice":"Damaged","damage_taken":7,"max_hp_gain":0,"max_hp_loss":0,"event_name":"Wheel of Change","floor":19,"gold_loss":0}],"is_beta":false,"boss_relics":[{"not_picked":["REME_DuelDisc","Tiny House"],"picked":"Black Star"}],"items_purged_floors":[],"is_endless":false,"potions_floor_spawned":[1,5,8,16,18],"killed_by":"3 Cultists","ascension_level":0}}