{"host":"ydg0vn0pu4pubmdt","time":1610929243,"event":{"mods":["AchievementEnabler","BaseMod","Colored Map","Gold Saver","Minty Spire (QoL Compilation)","Quick Restart","SuperFastMode"],"gold_per_floor":[1062,408,424,441,454,454,485,497,509,521,553,590,612,641,653,763,775,802,828,210,227,237,266,466,103,103,103,123,143,143,143,143,247,247,267,217,235,285,335,365,365,395,395,428,446,446,446,461,461,461],"floor_reached":51,"language":"KOR","playtime":3144,"items_purged":["Strike_G","Strike_G","Burst","Bouncing Flask"],"score":1316,"play_id":"a94d24ba-aae8-48b0-9754-23a064379cf5","local_time":"20210118092043","is_ascension_mode":true,"campfire_choices":[{"data":"Blade Dance","floor":6.0,"key":"SMITH"},{"data":"Die Die Die","floor":10.0,"key":"SMITH"},{"data":"Footwork","floor":15.0,"key":"SMITH"},{"data":"Reflex","floor":27,"key":"SMITH"},{"floor":32,"key":"REST"},{"data":"Well Laid Plans","floor":41,"key":"SMITH"},{"data":"Tactician","floor":49,"key":"SMITH"}],"circlet_count":0,"master_deck":["Strike_G","Defend_G","Defend_G","Defend_G","Survivor","Neutralize","Tactician+1","Well Laid Plans+1","Die Die Die+1","Finesse","Blade Dance+1","Acrobatics","Noxious Fumes","Blade Dance","Reflex+1","Footwork+1","Adrenaline","PiercingWail","Acrobatics+1","Prepared+1","Escape Plan+1","Tactician+1","Acrobatics+1","Blur+1","Escape Plan+1","Concentrate+1","Eviscerate+1","Grand Finale+1","Acrobatics+1","Calculated Gamble+1"],"relics":["Ring of the Snake","Matryoshka","MawBank","PreservedInsect","Bottled Flame","Dream Catcher","HoveringKite","Toxic Egg 2","Kunai","Incense Burner","TheAbacus","Smiling Mask","Molten Egg 2","Empty Cage","TungstenRod","Gambling Chip","Sundial","Omamori","Paper Crane","Bottled Tornado"],"acts_visited":["Exordium","TheCity","TheBeyond"],"potions_floor_usage":[23,23,28,50],"damage_taken":[{"damage":16.0,"enemies":"Jaw Worm","floor":1.0,"turns":10.0},{"damage":0.0,"enemies":"2 Louse","floor":3.0,"turns":2.0},{"damage":0.0,"enemies":"Cultist","floor":4.0,"turns":3.0},{"damage":5.0,"enemies":"3 Louse","floor":5.0,"turns":2.0},{"damage":21.0,"enemies":"Lagavulin","floor":7.0,"turns":6.0},{"damage":5.0,"enemies":"Large Slime","floor":11.0,"turns":6.0},{"damage":0.0,"enemies":"3 Sentries","floor":12.0,"turns":2.0},{"damage":3.0,"enemies":"2 Fungi Beasts","floor":13.0,"turns":3.0},{"damage":1.0,"enemies":"Blue Slaver","floor":14.0,"turns":3.0},{"damage":18.0,"enemies":"Hexaghost","floor":16.0,"turns":10.0},{"damage":10.0,"enemies":"Shell Parasite","floor":18.0,"turns":6.0},{"damage":5.0,"enemies":"Spheric Guardian","floor":19.0,"turns":5.0},{"damage":0,"enemies":"Snake Plant","floor":21,"turns":5},{"damage":0,"enemies":"3 Cultists","floor":22,"turns":5},{"damage":0,"enemies":"Slavers","floor":23,"turns":1},{"damage":10,"enemies":"Snecko","floor":28,"turns":7},{"damage":2,"enemies":"Shelled Parasite and Fungi","floor":29,"turns":4},{"damage":10,"enemies":"Collector","floor":33,"turns":8},{"damage":0,"enemies":"Orb Walker","floor":35,"turns":2},{"damage":0,"enemies":"3 Shapes","floor":37,"turns":3},{"damage":3,"enemies":"2 Orb Walkers","floor":38,"turns":7},{"damage":0,"enemies":"Mind Bloom Boss Battle","floor":39,"turns":3},{"damage":0,"enemies":"Giant Head","floor":40,"turns":6},{"damage":0,"enemies":"Nemesis","floor":42,"turns":3},{"damage":0,"enemies":"Reptomancer","floor":44,"turns":2},{"damage":0,"enemies":"Jaw Worm Horde","floor":45,"turns":1},{"damage":1,"enemies":"4 Shapes","floor":48,"turns":3},{"damage":0,"enemies":"Awakened One","floor":50,"turns":9}],"seed_played":"1112855910145738618","potions_obtained":[{"floor":4.0,"key":"GamblersBrew"},{"floor":5.0,"key":"SteroidPotion"},{"floor":7.0,"key":"Regen Potion"},{"floor":14.0,"key":"SteroidPotion"},{"floor":16.0,"key":"Block Potion"},{"floor":18.0,"key":"SpeedPotion"},{"floor":22,"key":"SkillPotion"},{"floor":23,"key":"ColorlessPotion"},{"floor":29,"key":"Weak Potion"},{"floor":33,"key":"Dexterity Potion"},{"floor":42,"key":"FairyPotion"}],"is_trial":false,"path_per_floor":["M","$","M","M","M","R","E","?","T","R","M","E","M","M","R","B",null,"M","M","$","M","M","E","?","$","T","R","M","M","?","?","R","B",null,"M","$","M","?","?","E","R","E","T","E","M","?","?","M","R","B",null],"character_chosen":"THE_SILENT","items_purchased":["Matryoshka","Well Laid Plans","Die Die Die","Finesse","Toxic Egg 2","Acrobatics+1","Kunai","TheAbacus","Acrobatics+1","Blur+1"],"campfire_rested":1,"item_purchase_floors":[2,2,2,2,20,20,20,25,25,25],"current_hp_per_floor":[47,47,47,47,42,42,21,21,21,21,16,16,13,12,12,9,55,45,40,40,40,40,40,40,40,40,40,30,28,28,15,37,27,63,63,63,63,60,60,60,60,60,60,60,60,60,60,59,59,59],"gold":461,"neow_bonus":"TRANSFORM_CARD","is_daily":false,"chose_seed":false,"campfire_upgraded":6,"win_rate":0.0,"timestamp":1610929243,"path_taken":["M","$","M","M","M","R","E","?","T","R","M","E","M","M","R","BOSS","M","M","$","M","M","E","?","$","T","R","?","M","?","?","R","BOSS","M","$","M","?","?","E","R","E","T","E","M","?","?","M","R","BOSS"],"items_purchased_type":["Relic","Card","Card","Card","Relic","Card","Relic","Relic","Card","Card"],"build_version":"2020-12-22","purchased_purges":4,"victory":true,"max_hp_per_floor":[70,70,70,70,70,70,70,70,70,70,70,70,70,70,70,70,70,70,70,70,70,70,70,70,70,70,70,70,70,70,75,75,75,75,75,75,75,75,75,75,75,75,75,75,75,75,71,71,71,71],"card_choices":[{"not_picked":["Dodge and Roll","Slice"],"picked":"Tactician","floor":1.0},{"not_picked":["Prepared","Terror"],"picked":"Blade Dance","floor":3.0},{"not_picked":["Terror","Heel Hook"],"picked":"Acrobatics","floor":4.0},{"not_picked":["Venomology","Dash"],"picked":"Noxious Fumes","floor":5.0},{"not_picked":["Underhanded Strike","Distraction","Expertise"],"picked":"SKIP","floor":7.0},{"not_picked":["Riddle With Holes","Noxious Fumes"],"picked":"Reflex","floor":11.0},{"not_picked":["Dodge and Roll","Well Laid Plans","Quick Slash"],"picked":"SKIP","floor":12.0},{"not_picked":["Underhanded Strike","Blur"],"picked":"Bouncing Flask","floor":13.0},{"not_picked":["Dagger Spray","Underhanded Strike"],"picked":"Footwork","floor":14.0},{"not_picked":["Burst","Unload"],"picked":"Adrenaline","floor":16.0},{"not_picked":["Backflip","Choke"],"picked":"PiercingWail","floor":18.0},{"not_picked":["Bane+1","Caltrops","Backstab"],"picked":"SKIP","floor":19.0},{"not_picked":["Blade Dance+1","Accuracy"],"picked":"Prepared+1","floor":21},{"not_picked":["Underhanded Strike+1","Slice"],"picked":"Escape Plan+1","floor":22},{"not_picked":["Poisoned Stab","Deadly Poison+1"],"picked":"Tactician+1","floor":23},{"not_picked":["Deflect+1","Setup+1"],"picked":"Escape Plan+1","floor":28},{"not_picked":["Footwork","Poisoned Stab+1","Deflect+1"],"picked":"SKIP","floor":29},{"not_picked":["Backflip+1","All Out Attack+1"],"picked":"Eviscerate+1","floor":32},{"not_picked":["Phantasmal Killer+1","Night Terror+1"],"picked":"Grand Finale+1","floor":33},{"not_picked":["Underhanded Strike+1","Skewer+1","Eviscerate+1"],"picked":"SKIP","floor":35},{"not_picked":["Deadly Poison+1","Underhanded Strike+1"],"picked":"Acrobatics+1","floor":37},{"not_picked":["Poisoned Stab+1","Dash+1"],"picked":"Calculated Gamble+1","floor":39},{"not_picked":["Leg Sweep+1","Expertise+1","Dagger Spray+1"],"picked":"SKIP","floor":40},{"not_picked":["Caltrops","Masterful Stab+1","Backflip+1"],"picked":"SKIP","floor":42},{"not_picked":["Deflect+1","Outmaneuver+1","Setup+1"],"picked":"SKIP","floor":44},{"not_picked":["Tools of the Trade","Flying Knee+1","Footwork"],"picked":"SKIP","floor":45},{"not_picked":["Blur+1","Outmaneuver+1","Concentrate+1"],"picked":"SKIP","floor":48}],"player_experience":464068,"relics_obtained":[{"floor":7.0,"key":"MawBank"},{"floor":9.0,"key":"PreservedInsect"},{"floor":9.0,"key":"Bottled Flame"},{"floor":12.0,"key":"Dream Catcher"},{"floor":23,"key":"Incense Burner"},{"floor":26,"key":"Smiling Mask"},{"floor":26,"key":"Molten Egg 2"},{"floor":38,"key":"TungstenRod"},{"floor":39,"key":"Gambling Chip"},{"floor":40,"key":"Sundial"},{"floor":42,"key":"Omamori"},{"floor":43,"key":"Paper Crane"},{"floor":44,"key":"Bottled Tornado"}],"event_choices":[{"damage_healed":0.0,"max_hp_gain":0.0,"max_hp_loss":0.0,"gold_gain":0.0,"cards_transformed":["Defend_G"],"event_name":"Living Wall","player_choice":"Change","floor":8.0,"gold_loss":0.0,"damage_taken":0.0,"cards_obtained":["Blade Dance"]},{"damage_healed":0,"gold_gain":200,"player_choice":"Gold","damage_taken":0,"max_hp_gain":0,"max_hp_loss":0,"event_name":"Wheel of Change","floor":24,"gold_loss":0},{"damage_healed":0,"gold_gain":0,"player_choice":"Read","damage_taken":0,"max_hp_gain":0,"max_hp_loss":0,"event_name":"The Library","floor":30,"gold_loss":0,"cards_obtained":["Concentrate"]},{"damage_healed":0,"gold_gain":0,"player_choice":"Shed Blood","damage_taken":18,"max_hp_gain":5,"max_hp_loss":0,"event_name":"Forgotten Altar","floor":31,"gold_loss":0},{"damage_healed":0,"gold_gain":0,"player_choice":"Fight","damage_taken":0,"max_hp_gain":0,"max_hp_loss":0,"event_name":"Mysterious Sphere","floor":38,"gold_loss":0},{"damage_healed":0,"gold_gain":0,"player_choice":"Fight","damage_taken":0,"max_hp_gain":0,"max_hp_loss":0,"event_name":"MindBloom","floor":39,"gold_loss":0},{"damage_healed":0,"gold_gain":0,"player_choice":"Ignored","damage_taken":0,"max_hp_gain":0,"max_hp_loss":0,"event_name":"Tomb of Lord Red Mask","floor":46,"gold_loss":0},{"damage_healed":0,"gold_gain":0,"player_choice":"Max HP","damage_taken":0,"max_hp_gain":0,"max_hp_loss":4,"event_name":"Winding Halls","floor":47,"gold_loss":0}],"is_beta":false,"boss_relics":[{"not_picked":["SlaversCollar","Ring of the Serpent"],"picked":"HoveringKite"},{"not_picked":["Cursed Key","WristBlade"],"picked":"Empty Cage"}],"items_purged_floors":[2,20,25,36],"is_endless":false,"potions_floor_spawned":[4,5,7,14,16,18,22,23,29,33,37,39,42,45],"ascension_level":7}}