{"host":"7xbu8gt067z192g2","time":1610946160,"event":{"mods":["BaseMod","Better Note","BetterRewards","Colored Map","Colored Powertips","Googly Eyes","Highlight Path","Infinite Spire","Minty Spire (QoL Compilation)","Rare Cards Sparkle","Replay The Spire","StSLib","The Bladedancer","The Construct","The Cursed","The Hierophant","The Valiant","The Wild Card"],"gold_per_floor":[111,122,138,154,42,42,68,68,68,68,68,86,86,105,105,204,204,222,10,10,10,29,61,61,96,96,96,96,113,113,13,13,13,13],"floor_reached":33,"language":"ENG","playtime":1393,"items_purged":["Overencumbered","RitualDagger"],"score":473,"play_id":"b475e98e-71ac-4339-829e-b3195c4c7f16","local_time":"20210118000240","is_ascension_mode":true,"campfire_choices":[{"floor":6,"key":"REST"},{"data":"Hemokinesis","floor":8,"key":"SMITH"},{"data":"theWildCard:Michael","floor":13,"key":"SMITH"},{"data":"Inflame","floor":15,"key":"SMITH"},{"floor":24,"key":"DIG"},{"floor":28,"key":"REST"},{"floor":30,"key":"DIG"},{"floor":32,"key":"DIG"}],"circlet_count":0,"master_deck":["Defend_R","Defend_R","Defend_R","Defend_R","Bash","Violence","Pommel Strike","Flame Barrier","Pummel","ReplayTheSpireMod:Strike From Hell","Havoc+1","Inflame+1","Hemokinesis+1","theWildCard:Michael+1","Burning Pact","Pommel Strike","Feed","CurseOfTheBell","Bite","Bite","Bite","Bite","Bite","Whirlwind+1","Power Through","ReplayTheSpireMod:Stacked"],"relics":["construct:FoamFinger","ReplayTheSpireMod:Shallot","Lantern","Calling Bell","PreservedInsect","Mirror","Shovel","ReplayTheSpireMod:CursedCoin","Replay:PocketPolymizer","infinitespire:Eraser","Du-Vu Doll","Winged Necklace","Torii","Nloth\u0027s Gift","infinitespire:PuzzleCube","Omamori"],"acts_visited":["Exordium","TheCity"],"potions_floor_usage":[3,14,18,22,29,33],"damage_taken":[{"damage":28,"enemies":"infinitespire:Voidling","floor":1,"turns":4},{"damage":19,"enemies":"Jaw Worm","floor":2,"turns":3},{"damage":6,"enemies":"2 Louse","floor":3,"turns":3},{"damage":9,"enemies":"2 Fungi Beasts","floor":4,"turns":4},{"damage":31,"enemies":"Replay:BlueRogue","floor":7,"turns":6},{"damage":2,"enemies":"Looter","floor":12,"turns":1},{"damage":5,"enemies":"Gremlin Gang","floor":14,"turns":3},{"damage":4,"enemies":"Slime Boss","floor":16,"turns":5},{"damage":11,"enemies":"Shell Parasite","floor":18,"turns":2},{"damage":0,"enemies":"Chosen","floor":22,"turns":3},{"damage":51,"enemies":"Gremlin Leader","floor":23,"turns":4},{"damage":0,"enemies":"Slavers","floor":25,"turns":1},{"damage":22,"enemies":"Snake Plant","floor":29,"turns":5},{"damage":42,"enemies":"Pondfish","floor":33,"turns":7}],"seed_played":"-5638054671454005910","potions_obtained":[{"floor":1,"key":"LiquidMemories"},{"floor":12,"key":"SpeedPotion"},{"floor":14,"key":"LiquidMemories"},{"floor":16,"key":"SpeedPotion"},{"floor":18,"key":"ColorlessPotion"},{"floor":23,"key":"Elixir"},{"floor":25,"key":"Strength Potion"}],"is_trial":false,"path_per_floor":["M","M","M","M","$","R","E","R","T","?","?","M","R","M","R","B",null,"M","$","?","?","M","E","R","E","T","?","R","M","R","$","R","B"],"character_chosen":"IRONCLAD","items_purchased":["Havoc+1","Inflame","ReplayTheSpireMod:CursedCoin","Replay:PocketPolymizer"],"campfire_rested":2,"item_purchase_floors":[5,5,19,19],"current_hp_per_floor":[34,21,21,18,18,42,17,17,17,17,17,21,21,22,22,24,66,61,61,56,50,56,13,13,19,19,19,35,23,23,23,23,0,0],"gold":13,"neow_bonus":"RANDOM_COLORLESS_2","is_daily":false,"chose_seed":false,"campfire_upgraded":3,"win_rate":0.0,"timestamp":1610946160,"path_taken":["M","M","M","?","$","R","E","R","T","?","?","M","R","M","R","BOSS","M","$","?","?","M","E","R","E","T","?","R","?","R","?","R","BOSS"],"items_purchased_type":["Card","Card","Relic","Relic"],"build_version":"2020-12-22","purchased_purges":2,"victory":false,"max_hp_per_floor":[80,80,80,80,80,80,80,80,80,80,80,80,80,80,80,80,80,80,80,56,56,56,56,56,56,56,56,56,56,56,56,56,56,56],"card_choices":[{"not_picked":["The Bomb","ReplayUltimateDefense"],"picked":"Violence","floor":0},{"not_picked":["Thunderclap","Body Slam"],"picked":"Pommel Strike","floor":1},{"not_picked":["Thunderclap","Seeing Red"],"picked":"Flame Barrier","floor":2},{"not_picked":["Inflame","Dark Embrace"],"picked":"Pummel","floor":3},{"not_picked":["Bloodletting","Shrug It Off"],"picked":"ReplayTheSpireMod:Strike From Hell","floor":4},{"not_picked":["Sword Boomerang","Heavy Blade"],"picked":"Hemokinesis","floor":7},{"not_picked":["ReplayTheSpireMod:Strike From Hell","Rage"],"picked":"Burning Pact","floor":12},{"not_picked":["ReplayTheSpireMod:Limb From Limb","Flame Barrier"],"picked":"Pommel Strike","floor":14},{"not_picked":["Bludgeon","Brutality"],"picked":"Feed","floor":16},{"not_picked":["Warcry","ReplayReversal"],"picked":"Replay:Undeath\u0027s Touch","floor":18},{"not_picked":["Headbutt","Clothesline+1","ReplayTheSpireMod:Limb From Limb"],"picked":"SKIP","floor":22},{"not_picked":["Body Slam","Abandon"],"picked":"Whirlwind+1","floor":23},{"not_picked":["Iron Wave","Life Link"],"picked":"Power Through","floor":25},{"not_picked":["Sever Soul","Clothesline","Perfected Strike"],"picked":"SKIP","floor":29}],"player_experience":194912,"relics_obtained":[{"floor":7,"key":"construct:FoamFinger"},{"floor":9,"key":"ReplayTheSpireMod:Shallot"},{"floor":10,"key":"Lantern"},{"floor":17,"key":"PreservedInsect"},{"floor":17,"key":"Mirror"},{"floor":17,"key":"Shovel"},{"floor":23,"key":"infinitespire:Eraser"},{"floor":24,"key":"Du-Vu Doll"},{"floor":25,"key":"Winged Necklace"},{"floor":26,"key":"Torii"},{"floor":30,"key":"infinitespire:PuzzleCube"},{"floor":32,"key":"Omamori"}],"event_choices":[{"damage_healed":0,"gold_gain":0,"player_choice":"Became a vampire","damage_taken":0,"max_hp_gain":0,"max_hp_loss":24,"event_name":"Vampires","floor":20,"gold_loss":0,"cards_obtained":["Bite","Bite","Bite","Bite","Bite"]},{"damage_healed":0,"gold_gain":0,"player_choice":"Joined the Cult","damage_taken":6,"max_hp_gain":0,"max_hp_loss":0,"event_name":"Nest","floor":21,"gold_loss":0,"cards_obtained":["RitualDagger"]},{"damage_healed":0,"gold_gain":0,"player_choice":"Traded Relic","damage_taken":0,"relics_obtained":["Nloth\u0027s Gift"],"max_hp_gain":0,"max_hp_loss":0,"event_name":"N\u0027loth","floor":27,"relics_lost":["Burning Blood"],"gold_loss":0}],"is_beta":false,"boss_relics":[{"not_picked":["Replay:Wanted Poster","Astrolabe"],"picked":"Calling Bell"}],"items_purged_floors":[19,31],"is_endless":false,"potions_floor_spawned":[1,12,14,16,18,23,25],"killed_by":"Pondfish","ascension_level":5}}