{"host":"1a3cjta80tad0aqj","time":1610990268,"event":{"mods":["2.2 Compatiblity","AchievementEnabler","BaseMod","Colored Map","DeckTracker","KOR Keyword Fix","Keyboard Shortcuts","Minty Spire (QoL Compilation)","Permanent Neow","Quick Restart","Random Character Button","StSLib","SuperFastMode","everything is the same but u backflip on backflip"],"gold_per_floor":[118,43,62,81,6,16,16,16,16,16,16,31,49,63,63,137,137,153,153,203,103,120,120,120,138,220,220,234,245,245,263,263,263,263],"floor_reached":33,"language":"KOR","playtime":1293,"items_purged":["Strike_P","Defend_P"],"score":470,"play_id":"bd571943-6545-4ce9-9aaf-c8f13ffc720c","local_time":"20210119021748","is_ascension_mode":true,"campfire_choices":[{"data":"Eruption","floor":7.0,"key":"SMITH"},{"data":"Halt","floor":10.0,"key":"SMITH"},{"data":"FearNoEvil","floor":15.0,"key":"SMITH"},{"floor":23.0,"key":"REST"},{"floor":27.0,"key":"REST"},{"floor":30,"key":"REST"},{"floor":32,"key":"REST"}],"circlet_count":0,"master_deck":["AscendersBane","Strike_P","Strike_P","Strike_P","Defend_P","Defend_P","Eruption+1","Vigilance","Meditate","Halt+1","EmptyFist","FearNoEvil+1","BowlingBash","SashWhip","Adaptation","EmptyBody","Crescendo","FollowUp","TalkToTheHand"],"relics":["PureWater","Pantograph","Sozu","Bottled Lightning"],"acts_visited":["Exordium","TheCity"],"potions_floor_usage":[],"damage_taken":[{"damage":0.0,"enemies":"2 Louse","floor":1.0,"turns":3.0},{"damage":0.0,"enemies":"Small Slimes","floor":3.0,"turns":3.0},{"damage":4.0,"enemies":"Jaw Worm","floor":4.0,"turns":4.0},{"damage":1.0,"enemies":"2 Fungi Beasts","floor":6.0,"turns":3.0},{"damage":12.0,"enemies":"Red Slaver","floor":12.0,"turns":6.0},{"damage":8.0,"enemies":"Exordium Thugs","floor":13.0,"turns":5.0},{"damage":3.0,"enemies":"3 Louse","floor":14.0,"turns":3.0},{"damage":60.0,"enemies":"Hexaghost","floor":16.0,"turns":9.0},{"damage":4.0,"enemies":"Shell Parasite","floor":18.0,"turns":5.0},{"damage":11.0,"enemies":"3 Byrds","floor":22.0,"turns":5.0},{"damage":0.0,"enemies":"Gremlin Leader","floor":24.0,"turns":1.0},{"damage":35.0,"enemies":"Shelled Parasite and Fungi","floor":25.0,"turns":5.0},{"damage":7.0,"enemies":"Centurion and Healer","floor":28.0,"turns":5.0},{"damage":5,"enemies":"3 Cultists","floor":29,"turns":5},{"damage":35,"enemies":"Snake Plant","floor":31,"turns":3},{"damage":88,"enemies":"Automaton","floor":33,"turns":6}],"seed_played":"6967821915725276410","potions_obtained":[{"floor":1.0,"key":"SmokeBomb"},{"floor":6.0,"key":"AttackPotion"}],"is_trial":false,"path_per_floor":["M","?","M","M","$","M","R","?","T","R","?","M","M","M","R","B",null,"M","?","?","$","M","R","E","M","T","R","M","M","R","M","R","B"],"character_chosen":"WATCHER","items_purchased":[],"campfire_rested":4,"item_purchase_floors":[],"current_hp_per_floor":[61,61,61,57,57,56,56,56,56,56,61,49,41,38,38,3,56,52,52,52,52,41,62,62,27,27,48,41,36,57,22,43,0,0],"gold":263,"neow_bonus":"THREE_CARDS","is_daily":false,"chose_seed":false,"campfire_upgraded":3,"win_rate":0.0,"timestamp":1610990268,"path_taken":["M","?","M","M","$","M","R","?","T","R","?","M","M","M","R","BOSS","M","?","?","$","M","R","E","M","T","R","?","M","R","M","R","BOSS"],"items_purchased_type":[],"build_version":"2020-12-22","purchased_purges":2,"victory":false,"max_hp_per_floor":[68,68,68,68,68,68,68,68,68,68,73,73,73,73,73,73,73,73,73,73,73,73,73,73,73,73,73,73,73,73,73,73,73,73],"card_choices":[{"not_picked":["LikeWater","SandsOfTime"],"picked":"Meditate","floor":0.0},{"not_picked":["Collect","FlyingSleeves"],"picked":"Halt","floor":1.0},{"not_picked":["SandsOfTime","Pray","FlyingSleeves"],"picked":"SKIP","floor":3.0},{"not_picked":["Protect","SandsOfTime","CrushJoints"],"picked":"SKIP","floor":4.0},{"not_picked":["PathToVictory","DeceiveReality","Consecrate"],"picked":"SKIP","floor":6.0},{"not_picked":["Evaluate","Fasting2"],"picked":"EmptyFist","floor":12.0},{"not_picked":["SashWhip","Collect"],"picked":"FearNoEvil","floor":13.0},{"not_picked":["EmptyFist","SignatureMove"],"picked":"BowlingBash","floor":14.0},{"not_picked":["BattleHymn","Consecrate"],"picked":"SashWhip","floor":18.0},{"not_picked":["WaveOfTheHand","SashWhip+1"],"picked":"EmptyBody","floor":22.0},{"not_picked":["Halt","JustLucky"],"picked":"Crescendo","floor":25.0},{"not_picked":["SashWhip","Study","CrushJoints"],"picked":"SKIP","floor":28.0},{"not_picked":["EmptyMind","EmptyBody+1"],"picked":"FollowUp","floor":29},{"not_picked":["FlyingSleeves","ThirdEye"],"picked":"TalkToTheHand","floor":31}],"player_experience":746587,"relics_obtained":[{"floor":9.0,"key":"Pantograph"},{"floor":26.0,"key":"Bottled Lightning"}],"event_choices":[{"cards_removed":["Defend_P"],"damage_healed":0.0,"max_hp_gain":0.0,"max_hp_loss":0.0,"gold_gain":0.0,"event_name":"The Cleric","player_choice":"Card Removal","floor":2.0,"gold_loss":75.0,"damage_taken":0.0},{"damage_healed":0.0,"max_hp_gain":0.0,"max_hp_loss":0.0,"gold_gain":0.0,"event_name":"Liars Game","player_choice":"Ignored","floor":8.0,"gold_loss":0.0,"damage_taken":0.0},{"damage_healed":0.0,"max_hp_gain":5.0,"max_hp_loss":0.0,"gold_gain":0.0,"event_name":"Big Fish","player_choice":"Donut","floor":11.0,"gold_loss":0.0,"damage_taken":0.0},{"damage_healed":0.0,"max_hp_gain":0.0,"max_hp_loss":0.0,"gold_gain":0.0,"event_name":"The Library","player_choice":"Read","floor":19.0,"gold_loss":0.0,"damage_taken":0.0,"cards_obtained":["Adaptation"]},{"damage_healed":0.0,"max_hp_gain":0.0,"max_hp_loss":0.0,"gold_gain":50.0,"event_name":"Golden Shrine","player_choice":"Pray","floor":20.0,"gold_loss":0.0,"damage_taken":0.0}],"is_beta":false,"boss_relics":[{"not_picked":["Ectoplasm","Astrolabe"],"picked":"Sozu"}],"items_purged_floors":[5,21],"is_endless":false,"potions_floor_spawned":[1,6,13,18,28],"killed_by":"Automaton","ascension_level":16}}