{"host":"0vobf7lgf552vogm","time":1610991250,"event":{"mods":["AchievementEnabler","Act Like it!","BaseMod","Better Sensory Stone","Colored Map","DeckTracker","Downfall","Hermit","Minty Spire (QoL Compilation)","Pale of the Ancients","Rare Cards Sparkle","Relic Stats","StSLib","Synergy Search","Unceasing Turn Reminder"],"gold_per_floor":[99,116,116,128,141,160,185,203,203,3,178,178,178,195,209,308,308,308,325,344,360,360,360,360,375,375,131,131,131,148,148,160,257,257,257,277,293,393,60,60,84,31,42,272,300,300,300,400,417,417,417],"floor_reached":50,"language":"ENG","playtime":3797,"items_purged":["Doubt","bronze:Strike"],"score":689,"play_id":"8e9cc2c5-d793-4424-a900-71e41dfda46d","local_time":"20210118183410","is_ascension_mode":false,"campfire_choices":[{"floor":1,"key":"RECALL"},{"data":"bronze:Replicate","floor":10,"key":"SMITH"},{"data":"bronze:DelayedSlice","floor":13,"key":"SMITH"},{"data":"bronze:Verify","floor":18,"key":"SMITH"},{"floor":26,"key":"REST"},{"floor":29,"key":"REST"},{"data":"bronze:CloningBeam","floor":35,"key":"SMITH"},{"data":"bronze:Repair","floor":40,"key":"SMITH"},{"floor":47,"key":"REST"}],"circlet_count":0,"master_deck":["bronze:Defend","bronze:Defend","bronze:Defend","bronze:Defend","bronze:Replicate+1","bronze:Goto","bronze:OilSpill","bronze:ClassDefault","bronze:WhirlingStrike","bronze:BronzeOrb","bronze:DelayedSlice+1","bronze:Boost","bronze:Verify+1","bronze:CloningBeam+1","bronze:Allocate+1","bronze:Repair+1","bronze:FineTuning+1","bronze:FollowUp","bronze:ChosenStrike","Writhe","bronze:Overload","bronze:SpaghettiCode","bronze:ItsAFeature+1","bronze:DarkDash","Normality","Shame","Writhe","bronze:RecursiveStrike","Regret","Normality","bronze:BronzeOrb+1","bronze:MaxOutput","bronze:FineTuning+1","bronze:DelayedGuard+1","bronze:Shield+1","bronze:Optimize+1","bronze:Frontload+1"],"relics":["bronze:BronzeCore","downfall:HeartBlessingBlue","downfall:HeartBlessingRed","Philosopher\u0027s Stone","PreservedInsect","Strange Spoon","Orichalcum","SlaversCollar","Du-Vu Doll","Art of War","Meat on the Bone","Potion Belt"],"acts_visited":["Exordium","TheCity","TheBeyond"],"potions_floor_usage":[25,33,37,48,48,48,50,50,50,50],"damage_taken":[{"damage":1,"enemies":"2 Louse","floor":2,"turns":3},{"damage":1,"enemies":"Cultist","floor":4,"turns":3},{"damage":7,"enemies":"Small Slimes","floor":5,"turns":3},{"damage":0,"enemies":"2 Fungi Beasts","floor":6,"turns":3},{"damage":0,"enemies":"3 Louse","floor":8,"turns":2},{"damage":5,"enemies":"Exordium Wildlife","floor":14,"turns":4},{"damage":5,"enemies":"Large Slime","floor":15,"turns":7},{"damage":57,"enemies":"DF_ARCHETYPE_STREAMLINE","floor":16,"turns":11},{"damage":31,"enemies":"3 Byrds","floor":19,"turns":5},{"damage":31,"enemies":"Sentry and Sphere","floor":20,"turns":7},{"damage":24,"enemies":"Snake Plant","floor":21,"turns":4},{"damage":22,"enemies":"3 Cultists","floor":25,"turns":5},{"damage":5,"enemies":"downfall:FleeingMerchant","floor":27,"turns":4},{"damage":3,"enemies":"Cultist and Chosen","floor":30,"turns":5},{"damage":14,"enemies":"Centurion and Healer","floor":32,"turns":5},{"damage":53,"enemies":"WA_ARCHETYPE_CALM","floor":33,"turns":10},{"damage":50,"enemies":"Orb Walker","floor":36,"turns":7},{"damage":23,"enemies":"3 Darklings","floor":37,"turns":5},{"damage":2,"enemies":"downfall:FleeingMerchant","floor":42,"turns":4},{"damage":48,"enemies":"Writhing Mass","floor":43,"turns":5},{"damage":2,"enemies":"downfall:FleeingMerchant","floor":44,"turns":4},{"damage":26,"enemies":"Giant Head","floor":45,"turns":6},{"damage":34,"enemies":"downfall:LadyInBlue","floor":48,"turns":9},{"damage":34,"enemies":"Sphere and 2 Shapes","floor":49,"turns":6},{"damage":87,"enemies":"IC_BLOCK_ARCHETYPE","floor":50,"turns":6}],"seed_played":"-7575066885631921747","potions_obtained":[{"floor":5,"key":"Slimebound:ThreeZeroPotion"},{"floor":6,"key":"bronze:FreeFunctionsPotion"},{"floor":16,"key":"Explosive Potion"},{"floor":30,"key":"EssenceOfSteel"},{"floor":33,"key":"ColorlessPotion"},{"floor":45,"key":"Dexterity Potion"},{"floor":48,"key":"SteroidPotion"},{"floor":48,"key":"LiquidMemories"},{"floor":48,"key":"BlessingOfTheForge"},{"floor":48,"key":"Dexterity Potion"},{"floor":49,"key":"Fire Potion"}],"is_trial":false,"path_per_floor":["R","M","?","M","M","M","T","M","?","R","?","?","R","M","M","B",null,"R","M","M","M","?","?","T","M","R","$","?","R","M","?","M","B",null,"R","M","M","?","?","R","T","?","M","$","E","?","R","?","M","B"],"character_chosen":"THE_AUTOMATON","items_purchased":["Strange Spoon","bronze:MaxOutput"],"campfire_rested":3,"item_purchase_floors":[27,42],"current_hp_per_floor":[77,76,76,75,68,68,68,68,73,83,83,83,83,78,73,16,92,92,61,30,6,6,36,36,35,62,64,46,75,72,72,65,26,97,97,55,39,44,115,115,115,113,75,73,47,47,81,69,57,0,0],"gold":417,"neow_bonus":"TEN_PERCENT_HP_BONUS","is_daily":false,"chose_seed":false,"campfire_upgraded":5,"win_rate":0.0,"timestamp":1610991250,"path_taken":["R","M","?","M","M","?","T","M","?","R","?","?","R","M","M","BOSS","R","M","M","M","?","?","T","M","R","$","?","R","?","?","M","BOSS","R","M","M","?","?","R","T","?","M","$","E","?","R","?","M","BOSS"],"items_purchased_type":["Relic","Card"],"build_version":"2020-12-22","purchased_purges":2,"victory":false,"max_hp_per_floor":[77,77,77,77,77,77,77,77,82,92,92,92,92,92,92,92,92,92,92,92,92,92,92,92,92,92,92,97,97,97,97,97,97,97,97,97,97,102,115,115,115,115,115,115,115,115,115,115,115,115,115],"relic_stats":{"Strange Spoon":[40],"counters":[25,133],"PreservedInsect":288,"Art of War":[1],"Orichalcum":[48],"obtain_stats":[{"Du-Vu Doll":38,"Potion Belt":48,"Strange Spoon":27,"SlaversCollar":34,"bronze:BronzeCore":0,"downfall:HeartBlessingRed":10,"downfall:HeartBlessingBlue":10,"Philosopher\u0027s Stone":17,"PreservedInsect":24,"Art of War":41,"Orichalcum":31,"Meat on the Bone":45},{"Du-Vu Doll":18,"Potion Belt":23,"Strange Spoon":13,"SlaversCollar":16,"bronze:BronzeCore":0,"downfall:HeartBlessingRed":5,"downfall:HeartBlessingBlue":5,"Philosopher\u0027s Stone":8,"PreservedInsect":11,"Art of War":18,"Orichalcum":14,"Meat on the Bone":22},{"Du-Vu Doll":93,"Potion Belt":121,"Strange Spoon":61,"SlaversCollar":81,"bronze:BronzeCore":0,"downfall:HeartBlessingRed":14,"downfall:HeartBlessingBlue":14,"Philosopher\u0027s Stone":36,"PreservedInsect":52,"Art of War":93,"Orichalcum":66,"Meat on the Bone":112}],"Meat on the Bone":24},"card_choices":[{"not_picked":["bronze:ForceShield","bronze:Allocate"],"picked":"bronze:OilSpill","floor":2},{"not_picked":["bronze:OilSpill","bronze:BitShift"],"picked":"bronze:WhirlingStrike","floor":4},{"not_picked":["bronze:Overload","bronze:Allocate"],"picked":"bronze:BronzeOrb","floor":5},{"not_picked":["bronze:Overheat","bronze:WhirlingStrike"],"picked":"bronze:DelayedSlice","floor":6},{"not_picked":["bronze:WildBeam","bronze:Iterate"],"picked":"bronze:Boost","floor":8},{"not_picked":["bronze:Overheat","bronze:OilSpill"],"picked":"bronze:Frontload","floor":14},{"not_picked":["bronze:FineTuning","bronze:Deprecate","bronze:OilSpill"],"picked":"SKIP","floor":15},{"not_picked":["bronze:Break","bronze:Virus"],"picked":"bronze:Verify","floor":16},{"not_picked":["bronze:Deprecate","bronze:WhirlingStrike+1"],"picked":"bronze:CloningBeam","floor":19},{"not_picked":["bronze:Turbo","bronze:Boost"],"picked":"bronze:Allocate+1","floor":20},{"not_picked":["bronze:Iterate","bronze:Return"],"picked":"bronze:Repair","floor":21},{"not_picked":["bronze:DelayedSlice","bronze:BronzeArmor"],"picked":"bronze:FineTuning+1","floor":25},{"not_picked":["bronze:Overload","bronze:Overheat"],"picked":"bronze:FollowUp","floor":27},{"not_picked":["bronze:Branch","bronze:DelayedGuard"],"picked":"bronze:ChosenStrike","floor":30},{"not_picked":["bronze:BuggyMess","bronze:DelayedGuard"],"picked":"bronze:Overload","floor":32},{"not_picked":["bronze:BurnOut","bronze:AlphaBuild"],"picked":"bronze:SpaghettiCode","floor":33},{"not_picked":["bronze:Repulsor","bronze:BugBarrage+1"],"picked":"bronze:ItsAFeature+1","floor":36},{"not_picked":["bronze:OilSpill+1","bronze:Turbo"],"picked":"bronze:DarkDash","floor":37},{"not_picked":["bronze:Frontload+1","bronze:Invalidate+1"],"picked":"bronze:BronzeOrb+1","floor":42},{"not_picked":["bronze:Deprecate","bronze:MaxOutput"],"picked":"bronze:FineTuning+1","floor":43},{"not_picked":["bronze:WhirlingStrike+1","bronze:Flail+1"],"picked":"bronze:DelayedGuard+1","floor":44},{"not_picked":["bronze:WhirlingStrike+1","bronze:CutThrough+1"],"picked":"bronze:Shield+1","floor":45},{"not_picked":["bronze:FineTuning","bronze:ShipIt"],"picked":"bronze:Optimize+1","floor":48},{"not_picked":["bronze:DelayedSlice+1","bronze:BronzeOrb"],"picked":"bronze:Frontload+1","floor":49}],"player_experience":887605,"relics_obtained":[{"floor":24,"key":"PreservedInsect"},{"floor":41,"key":"Art of War"},{"floor":45,"key":"Meat on the Bone"},{"floor":48,"key":"Potion Belt"}],"event_choices":[{"damage_healed":0,"gold_gain":0,"player_choice":"Donut","damage_taken":0,"max_hp_gain":5,"max_hp_loss":0,"event_name":"Big Fish","floor":9,"gold_loss":0},{"damage_healed":30,"gold_gain":0,"player_choice":"Heal","damage_taken":0,"max_hp_gain":0,"max_hp_loss":0,"event_name":"The Library","floor":23,"gold_loss":0},{"cards_removed":["bronze:Frontload"],"damage_healed":0,"gold_gain":0,"player_choice":"Removed Skill","damage_taken":0,"max_hp_gain":0,"max_hp_loss":0,"event_name":"Falling","floor":46,"gold_loss":0}],"is_beta":false,"boss_relics":[{"not_picked":["Pandora\u0027s Box","Black Star"],"picked":"Philosopher\u0027s Stone"},{"not_picked":["Calling Bell","Runic Dome"],"picked":"SlaversCollar"}],"items_purged_floors":[27,44],"is_endless":false,"potions_floor_spawned":[5,6,16,19,20,30,33,45,48,49],"killed_by":"IC_BLOCK_ARCHETYPE","ascension_level":0}}