{"host":"4iyx5awba3brsmhd","time":1610931751,"event":{"mods":["AchievementEnabler","Act Like it!","BaseMod","Better Match","Colored Powertips","Dark Map","Duelist Mod","Hallownest","Hero for Fun","Hubris","Infinite Spire","Magitek Elite","Marisa????????","Melee Mod","Minty Spire (QoL Compilation)","Quick Restart","Rare Cards Sparkle","Replay The Spire","Robot Space Explorer","Shade Mod","StSLib","SuperFastMode","The Blackbeard","The Blue Laboratory","The Bug Knight","The Cursed","The Necromancer","The Servant 0.9.4","TheWitcher"],"gold_per_floor":[15,15,42,56,67,101,101,101,101,117,42,42,71,85,85,186,186,200,218,234,234,245,271,271,295,295,328,342,370,370,467,467,484,501,501,501,501,521,341,341,393,435,360,404,433,333,333,333,333,333,369,369],"floor_reached":56,"language":"ENG","playtime":755,"items_purged":["Defend_Y","Strike_Y"],"score":1958,"play_id":"3182b509-cf0b-4e35-bae8-070ad089bea3","local_time":"20210117200231","is_ascension_mode":true,"campfire_choices":[{"floor":7.0,"key":"RECALL"},{"data":"Get_Hopes_Up","floor":15,"key":"SMITH"},{"data":"hubris:InfiniteBlow+23","floor":24,"key":"SMITH"},{"data":"hubris:InfiniteBlow+24","floor":27,"key":"SMITH"},{"data":"hubris:InfiniteBlow+25","floor":32,"key":"SMITH"},{"data":"hubris:InfiniteBlow+26","floor":42,"key":"SMITH"},{"floor":49,"key":"DIG"},{"data":"hubris:InfiniteBlow+27","floor":52,"key":"SMITH"}],"circlet_count":1,"master_deck":["Strike_Y","Strike_Y","Strike_Y","Strike_Y","Defend_Y","Defend_Y","Defend_Y","Defend_Y","Toss_Stone","Consecutive_Normal_Punch","Slap","Sickly","Slap","Get_Hopes_Up+1","Slap","Oh","CurseOfTheBell","Slap","Do_Nothing","hubris:InfiniteBlow+28","Wear_Disguise","Wear_Disguise","Slap+1","Slap","Serious_Punch","Slap","Hallownest:curseDreamersLament","hubris:Fate","Slap","Slap+1","Slap","Slap+1","Side_Hop+1"],"relics":["Philosopher\u0027s Stone","Hallownest:DreamNailRelic","infinitespire:FocusingShard","Ring of Searing","Ring of Fangs","hubris:CuriousFeather","Circlet","Onion Ring","Calling Bell","Replay:Baseball","Quantum Egg","Counterbalance","hubris:Teleporter","Akabeko","Regal Pillow","Coffee Dripper","Hallownest:BeastSealRelic","Hallownest:StagBellRelic1","CeramicFish","Gremlin Food","Vajra","Bottled Lightning","hubris:DisguiseKit"],"acts_visited":["Hallownest:Greenpath","Hallownest:CityofTears","Hallownest:KingdomsEdge","TheEnding"],"potions_floor_usage":[],"damage_taken":[{"damage":0.0,"enemies":"Hallownest:monsterHuskGuard","floor":1.0,"turns":1.0},{"damage":0.0,"enemies":"2_ Uuma","floor":4.0,"turns":1.0},{"damage":0.0,"enemies":"Hallownest:2_Baldur","floor":5.0,"turns":1.0},{"damage":0.0,"enemies":"Hallownest:eliteMossKnight","floor":6.0,"turns":1.0},{"damage":0.0,"enemies":"Hallownest:monsterMossCharger","floor":10.0,"turns":1.0},{"damage":0.0,"enemies":"Hallownest:eliteCrystalGuardian","floor":13.0,"turns":1.0},{"damage":0.0,"enemies":"Hallownest:Wandering_and_Horned","floor":14.0,"turns":1.0},{"damage":0,"enemies":"Hallownest:BossBrokenVessel","floor":16,"turns":1},{"damage":0,"enemies":"Hallownest:Guard_and_Sentry","floor":18,"turns":1},{"damage":0,"enemies":"Hallownest:Flukemon_and_Top","floor":19,"turns":2},{"damage":0,"enemies":"Hallownest:Warrior_and_Youth","floor":20,"turns":2},{"damage":0,"enemies":"Hallownest:monsterMisterMushroom","floor":22,"turns":1},{"damage":0,"enemies":"Hallownest:eliteWatcherKnight","floor":23,"turns":5},{"damage":0,"enemies":"Hallownest:eliteSoulWarrior","floor":29,"turns":1},{"damage":0,"enemies":"Hallownest:2_Husk_Sentries","floor":30,"turns":1},{"damage":0,"enemies":"Hallownest:Glutton_and_Coward","floor":31,"turns":2},{"damage":0,"enemies":"Hallownest:BossGrimm","floor":33,"turns":1},{"damage":0,"enemies":"Hallownest:3_Siblings","floor":35,"turns":1},{"damage":0,"enemies":"Hallownest:2_Littles","floor":36,"turns":2},{"damage":0,"enemies":"Hallownest:Slobbering_and_Violent","floor":40,"turns":1},{"damage":0,"enemies":"Hallownest:eliteHiveKnight","floor":44,"turns":1},{"damage":0,"enemies":"Hallownest:StalkingDevout","floor":46,"turns":1},{"damage":0,"enemies":"Hallownest:2_Wing_and_1_Kings","floor":47,"turns":2},{"damage":0,"enemies":"Hallownest:BossGreyPrinceZote","floor":50,"turns":1},{"damage":0,"enemies":"Shield and Spear","floor":54,"turns":1},{"damage":0,"enemies":"The Heart","floor":55,"turns":3}],"seed_played":"-3119022360551471811","potions_obtained":[{"floor":10.0,"key":"blueLaboratory:PolymorphPotion"},{"floor":13.0,"key":"LiquidBronze"},{"floor":16,"key":"blueLaboratory:FruitPunch"},{"floor":18,"key":"Regen Potion"}],"is_trial":false,"path_per_floor":["M","?","T","M","M","E","R","?","T","M","$","?","E","M","R","B",null,"M","M","M","AVR","M","E","R","T","R","E","M","M","R","B",null,"M","M","?","?","AVR","M","?","R","T","E","?","E","M","$","R","B",null,"R","E","B",null],"character_chosen":"OPM","items_purchased":[],"campfire_rested":0,"item_purchase_floors":[],"current_hp_per_floor":[999,999,999,999,999,999,999,999,999,999,999,999,999,999,999,999,999,999,999,999,999,999,999,999,999,999,999,999,999,999,999,999,999,999,999,999,999,999,999,999,999,999,999,999,999,999,999,999,999,999,999,999],"gold":369,"neow_bonus":"BOSS_RELIC","is_daily":false,"chose_seed":false,"campfire_upgraded":6,"win_rate":0.0,"timestamp":1610931751,"path_taken":["M","?","?","M","M","E","R","?","T","M","$","?","E","M","R","BOSS","M","?","M","AVR","M","E","R","T","R","E","M","M","R","BOSS","M","M","?","?","AVR","M","?","R","T","E","?","E","?","?","R","BOSS","R","E","BOSS"],"items_purchased_type":[],"build_version":"2020-12-22","purchased_purges":2,"victory":true,"max_hp_per_floor":[999,999,999,999,999,999,999,999,999,999,999,999,999,999,999,999,999,999,999,999,999,999,999,999,999,999,999,999,999,999,999,999,999,999,999,999,999,999,999,999,999,999,999,999,999,999,999,999,999,999,999,999],"card_choices":[{"not_picked":["Consecutive_Normal_Punch","Hop"],"picked":"Toss_Stone","floor":1.0},{"not_picked":["Side_Hop","Hop"],"picked":"Consecutive_Normal_Punch","floor":4.0},{"not_picked":["Hop","Side_Hop"],"picked":"Slap","floor":5.0},{"not_picked":["Toss_Stone","Wear_Disguise","Consecutive_Normal_Punch"],"picked":"SKIP","floor":6.0},{"not_picked":["Consecutive_Normal_Punch","Normal_Punch"],"picked":"Slap","floor":10.0},{"not_picked":["Ignore","Slap"],"picked":"Get_Hopes_Up","floor":13.0},{"not_picked":["Toss_Stone","Normal_Punch"],"picked":"Slap","floor":14.0},{"not_picked":["Terrifying_Presence","Get_Hopes_Up"],"picked":"Oh","floor":16},{"not_picked":["Wear_Disguise","Side_Hop"],"picked":"Slap","floor":18},{"not_picked":["Consecutive_Normal_Punch","Wear_Disguise","Ignore"],"picked":"SKIP","floor":19},{"not_picked":["Side_Hop","Slap+1"],"picked":"Do_Nothing","floor":20},{"not_picked":["Hop","Yawn+1"],"picked":"Wear_Disguise","floor":22},{"not_picked":["Normal_Punch+1","Yawn"],"picked":"Wear_Disguise","floor":23},{"not_picked":["Normal_Punch+1","Consecutive_Normal_Punch"],"picked":"Slap+1","floor":29},{"not_picked":["Ignore+1","Hop"],"picked":"Slap","floor":30},{"not_picked":["Yawn","Toss_Stone"],"picked":"Serious_Punch","floor":31},{"not_picked":["Normal_Punch","Ignore+1"],"picked":"Slap","floor":35},{"not_picked":["Normal_Punch","Ignore+1","Consecutive_Normal_Punch"],"picked":"SKIP","floor":36},{"not_picked":["infinitespire:Punishment","infinitespire:TheBestDefense"],"picked":"hubris:Fate","floor":38},{"not_picked":["Ignore+1","Yawn"],"picked":"Slap","floor":40},{"not_picked":["Hop+1","Wear_Disguise+1"],"picked":"Slap+1","floor":44},{"not_picked":["Do_Nothing+1","Consecutive_Normal_Punch+1"],"picked":"Slap","floor":46},{"not_picked":["Side_Hop","Yawn+1"],"picked":"Slap+1","floor":47},{"not_picked":["Yawn","Hop"],"picked":"Side_Hop+1","floor":54}],"player_experience":430039,"relics_obtained":[{"floor":6.0,"key":"infinitespire:FocusingShard"},{"floor":8.0,"key":"Ring of Searing"},{"floor":8.0,"key":"Ring of Fangs"},{"floor":9.0,"key":"hubris:CuriousFeather"},{"floor":13.0,"key":"Onion Ring"},{"floor":17,"key":"Replay:Baseball"},{"floor":17,"key":"Quantum Egg"},{"floor":17,"key":"Counterbalance"},{"floor":23,"key":"hubris:Teleporter"},{"floor":26,"key":"Akabeko"},{"floor":29,"key":"Regal Pillow"},{"floor":43,"key":"CeramicFish"},{"floor":44,"key":"Gremlin Food"},{"floor":46,"key":"Vajra"},{"floor":49,"key":"Bottled Lightning"},{"floor":54,"key":"hubris:DisguiseKit"}],"event_choices":[{"damage_healed":0,"gold_gain":0,"player_choice":"3","damage_taken":0,"max_hp_gain":0,"max_hp_loss":0,"event_name":"betterMatch:BetterMatch","floor":45,"gold_loss":0,"cards_obtained":[]}],"is_beta":false,"boss_relics":[{"not_picked":["Honey Jar","hubris:GrandSneckoEye"],"picked":"Calling Bell"},{"not_picked":["hubris:TerracottaHorce","ReplayTheSpireMod:DimensionalGlitch"],"picked":"Coffee Dripper"}],"items_purged_floors":[11,48],"is_endless":false,"potions_floor_spawned":[4,10,13,16,18,19,30,31,40,44,47],"ascension_level":5}}