{"host":"i58uscbei3sy5089","time":1610986929,"event":{"mods":["ATMod(阿瑾Mod)","Act Like it!","Arknights The Spire","BaseMod","Challenge The Spire","Colored Powertips","Conspire","Gensokyo","Infinite Spire","KinomotoSakuraMod(木之本樱)","Lobotomy","LobotomyExtend","Marisa（F雨　魔理沙）","Minty Spire (QoL Compilation)","MostiFishMod","Quick Restart","Reimu（博丽灵梦）","Remilia（蕾米莉亚）","Replay The Spire","Shop Mod","Spicy Shops","StSLib","TestMod","UnlockEverythingMod","[IsaacMod]以撒尖塔","vexMod","【功能Mod】混沌之环修复补丁","【遗物卡牌】REMEMod","篝火指南"],"gold_per_floor":[212,224,237,249,22,50,50,77,151,164,164,181,213,230,230,325,325,343,358,358,370,390,423,423,452,452,452,466,65,315,331,331,426,426,437,474,474,349,399,399,415,430,430,460,474,333,364,378,378,378],"floor_reached":51,"language":"ZHS","playtime":2930,"items_purged":["Strike_RM","Strike_RM","Strike_RM"],"score":1293,"play_id":"39e93324-b1f9-466a-9575-738db8d30e7c","local_time":"20210119002209","is_ascension_mode":true,"campfire_choices":[{"data":"AT_LightSaberMaster","floor":11.0,"key":"SMITH"},{"data":"MastersStateliness","floor":15.0,"key":"SMITH"},{"data":"QueenOfMidnight","floor":24.0,"key":"SMITH"},{"data":"MastersStateliness","floor":27.0,"key":"SMITH"},{"data":"MastersStateliness","floor":32.0,"key":"SMITH"},{"data":"BatForm","floor":40.0,"key":"SMITH"},{"data":"MastersStateliness","floor":49.0,"key":"SMITH"}],"circlet_count":1,"master_deck":["Strike_RM","Defend_RM","Defend_RM","Defend_RM","Defend_RM","RedMoon","ScarletShoot","AT_LightSaberMaster+1","BlasphemousPunishment","BlasphemousPunishment","Ultimatum","BlasphemousPunishment","UnderTheZenith","MastersStateliness+1","MastersStateliness+1","BombardNight","UltimateOffering","QueenOfMidnight+1","MastersStateliness+1","MastersStateliness+1","MastersStateliness+1","EquivalentExchange+1","BloodyCatastrophe","MillenniumVampire","MostiFishMod:SupremeArchaeology","BatForm+1","MiserableFate+1","MastersStateliness","BombardNight+1","MastersStateliness+1","BombardNight","MastersStateliness+1","BombardNight+1","BombardNight+1","BombardNight+1"],"relics":["ScarletHat","testmod-TestBox","HushsDoor","DaveBox","AT_ATBox","REME_ComplimentaryCards","DianDianMeat","testmod-BlackFramedGlasses","GuppysTail","SynthV:TestCard","LetterFromLob","MostiFishMod:AdaptiveDefenses","Tiny Chest","MagicBullet_r","AT_ImmortalShieldbow","Sundial","Gungnir","Kunai","RhineCircuit","Circlet","PillsDrop","AT_LudenTempest","BirthdayGift-Tetrahedron","vexMod:PaidLearning","AT_SunfireAegis","conspire:SpecialSausage","Incubus","ReplayTheSpireMod:Ninjato","Prayer Wheel","CombinedTypeHook","REME_LimitBreaker","Civilization"],"acts_visited":["Exordium","Gensokyo:Gensokyo","Gensokyo:Gensokyoer"],"potions_floor_usage":[],"damage_taken":[{"damage":0.0,"enemies":"Gensokyo:Gryphon","floor":1.0,"turns":2.0},{"damage":1.0,"enemies":"Gensokyo:2_Kodama","floor":2.0,"turns":9.0},{"damage":10.0,"enemies":"Gensokyo:Python","floor":3.0,"turns":2.0},{"damage":0.0,"enemies":"Gensokyo:LivingMonolith","floor":4.0,"turns":1.0},{"damage":35.0,"enemies":"Gensokyo:Aya","floor":6.0,"turns":7.0},{"damage":47.0,"enemies":"Gensokyo:Cirno","floor":8.0,"turns":9.0},{"damage":28.0,"enemies":"Gensokyo:Gryphon_and_Rabbit","floor":10.0,"turns":3.0},{"damage":15.0,"enemies":"Gensokyo:Python_and_Kodama","floor":12.0,"turns":2.0},{"damage":15.0,"enemies":"Gensokyo:Aya","floor":13.0,"turns":4.0},{"damage":0.0,"enemies":"Gensokyo:LivingMonolith","floor":14.0,"turns":1.0},{"damage":20.0,"enemies":"Gensokyo:Kokoro","floor":16.0,"turns":3.0},{"damage":88.0,"enemies":"Gensokyo:AngelMirror","floor":18.0,"turns":1.0},{"damage":0.0,"enemies":"Gensokyo:CosmicMonolith","floor":19.0,"turns":1.0},{"damage":20.0,"enemies":"Gensokyo:Swordslinger","floor":21.0,"turns":1.0},{"damage":10.0,"enemies":"Gensokyo:Monolith_and_Dog","floor":22.0,"turns":2.0},{"damage":40.0,"enemies":"Gensokyo:Reisen","floor":23.0,"turns":5.0},{"damage":10.0,"enemies":"Gensokyo:Koishi","floor":25.0,"turns":3.0},{"damage":0.0,"enemies":"Gensokyo:Chomper_and_Gloop","floor":28.0,"turns":3.0},{"damage":22.0,"enemies":"Gensokyo:Wraith","floor":31.0,"turns":2.0},{"damage":24.0,"enemies":"Gensokyo:Eiki","floor":33.0,"turns":3.0},{"damage":160.0,"enemies":"Gensokyo:AncientGuardian","floor":35.0,"turns":2.0},{"damage":16.0,"enemies":"conspire:MimicChest","floor":36.0,"turns":2.0},{"damage":2.0,"enemies":"Gensokyo:3_Boulders","floor":39.0,"turns":2.0},{"damage":6.0,"enemies":"Gensokyo:AtlasGolem","floor":41.0,"turns":2.0},{"damage":2.0,"enemies":"Gensokyo:4_Bats","floor":42.0,"turns":2.0},{"damage":242.0,"enemies":"Gensokyo:Marisa","floor":44.0,"turns":1.0},{"damage":2.0,"enemies":"Gensokyo:Sharpion","floor":45.0,"turns":2.0},{"damage":261.0,"enemies":"Gensokyo:Kasen","floor":47.0,"turns":1.0},{"damage":4.0,"enemies":"Gensokyo:AtlasGolem","floor":48.0,"turns":3.0},{"damage":18.0,"enemies":"Gensokyo:Scarlet_Devils","floor":50.0,"turns":10.0},{"damage":25.0,"enemies":"Malkuth","floor":51.0,"turns":3.0},{"damage":20.0,"enemies":"Netzach","floor":51.0,"turns":4.0}],"seed_played":"4992230519989271121","potions_obtained":[{"floor":2.0,"key":"Explosive Potion"},{"floor":3.0,"key":"testmod-TestPotion"},{"floor":4.0,"key":"ColorlessPotion"},{"floor":25.0,"key":"REME_GoldPotion"},{"floor":42.0,"key":"DistilledChaos"}],"is_trial":false,"path_per_floor":["M","M","M","M","COS","E","M","E","T","M","R","M","E","M","R","B",null,"M","M","?","M","M","E","R","E","T","R","M","COS","?","M","R","B",null,"M","?","T","$","M","R","M","M","T","E","M","COS","E","M","R","B",null,null],"character_chosen":"REMILIA","items_purchased":["MillenniumVampire","MostiFishMod:SupremeArchaeology","Incubus","BatForm","MastersStateliness"],"campfire_rested":0,"item_purchase_floors":[34,34,34,34,38],"current_hp_per_floor":[81,85,81,88,95,93,43,43,43,68,68,100,126,160,160,160,175,170,171,171,206,223,223,223,223,223,223,241,280,264,245,245,285,318,343,343,343,369,396,396,424,483,483,463,496,496,547,582,582,585],"gold":378,"neow_bonus":"HUNDRED_GOLD","is_daily":false,"chose_seed":false,"campfire_upgraded":7,"win_rate":0.0,"timestamp":1610986929,"path_taken":["M","M","?","M","COS","E","M","E","T","M","R","M","E","M","R","BOSS","M","M","?","M","M","E","R","E","T","R","M","COS","?","M","R","BOSS","M","?","?","$","M","R","M","M","T","E","?","COS","E","M","R","BOSS"],"items_purchased_type":["Card","Card","Relic","Card","Card"],"build_version":"2020-12-22","purchased_purges":3,"victory":true,"max_hp_per_floor":[81,85,90,96,103,120,120,130,130,153,153,166,166,166,166,180,175,190,190,190,206,223,223,223,223,223,223,241,280,264,264,264,285,318,343,343,343,369,396,396,424,483,483,483,514,514,547,582,582,585],"card_choices":[{"not_picked":[],"picked":"Bomb","floor":0.0},{"not_picked":["NightDance","BloodHunter","VampireClaw"],"picked":"SKIP","floor":1.0},{"not_picked":["MiserableFate","VampireKiss","NightLord","ScarletDevil"],"picked":"BlasphemousPunishment","floor":2.0},{"not_picked":["BombardNight","StarOfDavid","ChainGang","ScarletImprint"],"picked":"BlasphemousPunishment","floor":3.0},{"not_picked":["UnderTheZenith","MillenniumVampire","ChainGang","AfternoonTea"],"picked":"Ultimatum","floor":4.0},{"not_picked":["BloodyTrap","RedMagic","EndlessAdversity","CurseOfVladTepes"],"picked":"BlasphemousPunishment","floor":6.0},{"not_picked":["RedRainbow","VampireKiss","BombardNight","LeisurelyOfLord"],"picked":"UnderTheZenith","floor":6.0},{"not_picked":["CharismaGuard","RedRainbow","ChaoticDestiny","EndlessAdversity"],"picked":"MastersStateliness","floor":8.0},{"not_picked":["BloodyMagicSquare","ReincarnationDial","ScarletDevil","BombardNight"],"picked":"MastersStateliness","floor":10.0},{"not_picked":["StarOfDavid","DiffusionOfMisfortune","Stigmanizer","BlasphemousPunishment"],"picked":"BombardNight","floor":10.0},{"not_picked":["EndlessAdversity","DemonKingCradle","ChainGang","UnderTheZenith"],"picked":"UltimateOffering","floor":12.0},{"not_picked":["NightDance","StarOfDavid","DiffusionOfMisfortune","RedNightlessCastle","ChaoticDestiny"],"picked":"SKIP","floor":13.0},{"not_picked":["BombardNight","VampireClaw","DiffusionOfMisfortune","GlobalNightmare","NightDance"],"picked":"SKIP","floor":14.0},{"not_picked":["ScarletCoffin","TricksterDevil","BloodyHallows","BloodRain"],"picked":"QueenOfMidnight","floor":16.0},{"not_picked":["VampireKiss","EndlessAdversity","BombardNight","ScarletImprint"],"picked":"MastersStateliness+1","floor":18.0},{"not_picked":["EmergencyRegeneration","QueenOfMidnight","VampireClaw","ScarletImprint","VampireFantasy"],"picked":"SKIP","floor":19.0},{"not_picked":["DiffusionOfMisfortune+1","BombardNight","Maim","UnderTheZenith"],"picked":"MastersStateliness","floor":21.0},{"not_picked":["FavorOfDestiny","DiffusionOfMisfortune","TwelveNightmare","Septette"],"picked":"MastersStateliness","floor":22.0},{"not_picked":["BlasphemousPunishment+1","VampirishNight","DiffusionOfMisfortune","BombardNight","AfternoonTea"],"picked":"SKIP","floor":22.0},{"not_picked":["ChaoticDestiny","FavorOfDestiny","ScarletNetherworld","Stigmanizer+1","CharismaGuard+1"],"picked":"SKIP","floor":23.0},{"not_picked":["HeartBreak","ChainGang","ScarletImprint","CharismaGuard","ScarletDevil"],"picked":"SKIP","floor":23.0},{"not_picked":["FitfulNightmare","UnstableMagic+1","VampireSweep","LeisurelyOfLord+1","UnderTheZenith"],"picked":"SKIP","floor":25.0},{"not_picked":["ReincarnationDial","UnderTheZenith","BlasphemousPunishment","StarOfDavid"],"picked":"EquivalentExchange","floor":28.0},{"not_picked":["BloodAndWine+1","ScarletNetherworld","Maim","UnderTheZenith","ReincarnationDial"],"picked":"SKIP","floor":31.0},{"not_picked":["CurseOfVladTepes","HellCatastrophe","TricksterDevil","HeartBreak"],"picked":"BloodyCatastrophe","floor":33.0},{"not_picked":["UnstableMagic+1","NightLord","ScarletImprint+1","CharismaGuard"],"picked":"MiserableFate+1","floor":35.0},{"not_picked":["UnstableMagic+1","EndlessAdversity+1","Stigmanizer","VampireKiss+1"],"picked":"BombardNight+1","floor":39.0},{"not_picked":["ScarletImprint","AfternoonTea","QueenOfMidnight","DiffusionOfMisfortune+1","StarOfDavid"],"picked":"SKIP","floor":39.0},{"not_picked":["ScarletGensokyo+1","ScarletDevil","CharismaGuard","EmergencyRegeneration"],"picked":"MastersStateliness","floor":41.0},{"not_picked":["VampireKiss","ScarletDevil","ScarletDevilSign+1","NightDance","SuperhumanBloodyKnife"],"picked":"SKIP","floor":41.0},{"not_picked":["UnstableMagic","EndlessAdversity+1","ScarletDevil","DiffusionOfMisfortune"],"picked":"BombardNight","floor":42.0},{"not_picked":["UnstableMagic+1","NightDance","HunterOfTheNight+1","BloodHunter+1"],"picked":"MastersStateliness+1","floor":42.0},{"not_picked":["EndlessAdversity","DiffusionOfMisfortune+1","BloodyTrap","RedNightlessCastle","NightLord+1"],"picked":"SKIP","floor":44.0},{"not_picked":["ReincarnationDial","RedRainbow+1","ScarletImprint+1","BadLadyScramble"],"picked":"BombardNight+1","floor":45.0},{"not_picked":["ScarletDevil+1","UnderTheZenith","BlasphemousPunishment+1","CharismaGuard+1","Septette+1"],"picked":"SKIP","floor":45.0},{"not_picked":["EternalNight","ChainGang+1","VampireKiss+1","DiffusionOfMisfortune+1"],"picked":"BombardNight+1","floor":47.0},{"not_picked":["RedRainbow","RedMagic","BlasphemousPunishment+1","FavorOfDestiny+1"],"picked":"BombardNight+1","floor":48.0},{"not_picked":["TwelveNightmare","NightLord+1","ScarletImprint+1","ScarletMeister","UnstableMagic"],"picked":"SKIP","floor":48.0}],"player_experience":688055,"relics_obtained":[{"floor":1.0,"key":"SynthV:TestCard"},{"floor":1.0,"key":"LetterFromLob"},{"floor":6.0,"key":"Tiny Chest"},{"floor":8.0,"key":"AT_ImmortalShieldbow"},{"floor":9.0,"key":"Sundial"},{"floor":13.0,"key":"Kunai"},{"floor":23.0,"key":"Dead Branch"},{"floor":25.0,"key":"PillsDrop"},{"floor":26.0,"key":"AT_LudenTempest"},{"floor":36.0,"key":"Prayer Wheel"},{"floor":37.0,"key":"CombinedTypeHook"},{"floor":44.0,"key":"REME_LimitBreaker"}],"event_choices":[{"damage_healed":0.0,"max_hp_gain":0.0,"max_hp_loss":0.0,"gold_gain":0.0,"event_name":"给自己的盒子","player_choice":"Swap Relic","floor":20.0,"relics_lost":["HereWithMe"],"gold_loss":0.0,"damage_taken":0.0,"relics_obtained":["HereWithMe"]}],"is_beta":false,"boss_relics":[{"not_picked":["Velvet Choker","Replay:Bronze Core"],"picked":"RhineCircuit"},{"not_picked":[]},{"not_picked":["Honey Jar","REME_DemonsWealth"],"picked":"conspire:SpecialSausage"},{"not_picked":[]}],"items_purged_floors":[17,34,38],"is_endless":false,"potions_floor_spawned":[2,3,4,13,18,22,23,25,28,35,42,44,45,47],"ascension_level":1}}