{"host":"sc0o2qwpf9j16a4i","time":1610997075,"event":{"mods":["AchievementEnabler","BaseMod","BetterRewards","Block Reminder","Colored Map","Colored Powertips","Custom Start","Highlight Path","Minty Spire (QoL Compilation)","Relic Stats"],"gold_per_floor":[41,61,61,61,76,76,110,124,124,124,124,124],"floor_reached":11,"language":"ENG","playtime":297,"items_purged":[],"score":146,"play_id":"3d536a81-944c-491c-b60e-17999c21640e","local_time":"20210118211115","is_ascension_mode":true,"campfire_choices":[{"floor":6,"key":"REST"}],"circlet_count":0,"master_deck":["AscendersBane","Strike_G","Strike_G","Strike_G","Strike_G","Defend_G","Defend_G","Defend_G","Defend_G","Defend_G","Survivor","Neutralize","Quick Slash","Blade Dance","Poisoned Stab","Dagger Throw"],"relics":["Ring of the Snake","TwistedFunnel","Akabeko","Letter Opener","Bronze Scales"],"acts_visited":["Exordium"],"potions_floor_usage":[11],"damage_taken":[{"damage":21,"enemies":"Jaw Worm","floor":1,"turns":9},{"damage":0,"enemies":"Small Slimes","floor":2,"turns":3},{"damage":0,"enemies":"Cultist","floor":5,"turns":3},{"damage":39,"enemies":"Gremlin Nob","floor":7,"turns":4},{"damage":0,"enemies":"Large Slime","floor":8,"turns":4},{"damage":3,"enemies":"3 Sentries","floor":11,"turns":4}],"seed_played":"-6557844320734301916","potions_obtained":[{"floor":8,"key":"Dexterity Potion"}],"is_trial":false,"path_per_floor":["M","M","?","?","M","R","E","M","T","?","E"],"character_chosen":"THE_SILENT","items_purchased":["TwistedFunnel"],"campfire_rested":1,"item_purchase_floors":[0],"current_hp_per_floor":[29,29,22,22,22,41,2,2,2,2,0,0],"gold":124,"neow_bonus":"","is_daily":false,"chose_seed":false,"campfire_upgraded":0,"win_rate":0.0,"timestamp":1610997075,"path_taken":["M","M","?","?","?","R","E","M","T","?","E"],"items_purchased_type":["Relic"],"build_version":"2020-12-22","purchased_purges":0,"victory":false,"max_hp_per_floor":[66,66,66,66,66,66,66,66,66,66,66,66],"relic_stats":{"counters":[26,157],"Bronze Scales":[12],"Letter Opener":[0],"obtain_stats":[{"TwistedFunnel":0,"NeowsBlessing":0,"Happy Flower":26,"Gremlin Horn":12,"Golden Idol":13,"Blue Candle":9,"Velvet Choker":17,"Mango":28,"Bag of Preparation":11,"Letter Opener":7,"War Paint":6,"Boot":20,"Sling":0,"Akabeko":4,"WarpedTongs":29,"Ninja Scroll":14,"Bloody Idol":22,"Bronze Scales":9,"Tiny Chest":30,"MealTicket":0,"WingedGreaves":7,"Turnip":9,"Toy Ornithopter":24,"Ring of the Snake":0},{"TwistedFunnel":20,"NeowsBlessing":0,"Happy Flower":9,"Gremlin Horn":17,"Golden Idol":5,"Blue Candle":15,"Velvet Choker":6,"Mango":10,"Bag of Preparation":5,"Letter Opener":24,"War Paint":15,"Boot":8,"Sling":13,"Akabeko":22,"WarpedTongs":10,"Ninja Scroll":19,"Bloody Idol":8,"Bronze Scales":25,"Tiny Chest":11,"MealTicket":13,"WingedGreaves":4,"Turnip":4,"Toy Ornithopter":9,"Ring of the Snake":0},{"TwistedFunnel":130,"NeowsBlessing":0,"Happy Flower":47,"Gremlin Horn":111,"Golden Idol":18,"Blue Candle":97,"Velvet Choker":28,"Mango":53,"Bag of Preparation":18,"Letter Opener":149,"War Paint":97,"Boot":40,"Sling":86,"Akabeko":142,"WarpedTongs":53,"Ninja Scroll":121,"Bloody Idol":40,"Bronze Scales":153,"Tiny Chest":62,"MealTicket":86,"WingedGreaves":11,"Turnip":11,"Toy Ornithopter":47,"Ring of the Snake":0}],"Ring of the Snake":[52]},"card_choices":[{"not_picked":["Sucker Punch","Flying Knee"],"picked":"Quick Slash","floor":1},{"not_picked":["Underhanded Strike","Dodge and Roll"],"picked":"Blade Dance","floor":2},{"not_picked":["Slice","Prepared"],"picked":"Poisoned Stab","floor":5},{"not_picked":["Blur","Prepared","Acrobatics"],"picked":"SKIP","floor":7},{"not_picked":["Poisoned Stab","Masterful Stab"],"picked":"Dagger Throw","floor":8}],"player_experience":735140,"relics_obtained":[{"floor":4,"key":"Akabeko"},{"floor":7,"key":"Letter Opener"},{"floor":9,"key":"Bronze Scales"}],"event_choices":[{"cards_removed":["Strike_G"],"damage_healed":0,"gold_gain":0,"player_choice":"Card Removal","damage_taken":7,"max_hp_gain":0,"max_hp_loss":0,"event_name":"Golden Wing","floor":3,"gold_loss":0},{"damage_healed":0,"gold_gain":0,"player_choice":"Relic","damage_taken":0,"max_hp_gain":0,"max_hp_loss":0,"event_name":"Wheel of Change","floor":4,"gold_loss":0},{"damage_healed":0,"gold_gain":0,"player_choice":"Fled","damage_taken":0,"max_hp_gain":0,"max_hp_loss":0,"event_name":"Scrap Ooze","floor":10,"gold_loss":0}],"is_beta":false,"boss_relics":[],"items_purged_floors":[],"is_endless":false,"potions_floor_spawned":[8],"killed_by":"3 Sentries","ascension_level":20}}