{"host":"7qoz5gmva6til3yp","time":1610996095,"event":{"mods":["AchievementEnabler","BaseMod","Minty Spire (QoL Compilation)","StSLib","SuperFastMode"],"gold_per_floor":[118,130,55,55,80,80,93,163,163,176,201,201,232,247,247,247,247],"floor_reached":16,"language":"KOR","playtime":433,"items_purged":["Omniscience"],"score":216,"play_id":"f8af6162-118c-406b-b98f-6fe4f401f8ab","local_time":"20210119035455","is_ascension_mode":true,"campfire_choices":[{"data":"Eruption","floor":6.0,"key":"SMITH"},{"data":"Adaptation","floor":12.0,"key":"SMITH"},{"data":"Adaptation","floor":15,"key":"SMITH"}],"circlet_count":0,"master_deck":["Strike_P","Strike_P","Strike_P","Strike_P","Defend_P","Defend_P","Defend_P","Defend_P","Eruption+1","Vigilance","Adaptation+1","TalkToTheHand","Adaptation+1","TalkToTheHand"],"relics":["PureWater","Golden Idol","Meat on the Bone","Toy Ornithopter","Gambling Chip"],"acts_visited":["Exordium"],"potions_floor_usage":[13],"damage_taken":[{"damage":0.0,"enemies":"Small Slimes","floor":1.0,"turns":3.0},{"damage":9.0,"enemies":"Jaw Worm","floor":2.0,"turns":5.0},{"damage":0.0,"enemies":"Cultist","floor":5.0,"turns":2.0},{"damage":20.0,"enemies":"Exordium Wildlife","floor":7.0,"turns":5.0},{"damage":45.0,"enemies":"Lagavulin Event","floor":8.0,"turns":7.0},{"damage":3.0,"enemies":"Blue Slaver","floor":10.0,"turns":5.0},{"damage":10.0,"enemies":"Exordium Thugs","floor":11.0,"turns":4.0},{"damage":28,"enemies":"Gremlin Nob","floor":13,"turns":3},{"damage":30,"enemies":"Large Slime","floor":14,"turns":6},{"damage":21,"enemies":"Hexaghost","floor":16,"turns":9}],"seed_played":"-6489958866083418410","potions_obtained":[{"floor":1.0,"key":"PowerPotion"},{"floor":7.0,"key":"BottledMiracle"},{"floor":8.0,"key":"Strength Potion"}],"is_trial":false,"path_per_floor":["M","M","$","?","M","R","M","?","T","M","M","R","E","M","R","B"],"character_chosen":"WATCHER","items_purchased":[],"campfire_rested":0,"item_purchase_floors":[],"current_hp_per_floor":[65,56,56,38,38,38,18,35,35,44,46,46,35,17,17,0,0],"gold":247,"neow_bonus":"ONE_RANDOM_RARE_CARD","is_daily":false,"chose_seed":false,"campfire_upgraded":3,"win_rate":0.0,"timestamp":1610996095,"path_taken":["M","M","$","?","M","R","M","?","T","M","M","R","E","M","R","BOSS"],"items_purchased_type":[],"build_version":"2020-12-22","purchased_purges":1,"victory":false,"max_hp_per_floor":[72,72,72,72,72,72,72,72,72,72,72,72,72,72,72,72,72],"card_choices":[{"not_picked":["Weave","FlyingSleeves","WindmillStrike"],"picked":"SKIP","floor":1.0},{"not_picked":["EmptyMind","SashWhip","Crescendo"],"picked":"SKIP","floor":2.0},{"not_picked":["JustLucky","Prostrate"],"picked":"Adaptation","floor":5.0},{"not_picked":["ClearTheMind","Adaptation"],"picked":"TalkToTheHand","floor":7.0},{"not_picked":["ClearTheMind","Crescendo","SignatureMove"],"picked":"SKIP","floor":10.0},{"not_picked":["Protect","Establishment"],"picked":"Adaptation","floor":11.0},{"not_picked":["FlurryOfBlows","EmptyBody","Adaptation"],"picked":"SKIP","floor":13},{"not_picked":["ThirdEye","Adaptation"],"picked":"TalkToTheHand","floor":14}],"player_experience":397842,"relics_obtained":[{"floor":9.0,"key":"Toy Ornithopter"},{"floor":13,"key":"Gambling Chip"}],"event_choices":[{"damage_healed":0.0,"max_hp_gain":0.0,"max_hp_loss":0.0,"gold_gain":0.0,"event_name":"Golden Idol","player_choice":"Take Damage","floor":4.0,"gold_loss":0.0,"damage_taken":18.0,"relics_obtained":["Golden Idol"]},{"damage_healed":0.0,"max_hp_gain":0.0,"max_hp_loss":0.0,"gold_gain":0.0,"event_name":"Dead Adventurer","player_choice":"Searched \u00272\u0027 times","floor":8.0,"gold_loss":0.0,"damage_taken":0.0,"relics_obtained":["Meat on the Bone"]}],"is_beta":false,"boss_relics":[],"items_purged_floors":[3],"is_endless":false,"potions_floor_spawned":[1,7,8],"killed_by":"Hexaghost","ascension_level":8}}