{"host":"37ccm3d17clopct7","time":1610952923,"event":{"mods":["BaseMod","Lobotomy","Minty Spire (QoL Compilation)","StSLib","The Bug Knight","The Cursed","The Hierophant"],"gold_per_floor":[116,116,129,144,69,69,88,163,163,193,193,193,206,226,226,324,324,340,47,62,62,62,62,107,107,107],"floor_reached":25,"language":"KOR","playtime":1473,"items_purged":["hierophant:Defend_Hierophant","hierophant:TollTheBells+1"],"score":246,"play_id":"9fd367e9-06ae-4a7e-86a7-3eb8c214ba1a","local_time":"20210118155523","is_ascension_mode":false,"campfire_choices":[{"data":"hierophant:Doomsaying","floor":6,"key":"SMITH"},{"floor":12,"key":"DIG"},{"floor":15,"key":"REST"},{"floor":23,"key":"REST"}],"circlet_count":0,"master_deck":["hierophant:Strike_Hierophant","hierophant:Strike_Hierophant","hierophant:Strike_Hierophant","hierophant:Punish","hierophant:Defend_Hierophant","hierophant:ChurchCoffers+1","OSAHOGD","hierophant:Doomsaying+1","OldLady","hierophant:FlamingChariot","UniverseFragment","hierophant:OrnateJavelin","hierophant:Doomsaying+1","hierophant:OrnateBuckler+1","BeautyBeast","hierophant:Doubloon","hierophant:Dazzle","ShyLook"],"relics":["hierophant:PropheticMaskRelic","CogitoBucket","Torii","Shovel","Bag of Preparation","BehaviorAdjustment","Astrolabe","Membership Card","Lantern","Anchor"],"acts_visited":["Exordium","TheCity"],"potions_floor_usage":[16,16,16,25,25],"damage_taken":[{"damage":0,"enemies":"2 Louse","floor":1,"turns":1},{"damage":5,"enemies":"Cultist","floor":3,"turns":4},{"damage":9,"enemies":"Small Slimes","floor":4,"turns":3},{"damage":10,"enemies":"Looter","floor":7,"turns":3},{"damage":9,"enemies":"3 Sentries","floor":10,"turns":6},{"damage":2,"enemies":"Gremlin Gang","floor":13,"turns":4},{"damage":0,"enemies":"3 Louse","floor":14,"turns":1},{"damage":17,"enemies":"Hexaghost","floor":16,"turns":11},{"damage":35,"enemies":"Shell Parasite","floor":18,"turns":7},{"damage":23,"enemies":"Centurion and Healer","floor":20,"turns":6},{"damage":0,"enemies":"HollowMod:Nosk","floor":24,"turns":2},{"damage":41,"enemies":"Cultist and Chosen","floor":25,"turns":5}],"seed_played":"-5923922756832007900","potions_obtained":[{"floor":4,"key":"DuplicationPotion"},{"floor":7,"key":"Fire Potion"},{"floor":10,"key":"FearPotion"},{"floor":20,"key":"Block Potion"}],"is_trial":false,"path_per_floor":["M","?","M","M","$","R","M","?","T","E","?","R","M","M","R","B",null,"M","$","M","$","?","R","E","M"],"character_chosen":"HIEROPHANT","items_purchased":["Membership Card","Lantern","Block Potion"],"campfire_rested":2,"item_purchase_floors":[19,19,19],"current_hp_per_floor":[75,75,70,61,61,61,51,40,40,31,31,31,29,29,51,34,75,40,40,17,17,17,39,39,0,0],"gold":107,"neow_bonus":"","is_daily":false,"chose_seed":false,"campfire_upgraded":1,"win_rate":0.0,"timestamp":1610952923,"path_taken":["M","?","?","M","?","R","?","?","T","E","?","R","M","M","R","BOSS","M","$","M","$","?","R","E","M"],"items_purchased_type":["Relic","Card","Potion"],"build_version":"2020-12-22","purchased_purges":2,"victory":false,"max_hp_per_floor":[75,75,75,75,75,75,75,75,75,75,75,75,75,75,75,75,75,75,75,75,75,75,75,75,75,75],"card_choices":[{"not_picked":["Funeral","FairyFestival","MeatLantern"],"picked":"Singing Bowl","floor":1},{"not_picked":["NakedNest","FieryBird"],"picked":"OSAHOGD","floor":1},{"not_picked":["hierophant:Mercenaries","hierophant:AuricShield"],"picked":"hierophant:Doomsaying","floor":1},{"not_picked":["MHz","UniverseFragment"],"picked":"OldLady","floor":3},{"not_picked":["hierophant:HammerAndAnvil","hierophant:AuricBeam","hierophant:CursedGold"],"picked":"SKIP","floor":3},{"not_picked":["hierophant:HammerAndAnvil","hierophant:Kindle"],"picked":"hierophant:FlamingChariot","floor":4},{"not_picked":["BigBadWolf","LittleHelper"],"picked":"UniverseFragment","floor":7},{"not_picked":["hierophant:Doomsaying","hierophant:Flagellation"],"picked":"hierophant:OrnateJavelin","floor":7},{"not_picked":["hierophant:Shelter","hierophant:PassingBell","hierophant:Rebuild"],"picked":"SKIP","floor":10},{"not_picked":["hierophant:Bribe","hierophant:AuricShield","hierophant:ThreeLashes"],"picked":"SKIP","floor":13},{"not_picked":["hierophant:AuricBeam","hierophant:HolyVerse","hierophant:FlamingChariot"],"picked":"SKIP","floor":14},{"not_picked":["hierophant:AuricBeam","hierophant:Community+1","hierophant:SolarFlare"],"picked":"SKIP","floor":18},{"not_picked":["Murderer","Scorched"],"picked":"BeautyBeast","floor":20},{"not_picked":["hierophant:Encroach","hierophant:Bribe"],"picked":"hierophant:Dazzle","floor":20},{"not_picked":["Murderer","Porccubus"],"picked":"ShyLook","floor":24},{"not_picked":["hierophant:Charity","hierophant:RecallFunds","hierophant:PassingBell"],"picked":"SKIP","floor":24}],"player_experience":65472,"relics_obtained":[{"floor":9,"key":"Torii"},{"floor":10,"key":"Shovel"},{"floor":12,"key":"Bag of Preparation"},{"floor":24,"key":"Anchor"}],"event_choices":[{"damage_healed":0,"gold_gain":0,"player_choice":"Upgraded","damage_taken":0,"max_hp_gain":0,"max_hp_loss":0,"event_name":"Upgrade Shrine","floor":2,"gold_loss":0,"cards_upgraded":["hierophant:ChurchCoffers"]},{"damage_healed":0,"gold_gain":75,"player_choice":"Gather Gold","damage_taken":11,"max_hp_gain":0,"max_hp_loss":0,"event_name":"World of Goop","floor":8,"gold_loss":0},{"damage_healed":0,"gold_gain":0,"player_choice":"Ignored","damage_taken":0,"max_hp_gain":0,"max_hp_loss":0,"event_name":"NoteForYourself","floor":11,"gold_loss":0},{"damage_healed":0,"gold_gain":0,"player_choice":"Ignored","damage_taken":0,"max_hp_gain":0,"max_hp_loss":0,"event_name":"Cursed Tome","floor":22,"gold_loss":0}],"is_beta":false,"boss_relics":[{"not_picked":["Busted Crown","Snecko Eye"],"picked":"Astrolabe"}],"items_purged_floors":[5,19],"is_endless":false,"potions_floor_spawned":[4,7,10,13,20],"killed_by":"Cultist and Chosen","ascension_level":0}}