{"host":"0xu7235pdvcbtjbq","time":1610932204,"event":{"mods":["AchievementEnabler","BaseMod","Colored Map","Colored Powertips","Curses Come First","Minty Spire (QoL Compilation)","Permanent Neow","Relic Stats","StSLib"],"gold_per_floor":[117,131,151,161,171,171,186,219,246,266,266,277,55,89,89,194,194,207,227,8,21,36,36,36],"floor_reached":23,"language":"ENG","playtime":1412,"items_purged":["Strike_B","Strike_B"],"score":314,"play_id":"da7da4ba-9ba3-4ca9-a7d0-d038dfba4104","local_time":"20210118111004","is_ascension_mode":true,"campfire_choices":[{"floor":6.0,"key":"REST"},{"data":"Creative AI","floor":15.0,"key":"SMITH"}],"circlet_count":0,"master_deck":["AscendersBane","Strike_B","Strike_B","Defend_B","Defend_B","Defend_B","Defend_B","Zap","Dualcast","Ball Lightning","Loop","Ball Lightning","Conserve Battery+1","Leap+1","Rebound","Creative AI+1","Static Discharge+1","Doom and Gloom","Heatsinks","Biased Cognition","Coolheaded+1","Turbo","Coolheaded","Skim"],"relics":["Philosopher\u0027s Stone","Dead Branch","War Paint","OrangePellets","Blue Candle","SlaversCollar"],"acts_visited":["Exordium","TheCity"],"potions_floor_usage":[22,23],"damage_taken":[{"damage":3.0,"enemies":"Cultist","floor":1.0,"turns":4.0},{"damage":13.0,"enemies":"Jaw Worm","floor":2.0,"turns":2.0},{"damage":10.0,"enemies":"2 Louse","floor":3.0,"turns":3.0},{"damage":9.0,"enemies":"Looter","floor":4.0,"turns":3.0},{"damage":5.0,"enemies":"Red Slaver","floor":5.0,"turns":3.0},{"damage":0.0,"enemies":"3 Louse","floor":7.0,"turns":3.0},{"damage":20.0,"enemies":"3 Sentries","floor":8.0,"turns":6.0},{"damage":0.0,"enemies":"Looter","floor":10.0,"turns":3.0},{"damage":0.0,"enemies":"Large Slime","floor":12.0,"turns":5.0},{"damage":10.0,"enemies":"Lagavulin","floor":14.0,"turns":6.0},{"damage":15.0,"enemies":"Hexaghost","floor":16.0,"turns":9.0},{"damage":2.0,"enemies":"Chosen","floor":18.0,"turns":4.0},{"damage":17,"enemies":"2 Thieves","floor":19,"turns":3},{"damage":10,"enemies":"Snecko","floor":21,"turns":4},{"damage":16,"enemies":"Snake Plant","floor":22,"turns":3},{"damage":14,"enemies":"Book of Stabbing","floor":23,"turns":3}],"seed_played":"4686672631180605212","potions_obtained":[{"floor":2.0,"key":"GamblersBrew"},{"floor":7.0,"key":"FearPotion"},{"floor":8.0,"key":"DistilledChaos"},{"floor":12.0,"key":"Weak Potion"},{"floor":18.0,"key":"BlessingOfTheForge"},{"floor":22,"key":"CultistPotion"}],"is_trial":false,"path_per_floor":["M","M","M","M","M","R","M","E","T","M","?","M","$","E","R","B",null,"M","M","$","M","M","E"],"character_chosen":"DEFECT","items_purchased":["OrangePellets","Turbo","GamblersBrew"],"campfire_rested":1,"item_purchase_floors":[13,20,20],"current_hp_per_floor":[65,52,42,33,28,50,50,30,30,30,30,30,30,20,20,5,58,56,39,39,29,13,0,0],"gold":36,"neow_bonus":"BOSS_RELIC","is_daily":false,"chose_seed":false,"campfire_upgraded":1,"win_rate":0.0,"timestamp":1610932204,"path_taken":["M","M","M","?","?","R","M","E","T","M","?","M","$","E","R","BOSS","M","?","$","M","M","E"],"items_purchased_type":["Relic","Card","Potion"],"build_version":"2020-12-22","purchased_purges":2,"victory":false,"max_hp_per_floor":[75,75,75,75,75,75,75,75,75,75,75,75,75,75,75,75,75,75,75,75,75,75,75,75],"relic_stats":{"OrangePellets":[7],"counters":[16,64],"Dead Branch":[10],"Blue Candle":[0],"War Paint":["Leap","Conserve Battery"],"obtain_stats":[{"OrangePellets":13,"SlaversCollar":17,"Dead Branch":8,"Blue Candle":14,"Philosopher\u0027s Stone":0,"War Paint":9,"Cracked Core":0},{"OrangePellets":9,"SlaversCollar":11,"Dead Branch":7,"Blue Candle":10,"Philosopher\u0027s Stone":0,"War Paint":7,"Cracked Core":0},{"OrangePellets":32,"SlaversCollar":47,"Dead Branch":24,"Blue Candle":38,"Philosopher\u0027s Stone":0,"War Paint":24,"Cracked Core":0}]},"card_choices":[{"not_picked":["Sweeping Beam","Leap"],"picked":"Ball Lightning","floor":1.0},{"not_picked":["Redo","Auto Shields"],"picked":"Loop","floor":2.0},{"not_picked":["Steam","Hologram"],"picked":"Ball Lightning","floor":3.0},{"not_picked":["Loop","Streamline"],"picked":"Conserve Battery","floor":4.0},{"not_picked":["Storm","Chaos"],"picked":"Leap","floor":5.0},{"not_picked":["Gash","Ball Lightning"],"picked":"Rebound","floor":7.0},{"not_picked":["Redo","Skim"],"picked":"Creative AI","floor":8.0},{"not_picked":["Redo","Hello World"],"picked":"Static Discharge","floor":10.0},{"not_picked":["Ball Lightning","Skim"],"picked":"Doom and Gloom","floor":12.0},{"not_picked":["Stack","Thunder Strike"],"picked":"Heatsinks","floor":14.0},{"not_picked":["Meteor Strike","Fission"],"picked":"Biased Cognition","floor":16.0},{"not_picked":["Gash","Compile Driver"],"picked":"Coolheaded+1","floor":18.0},{"not_picked":["Fusion","Redo","Beam Cell"],"picked":"SKIP","floor":19},{"not_picked":["Blizzard","Consume"],"picked":"Coolheaded","floor":21},{"not_picked":["Consume","Gash"],"picked":"Skim","floor":22}],"player_experience":472033,"relics_obtained":[{"floor":8.0,"key":"Dead Branch"},{"floor":9.0,"key":"War Paint"},{"floor":14.0,"key":"Blue Candle"}],"event_choices":[{"damage_healed":0.0,"max_hp_gain":0.0,"max_hp_loss":0.0,"gold_gain":0.0,"event_name":"Upgrade Shrine","player_choice":"Upgraded","floor":11.0,"gold_loss":0.0,"damage_taken":0.0,"cards_upgraded":["Static Discharge"]}],"is_beta":false,"boss_relics":[{"not_picked":["Black Star","Sozu"],"picked":"SlaversCollar"}],"items_purged_floors":[13,20],"is_endless":false,"potions_floor_spawned":[2,7,8,12,18,21,22],"killed_by":"Book of Stabbing","ascension_level":10}}