{"host":"9tdk3zzhmpo6o3dg","time":1610982066,"event":{"mods":["AchievementEnabler","Act Like it!","BaseMod","Downfall","Gensokyo","Hermit","Koishi","Marisa（F雨　魔理沙）","Minty Spire (QoL Compilation)","Remilia（蕾米莉亚）","SOS（斯巴达之子）","Shop Mod","StSLib","The Alterego","The Cursed","The Hierophant","The Marked","The Senshi","The Servant 0.9.4","WarShipGirlsR/战舰少女R mod"],"gold_per_floor":[112,112,112,127,12,12,0,10,10,10,10,35,35,86,86,404,404,441,441,144,164,21,66,66,95,119,119,119,136,149,159,159,258,258,273,273,273,291,268,268,322,322,322,340,352,204,242,261,261,261],"floor_reached":51,"language":"ZHS","playtime":3632,"items_purged":[],"score":798,"play_id":"8666f5cc-7d81-4824-a924-c8e74b60bea7","local_time":"20210118230106","is_ascension_mode":false,"campfire_choices":[{"data":"GlobalNightmare","floor":6,"key":"SMITH"},{"data":"ScarletMeister","floor":10,"key":"SMITH"},{"data":"RedMoon","floor":13,"key":"SMITH"},{"data":"TwelveNightmare","floor":15,"key":"SMITH"},{"data":"BloodRain","floor":24,"key":"SMITH"},{"floor":28,"key":"DIG"},{"floor":32,"key":"DIG"},{"data":"UnstableMagic","floor":40,"key":"SMITH"},{"floor":42,"key":"DIG"},{"floor":49,"key":"DIG"}],"circlet_count":0,"master_deck":["Strike_RM","Strike_RM","Strike_RM","Strike_RM","Defend_RM","Defend_RM","Defend_RM","Defend_RM","RedMoon+1","ScarletShoot","MastersStateliness+1","GlobalNightmare+1","StarOfDavid+1","ScarletMeister+1","Gensokyo:CrescentMoonSlash+1","FavorOfDestiny","TwelveNightmare+1","BloodRain+1","UnstableMagic+1","VampireClaw+1","ScarletImprint+1","GlobalNightmare+1","ScarletImprint+1","NightDance+1","ScarletImprint+1","MastersStateliness","MillenniumVampire","UnstableMagic+1","Parasite","MastersStateliness"],"relics":["ScarletHat","NeowsBlessing","Anchor","Matryoshka","Whetstone","Molten Egg 2","Black Star","Torii","Shovel","DollysMirror","Sundial","Regal Pillow","Centennial Puzzle","Nunchaku","Lantern","Bag of Marbles","Gambling Chip","Vajra","Blood Vial","SlaversCollar","Kunai","Prayer Wheel","Juzu Bracelet","Bottled Flame","Shuriken","OrangePellets","Pen Nib"],"acts_visited":["Exordium","Gensokyo:Gensokyo","TheBeyond"],"potions_floor_usage":[16],"damage_taken":[{"damage":0,"enemies":"Gensokyo:Gryphon","floor":1,"turns":1},{"damage":0,"enemies":"Gensokyo:3_Fairies","floor":4,"turns":2},{"damage":0,"enemies":"Gensokyo:Python","floor":8,"turns":1},{"damage":0,"enemies":"Gensokyo:Mamizou","floor":12,"turns":10},{"damage":13,"enemies":"Gensokyo:Aya","floor":14,"turns":8},{"damage":1,"enemies":"Gensokyo:Reimu","floor":16,"turns":9},{"damage":15,"enemies":"Gensokyo:CosmicMonolith","floor":18,"turns":5},{"damage":0,"enemies":"Gensokyo:3_Dogs","floor":21,"turns":4},{"damage":0,"enemies":"Gensokyo:Koishi","floor":23,"turns":6},{"damage":36,"enemies":"Gensokyo:Tenshi","floor":25,"turns":4},{"damage":8,"enemies":"Gensokyo:Swordslinger","floor":29,"turns":3},{"damage":0,"enemies":"Gensokyo:Monolith_and_Dog","floor":30,"turns":3},{"damage":0,"enemies":"Gensokyo:Chomper_and_Gloop","floor":31,"turns":4},{"damage":43,"enemies":"Gensokyo:Eternal_Rivals","floor":33,"turns":9},{"damage":1,"enemies":"Orb Walker","floor":35,"turns":3},{"damage":0,"enemies":"3 Darklings","floor":38,"turns":2},{"damage":0,"enemies":"Giant Head","floor":41,"turns":7},{"damage":0,"enemies":"Spire Growth","floor":44,"turns":3},{"damage":1,"enemies":"Writhing Mass","floor":45,"turns":6},{"damage":20,"enemies":"Transient","floor":47,"turns":5},{"damage":0,"enemies":"3 Darklings","floor":48,"turns":2},{"damage":69,"enemies":"Awakened One","floor":50,"turns":9}],"seed_played":"7100957552360394300","potions_obtained":[{"floor":4,"key":"FearPotion"},{"floor":8,"key":"SmokeBomb"},{"floor":12,"key":"SpeedPotion"},{"floor":16,"key":"Fire Potion"},{"floor":30,"key":"Energy Potion"}],"is_trial":false,"path_per_floor":["M","T","?","M","COS","R","?","M","T","R","?","E","R","?","R","B",null,"M","?","$","M","COS","E","R","E","T","?","R","M","M","M","R","B",null,"M","?","$","M","$","R","E","R","T","M","M","$","M","M","R","B",null],"character_chosen":"REMILIA","items_purchased":["Shovel","MastersStateliness","OrangePellets"],"campfire_rested":0,"item_purchase_floors":[20,39,46],"current_hp_per_floor":[75,75,68,68,68,68,68,68,68,68,57,75,75,75,75,75,75,67,67,67,75,75,75,75,56,56,56,56,59,69,69,69,71,73,73,73,73,73,73,73,77,77,77,77,77,77,71,73,73,48],"gold":261,"neow_bonus":"THREE_ENEMY_KILL","is_daily":false,"chose_seed":false,"campfire_upgraded":6,"win_rate":0.0,"timestamp":1610982066,"path_taken":["M","?","?","M","COS","R","?","M","T","R","?","E","R","?","R","BOSS","M","?","?","M","COS","E","R","E","T","?","R","M","?","M","R","BOSS","M","?","?","M","$","R","E","R","T","M","M","$","M","M","R","BOSS"],"items_purchased_type":["Relic","Card","Relic"],"build_version":"2020-12-22","purchased_purges":0,"victory":true,"max_hp_per_floor":[75,75,75,75,75,75,75,75,75,75,75,75,75,75,75,75,75,75,75,75,75,75,75,75,75,75,69,69,69,69,69,69,73,73,73,73,73,73,73,73,77,77,77,77,77,77,77,77,77,81],"card_choices":[{"not_picked":["StarOfDavid","FavorOfDestiny"],"picked":"MastersStateliness","floor":1},{"not_picked":["MiserableFate","DevilSight"],"picked":"GlobalNightmare","floor":4},{"not_picked":[],"picked":"StarOfDavid","floor":7},{"not_picked":[],"picked":"ScarletMeister","floor":7},{"not_picked":["CharismaGuard","RedRainbow","HellCatastrophe"],"picked":"SKIP","floor":8},{"not_picked":["MastersStateliness","DiffusionOfMisfortune"],"picked":"FavorOfDestiny","floor":12},{"not_picked":["CeilingFear","ChainGang+1"],"picked":"TwelveNightmare","floor":14},{"not_picked":["BloodyCatastrophe","ScarletMeister"],"picked":"BloodRain","floor":16},{"not_picked":["Stigmanizer+1","Ultimatum+1"],"picked":"UnstableMagic","floor":18},{"not_picked":["Maim","FitfulNightmare+1"],"picked":"ScarletImprint+1","floor":21},{"not_picked":["EndlessAdversity+1","DevilSight+1","StarOfDavid+1"],"picked":"SKIP","floor":23},{"not_picked":["BatForm","VampireFantasy"],"picked":"ScarletImprint+1","floor":25},{"not_picked":["VampireKiss+1","FavorOfDestiny+1"],"picked":"NightDance+1","floor":29},{"not_picked":["EndlessAdversity+1","EmergencyRegeneration","SuperhumanBloodyKnife+1"],"picked":"SKIP","floor":30},{"not_picked":["RedRainbow+1","UltimateOffering+1","UnderTheZenith+1"],"picked":"SKIP","floor":31},{"not_picked":["NightDance+1","FavorOfDestiny"],"picked":"ScarletImprint+1","floor":35},{"not_picked":["DiffusionOfMisfortune+1","ScarletDevil+1","VampireKiss+1"],"picked":"SKIP","floor":38},{"not_picked":["ScarletSymphony+1","Stigmanizer+1"],"picked":"MillenniumVampire","floor":41},{"not_picked":["BloodHunter+1","RedRainbow+1"],"picked":"UnstableMagic+1","floor":44},{"not_picked":["UnderTheZenith","BloodAndWine+1","Maim+1"],"picked":"SKIP","floor":44},{"not_picked":["NightDance+1","Stigmanizer+1"],"picked":"MastersStateliness","floor":45},{"not_picked":["DevilSight","UnstableMagic","EquivalentExchange"],"picked":"SKIP","floor":45},{"not_picked":["RedRainbow+1","QueenOfMidnight","EternalNight"],"picked":"SKIP","floor":47},{"not_picked":["VampireKiss+1","Stigmanizer+1","UnderTheZenith+1"],"picked":"SKIP","floor":47},{"not_picked":["RedRainbow+1","CharismaGuard","ScarletNetherworld"],"picked":"SKIP","floor":48},{"not_picked":["UnstableMagic","RedMagic","BloodHunter+1"],"picked":"SKIP","floor":48}],"player_experience":192811,"relics_obtained":[{"floor":2,"key":"Anchor"},{"floor":9,"key":"Matryoshka"},{"floor":12,"key":"Whetstone"},{"floor":14,"key":"Molten Egg 2"},{"floor":23,"key":"Sundial"},{"floor":23,"key":"Regal Pillow"},{"floor":25,"key":"Centennial Puzzle"},{"floor":25,"key":"Nunchaku"},{"floor":26,"key":"Lantern"},{"floor":26,"key":"Bag of Marbles"},{"floor":28,"key":"Vajra"},{"floor":32,"key":"Blood Vial"},{"floor":41,"key":"Kunai"},{"floor":41,"key":"Prayer Wheel"},{"floor":42,"key":"Juzu Bracelet"},{"floor":43,"key":"Bottled Flame"},{"floor":43,"key":"Shuriken"},{"floor":49,"key":"Pen Nib"}],"event_choices":[{"damage_healed":0,"gold_gain":0,"player_choice":"Upgraded","damage_taken":0,"max_hp_gain":0,"max_hp_loss":0,"event_name":"Upgrade Shrine","floor":36,"gold_loss":0,"cards_upgraded":["MastersStateliness"]}],"is_beta":false,"boss_relics":[{"not_picked":["Runic Pyramid","Pandora\u0027s Box"],"picked":"Black Star"},{"not_picked":["Sozu","Busted Crown"],"picked":"SlaversCollar"}],"items_purged_floors":[],"is_endless":false,"potions_floor_spawned":[4,8,12,18,21,30,31,38,44,45,48],"ascension_level":0}}