{"host":"rylkjufw9dlhr07b","time":1610928089,"event":{"mods":["AchievementEnabler","BaseMod","Better Note","BetterRewards","Hubris","Minty Spire (QoL Compilation)","Quick Restart","Replay The Spire","StSLib"],"gold_per_floor":[119,134,134,152,168,168,200,213,240,254,254,268,268,284,284,456,456,470,489,489,489,489,489,502,502,502,521,521,521,453,471,471,545,545,565,565,581,606,618,667,401,676,700,728,728,744,759,759,759,759],"floor_reached":51,"language":"FRA","playtime":2368,"items_purged":[],"score":1216,"play_id":"b8c4dd9f-4558-4cf2-bf74-35fd58df5299","local_time":"20210118010129","is_ascension_mode":true,"campfire_choices":[{"data":"Bane","floor":6.0,"key":"SMITH"},{"floor":11.0,"key":"REST"},{"floor":15.0,"key":"REST"},{"floor":23.0,"key":"REST"},{"floor":25.0,"key":"REST"},{"floor":32.0,"key":"REST"},{"floor":45,"key":"REST"},{"floor":49,"key":"REST"}],"circlet_count":0,"master_deck":["AscendersBane","Strike_G","Strike_G+1","Strike_G+1","Strike_G","Defend_G+1","Defend_G","Defend_G","Defend_G","Survivor","Neutralize+1","Bane+1","Deflect","Cloak And Dagger","Deadly Poison+1","Die Die Die","ReplayTheSpireMod:Scrap Shanks","Deadly Poison+1","Underhanded Strike","Bane+1","Venomology","Leg Sweep","Apotheosis+1","Poisoned Stab","Infinite Blades+1","Bullet Time","ReplayTheSpireMod:Tripwire+1","Corpse Explosion","Deadly Poison","Accuracy","Dodge and Roll","Acrobatics+1","Dagger Throw+1","Cloak And Dagger","ReplayTheSpireMod:Scrap Shanks","Regret","Dagger Throw","Fluid Movement","Footwork"],"relics":["Ring of the Snake","Gremlin Food","Potion Belt","hubris:Icosahedron","Black Star","hubris:Towel","Darkstone Periapt","MutagenicStrength","Replay:Ringing Soul","WristBlade","Replay:Multitool","FossilizedHelix","Blue Doll","Omamori","Quantum Egg","Anchor"],"acts_visited":["Exordium","TheCity","TheBeyond"],"potions_floor_usage":[33,33,33,33,33,35,37,38,40,40,40,47,50,50,50,50,50],"damage_taken":[{"damage":1.0,"enemies":"Cultist","floor":1.0,"turns":4.0},{"damage":1.0,"enemies":"2 Louse","floor":2.0,"turns":4.0},{"damage":0.0,"enemies":"Jaw Worm","floor":4.0,"turns":4.0},{"damage":4.0,"enemies":"Exordium Wildlife","floor":5.0,"turns":6.0},{"damage":10.0,"enemies":"Lagavulin","floor":7.0,"turns":6.0},{"damage":3.0,"enemies":"Large Slime","floor":8.0,"turns":6.0},{"damage":0.0,"enemies":"Looter","floor":10.0,"turns":2.0},{"damage":14.0,"enemies":"3 Louse","floor":12.0,"turns":3.0},{"damage":8.0,"enemies":"Large Slime","floor":14.0,"turns":4.0},{"damage":39.0,"enemies":"Hexaghost","floor":16.0,"turns":8.0},{"damage":43.0,"enemies":"Spheric Guardian","floor":18.0,"turns":7.0},{"damage":16.0,"enemies":"Chosen","floor":19.0,"turns":5.0},{"damage":1.0,"enemies":"Centurion and Healer","floor":24.0,"turns":7.0},{"damage":3.0,"enemies":"3 Cultists","floor":27.0,"turns":6.0},{"damage":8.0,"enemies":"Snake Plant","floor":31.0,"turns":6.0},{"damage":43,"enemies":"Champ","floor":33,"turns":12},{"damage":13,"enemies":"3 Shapes","floor":35,"turns":4},{"damage":0,"enemies":"3 Darklings","floor":37,"turns":2},{"damage":0,"enemies":"Mind Bloom Boss Battle","floor":38,"turns":5},{"damage":12,"enemies":"Sphere and 2 Shapes","floor":39,"turns":4},{"damage":23,"enemies":"2 Orb Walkers","floor":40,"turns":5},{"damage":10,"enemies":"Nemesis","floor":44,"turns":6},{"damage":10,"enemies":"Transient","floor":46,"turns":5},{"damage":9,"enemies":"Writhing Mass","floor":47,"turns":8},{"damage":10,"enemies":"hubris:GrandSnecko","floor":50,"turns":8}],"seed_played":"-8780117166657812200","potions_obtained":[{"floor":4.0,"key":"FearPotion"},{"floor":5.0,"key":"ColorlessPotion"},{"floor":12.0,"key":"GamblersBrew"},{"floor":14.0,"key":"BlessingOfTheForge"},{"floor":16.0,"key":"EntropicBrew"},{"floor":19.0,"key":"Strength Potion"},{"floor":27.0,"key":"Block Potion"},{"floor":31.0,"key":"Elixir"},{"floor":35,"key":"Poison Potion"},{"floor":44,"key":"Reflective Coating"},{"floor":46,"key":"BlessingOfTheForge"}],"is_trial":false,"path_per_floor":["M","M","?","M","M","R","E","M","T","M","R","M","?","M","R","B",null,"M","M","?","?","?","R","M","R","T","M","?","T","$","M","R","B",null,"M","?","M","?","M","R","$","?","T","E","R","M","M","?","R","B",null],"character_chosen":"THE_SILENT","items_purchased":["Bullet Time","Blue Doll","Cloak And Dagger","ReplayTheSpireMod:Scrap Shanks"],"campfire_rested":7,"item_purchase_floors":[30,41,41,41],"current_hp_per_floor":[69,68,68,68,64,64,54,51,51,51,74,60,60,52,75,36,67,24,8,8,8,8,31,30,53,53,50,50,50,53,48,72,32,73,63,63,66,69,60,40,43,52,52,45,79,72,66,66,102,92],"gold":759,"neow_bonus":"TEN_PERCENT_HP_BONUS","is_daily":false,"chose_seed":false,"campfire_upgraded":1,"win_rate":0.0,"timestamp":1610928089,"path_taken":["M","?","?","M","M","R","E","?","T","M","R","M","?","M","R","BOSS","M","M","?","?","?","R","M","R","T","M","?","?","?","?","R","BOSS","M","?","?","?","M","R","$","?","T","E","R","?","M","?","R","BOSS"],"items_purchased_type":["Card","Relic","Card","Card"],"build_version":"2020-12-22","purchased_purges":0,"victory":true,"max_hp_per_floor":[77,77,77,77,77,77,77,77,77,77,77,77,77,77,77,77,77,77,77,77,77,77,77,77,77,77,77,77,77,80,83,83,86,86,89,89,92,95,98,101,104,113,113,116,116,119,122,122,122,122],"card_choices":[{"not_picked":["Underhanded Strike","Quick Slash"],"picked":"Bane","floor":1.0},{"not_picked":["Outmaneuver","PiercingWail"],"picked":"Deflect","floor":2.0},{"not_picked":["Outmaneuver","Phantasmal Killer"],"picked":"Cloak And Dagger","floor":4.0},{"not_picked":["Acrobatics","Bane"],"picked":"Deadly Poison","floor":5.0},{"not_picked":["Prepared","Caltrops"],"picked":"Die Die Die","floor":7.0},{"not_picked":["Crippling Poison","PiercingWail"],"picked":"ReplayTheSpireMod:Scrap Shanks","floor":8.0},{"not_picked":["Bouncing Flask","Bane"],"picked":"Deadly Poison","floor":10.0},{"not_picked":["Endless Agony","Calculated Gamble"],"picked":"Underhanded Strike","floor":12.0},{"not_picked":["Acrobatics","Setup"],"picked":"Bane","floor":14.0},{"not_picked":["After Image","Corpse Explosion"],"picked":"Venomology","floor":16.0},{"not_picked":["Flying Knee","hubris:SlightOfHand","Outmaneuver"],"picked":"SKIP","floor":18.0},{"not_picked":["Eviscerate","Flying Knee+1"],"picked":"Leg Sweep","floor":19.0},{"not_picked":["Outmaneuver","Reflex"],"picked":"Poisoned Stab","floor":24.0},{"not_picked":["Outmaneuver","Underhanded Strike+1"],"picked":"Infinite Blades+1","floor":27.0},{"not_picked":["Hidden Blade","Bane+1"],"picked":"ReplayTheSpireMod:Tripwire+1","floor":31.0},{"not_picked":["Replay:Bag of Tricks","Storm of Steel"],"picked":"Corpse Explosion","floor":33},{"not_picked":["Reflex","Poisoned Stab"],"picked":"Deadly Poison","floor":35},{"not_picked":["Dagger Spray","Sneak Up+1"],"picked":"Accuracy","floor":37},{"not_picked":["Eviscerate","Quick Slash"],"picked":"Dodge and Roll","floor":38},{"not_picked":["Expertise","Deflect"],"picked":"Acrobatics+1","floor":39},{"not_picked":["Acrobatics","hubris:TrickCloak"],"picked":"Dagger Throw+1","floor":40},{"not_picked":["Riddle With Holes","ReplayTheSpireMod:Tripwire+1"],"picked":"Dagger Throw","floor":44},{"not_picked":["Underhanded Strike+1","hubris:SlightOfHand"],"picked":"Fluid Movement","floor":46},{"not_picked":["ReplayTheSpireMod:Shiv Toss","Reflex+1"],"picked":"Footwork","floor":47}],"player_experience":537365,"relics_obtained":[{"floor":7.0,"key":"Gremlin Food"},{"floor":9.0,"key":"Potion Belt"},{"floor":26.0,"key":"Darkstone Periapt"},{"floor":29.0,"key":"Replay:Ringing Soul"},{"floor":38,"key":"Replay:Multitool"},{"floor":40,"key":"FossilizedHelix"},{"floor":43,"key":"Omamori"},{"floor":44,"key":"Quantum Egg"},{"floor":44,"key":"Anchor"}],"event_choices":[{"cards_removed":["Defend_G"],"damage_healed":0.0,"max_hp_gain":0.0,"max_hp_loss":0.0,"gold_gain":0.0,"event_name":"Purifier","player_choice":"Purged","floor":3.0,"gold_loss":0.0,"damage_taken":0.0},{"damage_healed":0.0,"max_hp_gain":0.0,"max_hp_loss":0.0,"gold_gain":0.0,"event_name":"betterNote:BetterNote","player_choice":"Take","floor":20.0,"gold_loss":0.0,"damage_taken":0.0,"cards_obtained":["Apotheosis"]},{"damage_healed":0.0,"max_hp_gain":0.0,"max_hp_loss":0.0,"gold_gain":0.0,"event_name":"Beggar","player_choice":"Ignored","floor":22.0,"gold_loss":0.0,"damage_taken":0.0},{"damage_healed":0.0,"max_hp_gain":0.0,"max_hp_loss":0.0,"gold_gain":0.0,"event_name":"Drug Dealer","player_choice":"Inject Mutagens","floor":28.0,"gold_loss":0.0,"damage_taken":0.0,"relics_obtained":["MutagenicStrength"]},{"damage_healed":0,"gold_gain":0,"player_choice":"0 cards matched","damage_taken":0,"max_hp_gain":0,"max_hp_loss":0,"event_name":"Match and Keep!","floor":36,"gold_loss":0,"cards_obtained":[]},{"damage_healed":0,"gold_gain":0,"player_choice":"Fight","damage_taken":0,"max_hp_gain":0,"max_hp_loss":0,"event_name":"MindBloom","floor":38,"gold_loss":0},{"damage_healed":0,"gold_gain":0,"player_choice":"Fight","damage_taken":0,"max_hp_gain":0,"max_hp_loss":0,"event_name":"Mysterious Sphere","floor":40,"gold_loss":0},{"damage_healed":0,"gold_gain":275,"player_choice":"Desecrate","damage_taken":0,"max_hp_gain":0,"max_hp_loss":0,"event_name":"Golden Shrine","floor":42,"gold_loss":0,"cards_obtained":["Regret"]},{"cards_removed":["Strike_G"],"damage_healed":0,"gold_gain":0,"player_choice":"Removed Attack","damage_taken":0,"max_hp_gain":0,"max_hp_loss":0,"event_name":"Falling","floor":48,"gold_loss":0}],"is_beta":false,"boss_relics":[{"not_picked":["Velvet Choker","ReplayTheSpireMod:DimensionalGlitch"],"picked":"Black Star"},{"not_picked":["Ring of Chaos","hubris:TerracottaHorce"],"picked":"WristBlade"}],"items_purged_floors":[],"is_endless":false,"potions_floor_spawned":[4,5,12,14,16,19,27,31,35,37,44,46],"ascension_level":13}}