{"host":"daa8jqyg4gqfaysm","time":1610988317,"event":{"mods":["BaseMod","Colored Powertips","Minty Spire (QoL Compilation)","StSLib"],"gold_per_floor":[111,126,37,57,57,57,82,82,131,131,157,172,172,184,184,260,260,276,296,58,58,72,105,123,142,168,168,194,210,210,242,242,314,314,334,347,2,0,11,43,61,91,91,110,110,4,38,51,51,51,51,51,51,51,78,78,78],"floor_reached":56,"language":"ENG","playtime":3436,"items_purged":["Strike_G","Well Laid Plans+1"],"score":2268,"play_id":"b18a05d1-158f-4c30-a1b6-521a3753420f","local_time":"20210119004517","is_ascension_mode":true,"campfire_choices":[{"data":"Adrenaline","floor":6,"key":"SMITH"},{"floor":8,"key":"REST"},{"data":"Neutralize","floor":10,"key":"SMITH"},{"data":"Calculated Gamble","floor":13,"key":"SMITH"},{"floor":15,"key":"REST"},{"data":"Malaise","floor":27,"key":"SMITH"},{"data":"Well Laid Plans","floor":30,"key":"SMITH"},{"data":"Footwork","floor":32,"key":"SMITH"},{"floor":45,"key":"RECALL"},{"data":"Finisher","floor":49,"key":"SMITH"},{"data":"Adrenaline","floor":53,"key":"SMITH"}],"circlet_count":0,"master_deck":["AscendersBane","Strike_G","Strike_G","Strike_G","Defend_G","Defend_G","Defend_G","Defend_G","Defend_G","Survivor","Neutralize+1","Adrenaline+1","Terror","Underhanded Strike","Endless Agony","Poisoned Stab","Dash","Blade Dance","Calculated Gamble+1","Die Die Die","Prepared+1","Footwork+1","Acrobatics","Malaise+1","Acrobatics","Dodge and Roll+1","Phantasmal Killer","Adrenaline+1","Finisher+1","Footwork","Reflex"],"relics":["Ring of the Snake","Orichalcum","The Specimen","Lantern","Happy Flower","Coffee Dripper","ClockworkSouvenir","Paper Crane","Du-Vu Doll","FossilizedHelix","Runic Pyramid","Frozen Eye","Red Mask","Bronze Scales","Bottled Flame","Bottled Lightning","Ornamental Fan","Toy Ornithopter","Centennial Puzzle"],"acts_visited":["Exordium","TheCity","TheBeyond","TheEnding"],"potions_floor_usage":[11,16,33,33,47,51],"damage_taken":[{"damage":1,"enemies":"2 Louse","floor":1,"turns":3},{"damage":4,"enemies":"Small Slimes","floor":2,"turns":3},{"damage":0,"enemies":"Cultist","floor":4,"turns":3},{"damage":32,"enemies":"Lagavulin","floor":7,"turns":8},{"damage":18,"enemies":"Gremlin Nob","floor":11,"turns":4},{"damage":0,"enemies":"Large Slime","floor":12,"turns":3},{"damage":0,"enemies":"Gremlin Gang","floor":14,"turns":4},{"damage":17,"enemies":"Slime Boss","floor":16,"turns":10},{"damage":11,"enemies":"3 Byrds","floor":18,"turns":6},{"damage":1,"enemies":"Spheric Guardian","floor":19,"turns":3},{"damage":8,"enemies":"Snake Plant","floor":22,"turns":4},{"damage":0,"enemies":"Gremlin Leader","floor":23,"turns":5},{"damage":0,"enemies":"Cultist and Chosen","floor":24,"turns":5},{"damage":4,"enemies":"Sentry and Sphere","floor":25,"turns":9},{"damage":0,"enemies":"Book of Stabbing","floor":28,"turns":9},{"damage":0,"enemies":"Snake Plant","floor":29,"turns":4},{"damage":0,"enemies":"Gremlin Leader","floor":31,"turns":5},{"damage":16,"enemies":"Automaton","floor":33,"turns":15},{"damage":0,"enemies":"3 Shapes","floor":35,"turns":3},{"damage":0,"enemies":"Orb Walker","floor":36,"turns":4},{"damage":0,"enemies":"Jaw Worm Horde","floor":39,"turns":2},{"damage":0,"enemies":"Giant Head","floor":40,"turns":6},{"damage":0,"enemies":"Writhing Mass","floor":41,"turns":3},{"damage":0,"enemies":"Nemesis","floor":42,"turns":7},{"damage":4,"enemies":"Transient","floor":44,"turns":6},{"damage":0,"enemies":"Reptomancer","floor":47,"turns":6},{"damage":0,"enemies":"Sphere and 2 Shapes","floor":48,"turns":2},{"damage":8,"enemies":"Time Eater","floor":50,"turns":15},{"damage":36,"enemies":"Awakened One","floor":51,"turns":18},{"damage":53,"enemies":"Shield and Spear","floor":55,"turns":14},{"damage":3,"enemies":"The Heart","floor":56,"turns":2}],"seed_played":"5093738794311021251","potions_obtained":[{"floor":1,"key":"Weak Potion"},{"floor":7,"key":"SkillPotion"},{"floor":14,"key":"DistilledChaos"},{"floor":22,"key":"DuplicationPotion"},{"floor":35,"key":"CultistPotion"},{"floor":48,"key":"SkillPotion"}],"is_trial":false,"path_per_floor":["M","M","$","M","?","R","E","R","T","R","E","M","R","M","R","B",null,"M","M","$","?","M","E","M","M","T","R","E","M","R","E","R","B",null,"M","M","$","?","M","E","M","E","T","M","R","?","E","M","R","B","B",null,"R","$","E","B"],"character_chosen":"THE_SILENT","items_purchased":["Endless Agony","ClockworkSouvenir","Frozen Eye","Regen Potion"],"campfire_rested":2,"item_purchase_floors":[3,20,37,37],"current_hp_per_floor":[58,54,54,54,43,43,11,30,30,30,12,12,12,12,31,14,53,42,41,41,41,33,33,33,29,29,29,29,29,29,29,29,13,53,53,53,53,53,53,53,53,53,53,49,49,49,64,64,64,56,25,56,56,56,3,0,0],"gold":78,"neow_bonus":"ONE_RANDOM_RARE_CARD","is_daily":false,"chose_seed":false,"campfire_upgraded":8,"win_rate":0.0,"timestamp":1610988317,"path_taken":["M","M","$","M","?","R","E","R","T","R","E","M","R","M","R","BOSS","M","M","$","?","M","E","M","?","T","R","E","M","R","E","R","BOSS","M","M","$","?","M","E","M","E","T","M","R","?","E","?","R","BOSS","BOSS","R","$","E","BOSS"],"items_purchased_type":["Card","Relic","Relic","Potion"],"build_version":"2020-12-22","purchased_purges":2,"victory":false,"max_hp_per_floor":[66,66,66,66,66,66,66,66,66,66,66,66,66,66,66,66,66,66,66,66,66,66,66,66,66,66,66,66,66,66,66,66,66,66,66,66,66,66,66,66,66,66,66,66,66,66,66,66,66,66,66,66,66,66,66,66,66],"card_choices":[{"not_picked":["Underhanded Strike","Outmaneuver"],"picked":"Terror","floor":1},{"not_picked":["Deadly Poison","Dodge and Roll"],"picked":"Underhanded Strike","floor":2},{"not_picked":["Dodge and Roll","Reflex"],"picked":"Poisoned Stab","floor":4},{"not_picked":["Accuracy","Acrobatics"],"picked":"Dash","floor":7},{"not_picked":["Bouncing Flask","Quick Slash"],"picked":"Blade Dance","floor":11},{"not_picked":["Quick Slash","Flechettes"],"picked":"Calculated Gamble","floor":12},{"not_picked":["Terror","Distraction","Concentrate"],"picked":"SKIP","floor":14},{"not_picked":["Storm of Steel","Envenom"],"picked":"Die Die Die","floor":16},{"not_picked":["Dodge and Roll","Slice"],"picked":"Prepared+1","floor":18},{"not_picked":["Expertise","Bane"],"picked":"Well Laid Plans","floor":19},{"not_picked":["Deflect","Flechettes"],"picked":"Footwork","floor":22},{"not_picked":["Escape Plan","Eviscerate+1"],"picked":"Acrobatics","floor":23},{"not_picked":["Accuracy","Dash"],"picked":"Malaise","floor":24},{"not_picked":["Blade Dance","Dagger Throw","Dash"],"picked":"SKIP","floor":25},{"not_picked":["Infinite Blades","Bane"],"picked":"Acrobatics","floor":28},{"not_picked":["Slice","Deadly Poison"],"picked":"Dodge and Roll+1","floor":29},{"not_picked":["Deflect","All Out Attack"],"picked":"Phantasmal Killer","floor":31},{"not_picked":["Venomology","Malaise"],"picked":"Adrenaline","floor":33},{"not_picked":["Flechettes","Dagger Throw+1","Deflect"],"picked":"SKIP","floor":35},{"not_picked":["Deflect","Distraction","Cloak And Dagger"],"picked":"SKIP","floor":36},{"not_picked":["Noxious Fumes+1","Deadly Poison"],"picked":"Finisher","floor":39},{"not_picked":["Deflect","Acrobatics","Dodge and Roll"],"picked":"SKIP","floor":40},{"not_picked":["Slice+1","Catalyst","Noxious Fumes"],"picked":"SKIP","floor":41},{"not_picked":["Poisoned Stab","Quick Slash","Catalyst"],"picked":"SKIP","floor":42},{"not_picked":["Bane","Quick Slash","Dodge and Roll"],"picked":"SKIP","floor":44},{"not_picked":["Eviscerate","Grand Finale","Outmaneuver"],"picked":"SKIP","floor":47},{"not_picked":["Backstab","Underhanded Strike"],"picked":"Footwork","floor":48},{"not_picked":["Deflect","Riddle With Holes+1"],"picked":"Reflex","floor":55}],"player_experience":836677,"relics_obtained":[{"floor":7,"key":"The Specimen"},{"floor":9,"key":"Lantern"},{"floor":11,"key":"Happy Flower"},{"floor":23,"key":"Paper Crane"},{"floor":28,"key":"Du-Vu Doll"},{"floor":31,"key":"FossilizedHelix"},{"floor":40,"key":"Bronze Scales"},{"floor":42,"key":"Bottled Flame"},{"floor":43,"key":"Bottled Lightning"},{"floor":47,"key":"Toy Ornithopter"},{"floor":55,"key":"Centennial Puzzle"}],"event_choices":[{"damage_healed":0,"gold_gain":0,"player_choice":"Success","damage_taken":11,"relics_obtained":["Orichalcum"],"max_hp_gain":0,"max_hp_loss":0,"event_name":"Scrap Ooze","floor":5,"gold_loss":0},{"cards_removed":["Strike_G"],"damage_healed":0,"gold_gain":0,"player_choice":"Purged","damage_taken":0,"max_hp_gain":0,"max_hp_loss":0,"event_name":"Purifier","floor":21,"gold_loss":0},{"damage_healed":0,"gold_gain":0,"player_choice":"Paid","damage_taken":0,"relics_obtained":["Red Mask"],"max_hp_gain":0,"max_hp_loss":0,"event_name":"Tomb of Lord Red Mask","floor":38,"gold_loss":2},{"damage_healed":0,"gold_gain":0,"player_choice":"Paid Gold","damage_taken":0,"relics_obtained":["Ornamental Fan"],"max_hp_gain":0,"max_hp_loss":0,"event_name":"WeMeetAgain","floor":46,"gold_loss":106}],"is_beta":false,"boss_relics":[{"not_picked":["Tiny House","Runic Dome"],"picked":"Coffee Dripper"},{"not_picked":["Astrolabe","Velvet Choker"],"picked":"Runic Pyramid"}],"items_purged_floors":[20,37],"is_endless":false,"potions_floor_spawned":[1,7,14,22,25,29,31,35,39,41,42,44,48],"killed_by":"The Heart","ascension_level":20}}