{"host":"ml2ro5l6hu6y0pll","time":1610929700,"event":{"mods":["AchievementEnabler","BaseMod","Colored Map","Colored Powertips","Custom Start","Googly Eyes","Minty Spire (QoL Compilation)","Quick Restart","Rare Cards Sparkle","Relic Stats","StSLib","everything is the same but u backflip on backflip"],"gold_per_floor":[116,135,153,170,170,196,228,260,260,260,260,277,168,179,179,250,250,264,284,79,96,96,122,122,149,202,214,254,266,278,310,322,411,423,448,332,347,360,280,280,280,310,380,393,409,439,473,492,492,492,492,492,492,152,179,179],"floor_reached":57,"language":"ENG","playtime":1953,"items_purged":[],"score":3319,"play_id":"928647f0-8d30-441e-b1bb-ee53d5cf1129","local_time":"20210118002820","daily_mods":["Flight","DeadlyEvents"],"is_ascension_mode":true,"campfire_choices":[{"data":"Noxious Fumes","floor":10,"key":"SMITH"},{"data":"Noxious Fumes","floor":11,"key":"SMITH"},{"data":"Riddle With Holes","floor":15,"key":"SMITH"},{"data":"1","floor":24,"key":"LIFT"},{"data":"2","floor":27,"key":"LIFT"},{"data":"3","floor":29,"key":"LIFT"},{"floor":30,"key":"REST"},{"floor":32,"key":"REST"},{"floor":40,"key":"RECALL"},{"floor":49,"key":"REST"},{"floor":53,"key":"REST"}],"circlet_count":0,"master_deck":["Poisoned Stab+1","Dagger Spray+1","Neutralize+1","Corpse Explosion+1","Survivor+1","Survivor+1","Survivor+1","Backflip+1","Crippling Poison+1","Catalyst+1","Noxious Fumes+1","Riddle With Holes+1","Noxious Fumes+1","Escape Plan","Adrenaline","Noxious Fumes","After Image","Night Terror","Crippling Poison+1","Dash+1","Riddle With Holes+1","Predator","Footwork"],"relics":["Ring of the Snake","Membership Card","Snake Skull","InkBottle","Happy Flower","Gremlin Horn","Singing Bowl","Omamori","Fusion Hammer","Girya","Dream Catcher","Bottled Tornado","MawBank","Bag of Marbles","Snecko Eye","Orrery","TwistedFunnel","Whetstone","Ancient Tea Set","Dead Branch","Bronze Scales","Sling","Pen Nib","Lantern"],"acts_visited":["Exordium","TheCity","TheBeyond","TheEnding"],"potions_floor_usage":[8,25,56,56],"damage_taken":[{"damage":0,"enemies":"Small Slimes","floor":1,"turns":2},{"damage":0,"enemies":"Cultist","floor":2,"turns":2},{"damage":0,"enemies":"2 Louse","floor":3,"turns":1},{"damage":0,"enemies":"Looter","floor":4,"turns":2},{"damage":9,"enemies":"3 Sentries","floor":6,"turns":4},{"damage":0,"enemies":"Gremlin Nob","floor":7,"turns":3},{"damage":0,"enemies":"3 Sentries","floor":8,"turns":3},{"damage":0,"enemies":"Exordium Thugs","floor":12,"turns":3},{"damage":4,"enemies":"Large Slime","floor":14,"turns":4},{"damage":17,"enemies":"Slime Boss","floor":16,"turns":5},{"damage":0,"enemies":"Spheric Guardian","floor":18,"turns":2},{"damage":0,"enemies":"2 Thieves","floor":19,"turns":2},{"damage":0,"enemies":"3 Cultists","floor":21,"turns":2},{"damage":17,"enemies":"Gremlin Leader","floor":23,"turns":4},{"damage":0,"enemies":"Book of Stabbing","floor":25,"turns":4},{"damage":0,"enemies":"Gremlin Leader","floor":28,"turns":3},{"damage":0,"enemies":"Snecko","floor":31,"turns":4},{"damage":0,"enemies":"Champ","floor":33,"turns":6},{"damage":2,"enemies":"Orb Walker","floor":35,"turns":3},{"damage":0,"enemies":"3 Shapes","floor":37,"turns":2},{"damage":1,"enemies":"3 Darklings","floor":38,"turns":2},{"damage":19,"enemies":"Reptomancer","floor":42,"turns":3},{"damage":0,"enemies":"Jaw Worm Horde","floor":44,"turns":2},{"damage":0,"enemies":"Spire Growth","floor":45,"turns":2},{"damage":10,"enemies":"Giant Head","floor":46,"turns":4},{"damage":0,"enemies":"Reptomancer","floor":47,"turns":2},{"damage":16,"enemies":"4 Shapes","floor":48,"turns":3},{"damage":19,"enemies":"Donu and Deca","floor":50,"turns":4},{"damage":37,"enemies":"Time Eater","floor":51,"turns":5},{"damage":0,"enemies":"Shield and Spear","floor":55,"turns":2},{"damage":46,"enemies":"The Heart","floor":56,"turns":6}],"seed_played":"-5213747135767120233","potions_obtained":[{"floor":1,"key":"BlessingOfTheForge"},{"floor":4,"key":"EssenceOfSteel"},{"floor":6,"key":"SkillPotion"},{"floor":8,"key":"Block Potion"},{"floor":18,"key":"Fruit Juice"},{"floor":25,"key":"SteroidPotion"},{"floor":33,"key":"LiquidMemories"},{"floor":37,"key":"DuplicationPotion"},{"floor":38,"key":"PowerPotion"}],"is_trial":true,"path_per_floor":["M","M","M","M","?","E","E","E","T","R","R","M","$","M","R","B",null,"M","M","$","M","?","E","R","E","T","R","E","R","R","M","R","B",null,"M","$","M","M","$","R","$","E","T","M","M","E","E","M","R","B","B",null,"R","$","E","B",null],"character_chosen":"THE_SILENT","items_purchased":["Omamori","Escape Plan","Noxious Fumes","Girya","Orrery","Riddle With Holes","TwistedFunnel","Bronze Scales","Sling","Pen Nib","Footwork","GhostInAJar"],"campfire_rested":4,"item_purchase_floors":[13,13,20,20,36,36,39,54,54,54,54,54],"current_hp_per_floor":[59,59,59,59,59,50,50,50,50,50,50,52,52,50,50,33,61,63,65,65,67,67,52,52,57,57,57,59,59,86,88,91,91,91,89,97,99,100,100,100,100,83,83,85,87,79,81,67,101,82,45,98,117,117,119,73],"gold":179,"neow_bonus":"","is_daily":false,"chose_seed":false,"campfire_upgraded":3,"win_rate":0.0,"timestamp":1610929700,"path_taken":["M","M","M","M","?","E","E","E","T","R","R","M","$","M","R","BOSS","M","M","$","?","?","E","R","E","T","R","E","R","R","M","R","BOSS","M","$","M","M","$","R","$","E","T","M","M","E","E","M","R","BOSS","BOSS","R","$","E","BOSS"],"items_purchased_type":["Relic","Card","Card","Relic","Relic","Card","Relic","Relic","Relic","Relic","Card","Potion"],"build_version":"2020-12-22","purchased_purges":0,"victory":true,"max_hp_per_floor":[66,66,66,66,66,66,66,66,66,66,66,68,68,70,70,70,70,72,74,74,76,76,78,78,83,83,83,85,85,87,89,91,91,91,91,99,101,103,103,103,103,105,105,107,109,111,113,115,115,115,115,115,117,117,119,119],"relic_stats":{"Happy Flower":[27],"Gremlin Horn":[17,17],"Singing Bowl":48,"counters":[31,96],"Dead Branch":[28],"Snake Skull":[273],"Pen Nib":[1],"Whetstone":["Dash","Riddle With Holes"],"MawBank":120,"Dream Catcher":4,"Bronze Scales":[93],"Snecko Eye":[89,100,75,87],"obtain_stats":[{"TwistedFunnel":39,"Girya":20,"Lantern":55,"Happy Flower":7,"Gremlin Horn":8,"Singing Bowl":9,"Dead Branch":47,"Snake Skull":0,"Pen Nib":54,"Omamori":13,"Whetstone":42,"Bottled Tornado":25,"MawBank":26,"Ancient Tea Set":46,"Sling":54,"Dream Catcher":23,"Bronze Scales":54,"Snecko Eye":34,"Orrery":36,"Fusion Hammer":17,"Bag of Marbles":28,"Membership Card":0,"InkBottle":6,"Ring of the Snake":0},{"TwistedFunnel":21,"Girya":12,"Lantern":30,"Happy Flower":6,"Gremlin Horn":7,"Singing Bowl":7,"Dead Branch":26,"Snake Skull":0,"Pen Nib":29,"Omamori":8,"Whetstone":22,"Bottled Tornado":15,"MawBank":15,"Ancient Tea Set":25,"Sling":29,"Dream Catcher":14,"Bronze Scales":29,"Snecko Eye":18,"Orrery":19,"Fusion Hammer":10,"Bag of Marbles":16,"Membership Card":0,"InkBottle":5,"Ring of the Snake":0},{"TwistedFunnel":63,"Girya":33,"Lantern":90,"Happy Flower":14,"Gremlin Horn":17,"Singing Bowl":17,"Dead Branch":76,"Snake Skull":0,"Pen Nib":88,"Omamori":20,"Whetstone":66,"Bottled Tornado":43,"MawBank":43,"Ancient Tea Set":74,"Sling":88,"Dream Catcher":39,"Bronze Scales":88,"Snecko Eye":56,"Orrery":59,"Fusion Hammer":29,"Bag of Marbles":46,"Membership Card":0,"InkBottle":11,"Ring of the Snake":0}],"InkBottle":[32],"Ring of the Snake":[62]},"card_choices":[{"not_picked":["Endless Agony","Underhanded Strike"],"picked":"Noxious Fumes","floor":1},{"not_picked":["Outmaneuver","Predator","Dagger Spray"],"picked":"SKIP","floor":2},{"not_picked":["Flying Knee","Terror","Prepared"],"picked":"SKIP","floor":3},{"not_picked":["Flying Knee","Terror","Prepared"],"picked":"SKIP","floor":3},{"not_picked":["Flying Knee","Outmaneuver","Dagger Spray"],"picked":"SKIP","floor":4},{"not_picked":["Cloak And Dagger","PiercingWail"],"picked":"Riddle With Holes","floor":6},{"not_picked":["Venomology","Underhanded Strike"],"picked":"Noxious Fumes","floor":7},{"not_picked":["Cloak And Dagger","Bane","PiercingWail"],"picked":"SKIP","floor":8},{"not_picked":["Poisoned Stab","Sucker Punch","Bane"],"picked":"Singing Bowl","floor":12},{"not_picked":["Dagger Spray","PiercingWail","Prepared"],"picked":"Singing Bowl","floor":14},{"not_picked":["Burst","Bullet Time"],"picked":"Adrenaline","floor":16},{"not_picked":["Distraction","Endless Agony","Slice"],"picked":"Singing Bowl","floor":18},{"not_picked":["Deadly Poison","Backflip","Outmaneuver"],"picked":"Singing Bowl","floor":19},{"not_picked":["Setup","Acrobatics","Quick Slash"],"picked":"Singing Bowl","floor":21},{"not_picked":["Underhanded Strike","Crippling Poison","Deflect"],"picked":"Singing Bowl","floor":23},{"not_picked":["Blade Dance","Blur+1"],"picked":"After Image","floor":25},{"not_picked":["Terror","Endless Agony","Dash"],"picked":"Singing Bowl","floor":28},{"not_picked":["Outmaneuver","Infinite Blades","Slice"],"picked":"Singing Bowl","floor":30},{"not_picked":["Calculated Gamble","Bane","Tactician"],"picked":"Singing Bowl","floor":31},{"not_picked":["Endless Agony","Eviscerate+1","Deflect"],"picked":"Singing Bowl","floor":32},{"not_picked":["Storm of Steel","Glass Knife"],"picked":"Night Terror","floor":33},{"not_picked":["Finisher","Underhanded Strike"],"picked":"Crippling Poison+1","floor":35},{"not_picked":["Accuracy+1","Poisoned Stab+1","Riddle With Holes"],"picked":"Singing Bowl","floor":36},{"not_picked":["Deflect","Blur","Riddle With Holes"],"picked":"Singing Bowl","floor":36},{"not_picked":["Infinite Blades+1","Deflect"],"picked":"Dash","floor":36},{"not_picked":["Blur","Acrobatics","Outmaneuver"],"picked":"Singing Bowl","floor":36},{"not_picked":["Underhanded Strike","Grand Finale","Slice"],"picked":"Singing Bowl","floor":36},{"not_picked":["Deflect","Dodge and Roll","Bane"],"picked":"Singing Bowl","floor":37},{"not_picked":["Blade Dance","Prepared+1","Quick Slash"],"picked":"Singing Bowl","floor":38},{"not_picked":["Endless Agony+1","Storm of Steel","Setup"],"picked":"Singing Bowl","floor":42},{"not_picked":["Backstab","Underhanded Strike","Outmaneuver"],"picked":"Singing Bowl","floor":44},{"not_picked":["Acrobatics","Setup","Quick Slash+1"],"picked":"Singing Bowl","floor":45},{"not_picked":["Dodge and Roll+1","Escape Plan+1","Blade Dance"],"picked":"Singing Bowl","floor":46},{"not_picked":["Setup","Poisoned Stab","Slice"],"picked":"Singing Bowl","floor":47},{"not_picked":["Acrobatics","Terror","Accuracy+1"],"picked":"Singing Bowl","floor":48},{"not_picked":["Cloak And Dagger","Deflect"],"picked":"Predator","floor":49},{"not_picked":["Tactician+1","Deflect","Blade Dance"],"picked":"Singing Bowl","floor":53},{"not_picked":["Quick Slash","Dodge and Roll","Finisher"],"picked":"Singing Bowl","floor":55}],"player_experience":822882,"relics_obtained":[{"floor":6,"key":"InkBottle"},{"floor":7,"key":"Happy Flower"},{"floor":8,"key":"Gremlin Horn"},{"floor":9,"key":"Singing Bowl"},{"floor":23,"key":"Dream Catcher"},{"floor":25,"key":"Bottled Tornado"},{"floor":26,"key":"MawBank"},{"floor":28,"key":"Bag of Marbles"},{"floor":42,"key":"Whetstone"},{"floor":46,"key":"Ancient Tea Set"},{"floor":47,"key":"Dead Branch"},{"floor":55,"key":"Lantern"}],"event_choices":[{"cards_removed":["Slice"],"damage_healed":0,"gold_gain":0,"player_choice":"Purged","damage_taken":0,"max_hp_gain":0,"max_hp_loss":0,"event_name":"Purifier","floor":5,"gold_loss":0},{"damage_healed":0,"gold_gain":0,"player_choice":"Ignored","damage_taken":0,"max_hp_gain":0,"max_hp_loss":0,"event_name":"The Mausoleum","floor":22,"gold_loss":0}],"is_beta":false,"boss_relics":[{"not_picked":["WristBlade","SacredBark"],"picked":"Fusion Hammer"},{"not_picked":["Calling Bell","Tiny House"],"picked":"Snecko Eye"}],"items_purged_floors":[],"is_endless":false,"potions_floor_spawned":[1,4,6,8,16,18,25,28,33,37,38,46,47,55],"ascension_level":20}}