{"host":"gkg6a0io4zd37ymq","time":1610998474,"event":{"mods":["A Magickal Journey","AchievementEnabler","Aspiration","Astrologer","Bard","BaseMod","Beaked The Cultist","Better Third Choice","Colored Powertips","DeckTracker","Energized Spire","Friendly Minions","Halation","Hermit","Hubris","Infinite Spire","Koishi","Luminous","Mad Scientist","Marisa????????","Minty Spire (QoL Compilation)","Potionbrewer","Replay The Spire","Shade Mod","Shop Mod","Somnambulant","StSLib","The Administrix","The Blackbeard","The Bug Knight","The Clintock","The Construct","The Cursed","The Disciple","The Elementalist","The Forsaken","The Gatherer","The Hierophant","The Judge","The Juggle","The Jungle","The Marked","The Mystic","The Necromancer","The Poker Player","The Runesmith","The Servant 0.9.4","The Spell Scribe","The Valiant","The Wild Card","The Witch","TheBandit","TheFirefly","TheSwordswoman","Trackpad"],"gold_per_floor":[109,109,109,126,201,235,235,250,250,275,275,14,31,45,45,140,140,152,166,166,166,269,269,285,285,285,304,304,304,304,74,74,176,176,195,195,295,313,41,41,41,57,80,92,104,216,228,251,263,394,506,506],"floor_reached":51,"language":"ENG","playtime":8969,"items_purged":["theWildCard:BasicStrike","ReplayTheSpireMod:Splinters","theWildCard:BasicStrike","theWildCard:BasicDefend","theWildCard:BasicStrike"],"score":1026,"play_id":"b3fc96af-f3f8-40bc-bc04-5576e29ed9fb","local_time":"20210118203434","is_ascension_mode":false,"campfire_choices":[{"data":"theWildCard:ArcaneArts","floor":7.0,"key":"SMITH"},{"data":"theWildCard:StingingStrike","floor":15.0,"key":"SMITH"},{"data":"theWildCard:TheArcanaUnleashed","floor":23.0,"key":"SMITH"},{"data":"theWildCard:SeveringSlash","floor":25.0,"key":"SMITH"},{"data":"thefirefly:QuantumTunneling","floor":30.0,"key":"SMITH"},{"data":"AdministrixMod:TouchOfCinnabar","floor":32.0,"key":"SMITH"},{"data":"theWildCard:MagicalMight","floor":40.0,"key":"SMITH"},{"data":"hubris:InfiniteBlow","floor":47,"key":"SMITH"},{"data":"Poisoned Strike","floor":49,"key":"SMITH"}],"circlet_count":0,"master_deck":["theWildCard:BasicStrike","theWildCard:BasicDefend","theWildCard:BasicDefend","theWildCard:BasicDefend","theWildCard:CallToAdventure","theWildCard:Arsene","theWildCard:ArcaneArts+1","theWildCard:Alice","theWildCard:BladeOfGenerations","theWildCard:Safeguard","theWildCard:SeveringSlash+1","theWildCard:Odin","theWildCard:StingingStrike+1","theWildCard:TheArcanaUnleashed+1","AdministrixMod:TouchOfCinnabar+1","MadScienceMod:OmniHammer","thefirefly:QuantumTunneling+1","theWildCard:Sakuya","theWildCard:MagicalMight+1","theWildCard:ArchaicAssault","Exhume","Poisoned Strike+1","hubris:InfiniteBlow+1","TheCursedMod:StunningStrike"],"relics":["theWildCard:VelvetContract","NeowsBlessing","Kunai","theForsaken:ScaryMask","potionbrewer:BottledElixir","GremlinMask","Membership Card","theForsaken:Lifeblossom","theWildCard:FigureOfDeath","PrismaticShard","aspiration:TomeofQuesting","potionbrewer:RamsHorn","halation:SelfBoilingWater","aspiration:Nostalgia","hierophant:PropheticMaskRelic","aspiration:RitualDagger","hubris:SphereOfDissonance","Mirror","trackpad:BottledTsunami","MawBank","TungstenRod","infinitespire:EvilPickle","Replay:Wanted Poster"],"acts_visited":["Exordium","TheCity","TheBeyond","Exordium"],"potions_floor_usage":[50],"damage_taken":[{"damage":0.0,"enemies":"Jaw Worm","floor":1.0,"turns":1.0},{"damage":0.0,"enemies":"Cultist","floor":4.0,"turns":1.0},{"damage":0.0,"enemies":"3 Sentries","floor":6.0,"turns":2.0},{"damage":0.0,"enemies":"2 Louse","floor":8.0,"turns":2.0},{"damage":8.0,"enemies":"Lagavulin","floor":10.0,"turns":6.0},{"damage":0.0,"enemies":"Looter","floor":13.0,"turns":2.0},{"damage":9.0,"enemies":"Lots of Slimes","floor":14.0,"turns":6.0},{"damage":15.0,"enemies":"Fading Forest","floor":16.0,"turns":11.0},{"damage":0.0,"enemies":"Shell Parasite","floor":18.0,"turns":7.0},{"damage":5.0,"enemies":"2 Thieves","floor":19.0,"turns":4.0},{"damage":2.0,"enemies":"Centurion and Healer","floor":24.0,"turns":9.0},{"damage":6.0,"enemies":"Cultist and Chosen","floor":27.0,"turns":10.0},{"damage":4.0,"enemies":"Pondfish","floor":33.0,"turns":11.0},{"damage":36.0,"enemies":"3 Darklings","floor":35.0,"turns":6.0},{"damage":27.0,"enemies":"3 Shapes","floor":38.0,"turns":9.0},{"damage":24.0,"enemies":"Maw","floor":42.0,"turns":5.0},{"damage":35.0,"enemies":"infinitespire:Three Voidlings","floor":46.0,"turns":6.0},{"damage":6.0,"enemies":"Nightmare_Alpha","floor":46.0,"turns":2.0},{"damage":14,"enemies":"Writhing Mass","floor":48,"turns":7},{"damage":22,"enemies":"Time Eater","floor":50,"turns":10}],"seed_played":"4385052680047211646","potions_obtained":[{"floor":1.0,"key":"SkillPotion"},{"floor":6.0,"key":"EssenceOfSteel"},{"floor":13.0,"key":"ColorlessPotion"},{"floor":14.0,"key":"Reflective Coating"},{"floor":19.0,"key":"Reflective Coating"},{"floor":24.0,"key":"potionbrewer:HastePotion"},{"floor":33.0,"key":"Explosive Potion"},{"floor":38.0,"key":"Regen Potion"},{"floor":50,"key":"Fire Potion"}],"is_trial":false,"path_per_floor":["M","?","?","M","?","E","R","M","T","E","?","$","M","M","R","B",null,"M","M","?","?","?","R","M","R","T","M","AVR","?","R","$","R","B",null,"M","AVR","?","M","$","R","T","M","T","?","$","?","R","M","R","B",null],"character_chosen":"THE_WILD_CARD","items_purchased":["Membership Card","theForsaken:Lifeblossom","aspiration:Nostalgia","theWildCard:Sakuya","theWildCard:MagicalMight","theWildCard:ArchaicAssault","Poisoned Strike","Mirror"],"campfire_rested":0,"item_purchase_floors":[12,12,31,31,31,31,39,39],"current_hp_per_floor":[60,60,60,60,49,49,49,49,49,41,41,41,44,41,41,56,60,60,58,50,50,50,50,54,54,54,54,54,54,54,54,54,56,60,30,30,30,9,9,9,9,60,60,60,60,60,60,60,60,60,60,60],"gold":506,"neow_bonus":"THREE_ENEMY_KILL","is_daily":false,"chose_seed":false,"campfire_upgraded":9,"win_rate":0.0,"timestamp":1610998474,"path_taken":["M","?","?","?","?","E","R","M","T","E","?","$","?","?","R","BOSS","M","M","?","?","?","R","M","R","T","M","AVR","?","R","$","R","BOSS","M","AVR","?","?","?","R","?","M","T","?","$","?","R","M","R","BOSS"],"items_purchased_type":["Relic","Relic","Relic","Card","Card","Card","Card","Relic"],"build_version":"2020-12-22","purchased_purges":5,"victory":false,"max_hp_per_floor":[60,60,60,60,60,60,60,60,60,60,60,60,60,60,60,60,60,60,60,60,60,60,60,60,60,60,60,60,60,60,60,60,60,60,60,60,60,60,60,60,60,60,60,60,60,60,60,60,60,60,60,60],"card_choices":[{"not_picked":["theWildCard:Polydeuces","theWildCard:StalwartBlade"],"picked":"theWildCard:ArcaneArts","floor":1.0},{"not_picked":["theWildCard:StalwartBlade","theWildCard:EnergizedStroke"],"picked":"theWildCard:BladeOfGenerations","floor":4.0},{"not_picked":["theWildCard:Deicide","theWildCard:ShieldOfMany"],"picked":"theWildCard:Safeguard","floor":6.0},{"not_picked":["theWildCard:SacrificialStroke","theWildCard:Scathach"],"picked":"theWildCard:SeveringSlash","floor":8.0},{"not_picked":["theWildCard:UnderLockAndKey","theWildCard:Attunement"],"picked":"theWildCard:Odin","floor":10.0},{"not_picked":["theWildCard:MagicalMight","theWildCard:UnendingRitual"],"picked":"theWildCard:MaskChange","floor":13.0},{"not_picked":["theWildCard:Impatience","theWildCard:Polydeuces"],"picked":"theWildCard:StingingStrike","floor":14.0},{"not_picked":["theWildCard:Caesar","theWildCard:Ruination"],"picked":"theWildCard:TheArcanaUnleashed","floor":16.0},{"not_picked":["theWildCard:IdentityTheft","theWildCard:StingingStrike","theWildCard:EnergizedStroke"],"picked":"SKIP","floor":18.0},{"not_picked":["theWildCard:SeveringSlash","theWildCard:StingingStrike","theWildCard:StalwartBlade"],"picked":"SKIP","floor":19.0},{"not_picked":["theWildCard:Unburden","theWildCard:UnderLockAndKey"],"picked":"theWildCard:Odin","floor":20.0},{"not_picked":["Magicka:CrystallineLightningCard+1","clintock:Immunodeficiency"],"picked":"AdministrixMod:TouchOfCinnabar","floor":22.0},{"not_picked":["Flay","HollowMod:InfectedCysts"],"picked":"MadScienceMod:OmniHammer","floor":24.0},{"not_picked":["wariomod:DanceDash+1","theMarked:DeterminationOfTheMarked+1"],"picked":"thefirefly:QuantumTunneling","floor":27.0},{"not_picked":["WordoMod:MorbidFascination","RustWall"],"picked":"Exhume","floor":33.0},{"not_picked":["Time Bomb","Luminous:Dark_Extract+1","Gatherer:Snatch+1"],"picked":"SKIP","floor":35.0},{"not_picked":["WordoMod:Repent","jugglermod: InsideOut","thefirefly:Pacify+1"],"picked":"SKIP","floor":38.0},{"not_picked":["Magicka:BlizzardCard+1","Stagnate+1","HollowMod:GoodIntentions+1"],"picked":"SKIP","floor":42.0},{"not_picked":["infinitespire:Collect","infinitespire:FinalStrike"],"picked":"hubris:InfiniteBlow","floor":46},{"not_picked":["jugglermod: HandFlip+1","DC"],"picked":"TheCursedMod:StunningStrike","floor":48}],"player_experience":451842,"relics_obtained":[{"floor":6.0,"key":"Kunai"},{"floor":9.0,"key":"theForsaken:ScaryMask"},{"floor":10.0,"key":"potionbrewer:BottledElixir"},{"floor":20.0,"key":"PrismaticShard"},{"floor":22.0,"key":"aspiration:TomeofQuesting"},{"floor":26.0,"key":"potionbrewer:RamsHorn"},{"floor":41.0,"key":"trackpad:BottledTsunami"},{"floor":43.0,"key":"MawBank"},{"floor":46,"key":"TungstenRod"}],"event_choices":[{"damage_healed":0.0,"max_hp_gain":0.0,"max_hp_loss":0.0,"gold_gain":0.0,"event_name":"Match and Keep!","player_choice":"0 cards matched","floor":3.0,"gold_loss":0.0,"damage_taken":0.0,"cards_obtained":[]},{"damage_healed":0.0,"max_hp_gain":0.0,"max_hp_loss":0.0,"gold_gain":75.0,"event_name":"betterThird:BetterGoop","player_choice":"Gold","floor":5.0,"gold_loss":0.0,"damage_taken":11.0},{"damage_healed":0.0,"max_hp_gain":0.0,"max_hp_loss":0.0,"gold_gain":0.0,"event_name":"FaceTrader","player_choice":"Trade","floor":11.0,"gold_loss":0.0,"damage_taken":0.0,"relics_obtained":["GremlinMask"]},{"damage_healed":0.0,"max_hp_gain":0.0,"max_hp_loss":0.0,"gold_gain":0.0,"event_name":"Ghosts","player_choice":"Ignored","floor":21.0,"gold_loss":0.0,"damage_taken":0.0},{"damage_healed":0.0,"max_hp_gain":0.0,"max_hp_loss":0.0,"gold_gain":0.0,"event_name":"NoteForYourself","player_choice":"Ignored","floor":29.0,"gold_loss":0.0,"damage_taken":0.0},{"damage_healed":0.0,"max_hp_gain":0.0,"max_hp_loss":0.0,"gold_gain":100.0,"event_name":"Golden Shrine","player_choice":"Pray","floor":37.0,"gold_loss":0.0,"damage_taken":0.0},{"cards_removed":["theWildCard:Odin"],"damage_healed":0.0,"max_hp_gain":0.0,"max_hp_loss":0.0,"gold_gain":0.0,"event_name":"Falling","player_choice":"Removed Skill","floor":44.0,"gold_loss":0.0,"damage_taken":0.0},{"cards_removed":["theWildCard:MaskChange"],"damage_healed":0,"gold_gain":0,"player_choice":"Removed Skill","damage_taken":0,"max_hp_gain":0,"max_hp_loss":0,"event_name":"Falling","floor":46,"gold_loss":0}],"is_beta":false,"boss_relics":[{"not_picked":["Replay:Ancient Bell","aspiration:IroncladSkillbook"],"picked":"theWildCard:FigureOfDeath"},{"not_picked":["halation:Yufonium","Pandora\u0027s Box"],"picked":"aspiration:RitualDagger"},{"not_picked":["Honey Jar","halation:PlatinumPhoenix"],"picked":"Replay:Wanted Poster"}],"items_purged_floors":[12,28,31,36,39],"is_endless":true,"potions_floor_spawned":[1,6,13,14,19,24,33,38,42,46,50],"ascension_level":0}}