{"host":"la6t950uoatqs0xt","time":1610940401,"event":{"mods":["AchievementEnabler","BaseMod","Colored Powertips","Minty Spire (QoL Compilation)","Quick Restart","Rare Cards Sparkle"],"gold_per_floor":[118,131,206,17,33,68,68,68,95,270,286,16,29,39,39,135,135,152,52,66,66,66,98,98,23,23,23,43,43,59,59,59,59,59],"floor_reached":33,"language":"ENG","playtime":1353,"items_purged":["Strike_R","Bash"],"score":292,"play_id":"c5e1ac19-2c9d-4ca6-b1c3-fc36419561cd","local_time":"20210117222641","is_ascension_mode":true,"campfire_choices":[{"floor":7,"key":"REST"},{"floor":15,"key":"REST"},{"floor":24,"key":"REST"},{"data":"Fire Breathing","floor":27,"key":"SMITH"},{"data":"Double Tap","floor":29,"key":"SMITH"},{"floor":32,"key":"REST"}],"circlet_count":0,"master_deck":["Strike_R+1","Strike_R+1","Strike_R","Strike_R","Defend_R","Defend_R","Defend_R","Double Tap+1","Sword Boomerang","Fire Breathing+1","Reckless Charge","Wild Strike","Doubt","Blood for Blood","Havoc+1","Shame","Metallicize","Wild Strike"],"relics":["Black Blood","Happy Flower","Bronze Scales","Pen Nib","Orichalcum","Tiny Chest","Bottled Tornado","Singing Bowl"],"acts_visited":["Exordium","TheCity"],"potions_floor_usage":[13,14,33,33,33],"damage_taken":[{"damage":9,"enemies":"Jaw Worm","floor":1,"turns":5},{"damage":0,"enemies":"Small Slimes","floor":2,"turns":3},{"damage":8,"enemies":"2 Louse","floor":5,"turns":3},{"damage":57,"enemies":"Gremlin Nob","floor":6,"turns":6},{"damage":11,"enemies":"Looter","floor":11,"turns":2},{"damage":16,"enemies":"Blue Slaver","floor":13,"turns":3},{"damage":0,"enemies":"Lots of Slimes","floor":14,"turns":1},{"damage":37,"enemies":"Hexaghost","floor":16,"turns":9},{"damage":0,"enemies":"3 Byrds","floor":18,"turns":3},{"damage":20,"enemies":"Shell Parasite","floor":20,"turns":4},{"damage":47,"enemies":"Book of Stabbing","floor":23,"turns":5},{"damage":23,"enemies":"Centurion and Healer","floor":28,"turns":5},{"damage":14,"enemies":"Snecko","floor":30,"turns":4},{"damage":81,"enemies":"Collector","floor":33,"turns":8}],"seed_played":"-2603833808384264502","potions_obtained":[{"floor":1,"key":"FearPotion"},{"floor":2,"key":"Explosive Potion"},{"floor":14,"key":"LiquidMemories"},{"floor":18,"key":"SpeedPotion"},{"floor":20,"key":"Fire Potion"}],"is_trial":false,"path_per_floor":["M","M","?","$","M","E","R","?","T","?","M","$","M","M","R","B",null,"M","$","M","?","?","E","R","?","T","R","M","R","M","$","R","B"],"character_chosen":"IRONCLAD","items_purchased":["Happy Flower","Fire Breathing","Orichalcum","ColorlessPotion"],"campfire_rested":4,"item_purchase_floors":[4,4,12,12],"current_hp_per_floor":[77,80,69,69,67,16,40,24,24,24,19,19,9,15,39,8,80,80,80,72,72,72,37,61,61,61,61,50,50,48,48,72,0,0],"gold":59,"neow_bonus":"ONE_RANDOM_RARE_CARD","is_daily":false,"chose_seed":false,"campfire_upgraded":2,"win_rate":0.0,"timestamp":1610940401,"path_taken":["M","M","?","$","M","E","R","?","T","?","M","$","?","M","R","BOSS","M","$","M","?","?","E","R","?","T","R","M","R","M","?","R","BOSS"],"items_purchased_type":["Relic","Card","Relic","Potion"],"build_version":"2020-12-22","purchased_purges":2,"victory":false,"max_hp_per_floor":[80,80,80,80,80,80,80,80,80,80,80,80,80,80,80,80,80,80,80,80,80,80,80,80,80,80,80,80,80,80,80,80,80,80],"card_choices":[{"not_picked":["Sever Soul","Dropkick"],"picked":"Sword Boomerang","floor":1},{"not_picked":["Dark Embrace","Pommel Strike","Shrug It Off"],"picked":"SKIP","floor":2},{"not_picked":["Uppercut","Headbutt"],"picked":"Reckless Charge","floor":5},{"not_picked":["Body Slam","Inflame"],"picked":"Wild Strike","floor":6},{"not_picked":["Iron Wave","Clothesline"],"picked":"Blood for Blood","floor":11},{"not_picked":["Cleave","Carnage","True Grit"],"picked":"SKIP","floor":13},{"not_picked":["Hemokinesis","Entrench","Carnage"],"picked":"SKIP","floor":14},{"not_picked":["Hemokinesis+1","Anger+1"],"picked":"Havoc+1","floor":18},{"not_picked":["Body Slam+1","Dual Wield","Pommel Strike"],"picked":"SKIP","floor":20},{"not_picked":["Bludgeon","Iron Wave","Sword Boomerang"],"picked":"SKIP","floor":23},{"not_picked":["Dark Embrace","Anger"],"picked":"Metallicize","floor":28},{"not_picked":["Sentinel+1","Thunderclap"],"picked":"Wild Strike","floor":30}],"player_experience":257761,"relics_obtained":[{"floor":6,"key":"Bronze Scales"},{"floor":9,"key":"Pen Nib"},{"floor":23,"key":"Bottled Tornado"},{"floor":26,"key":"Singing Bowl"}],"event_choices":[{"damage_healed":0,"gold_gain":75,"player_choice":"Gather Gold","damage_taken":11,"max_hp_gain":0,"max_hp_loss":0,"event_name":"World of Goop","floor":3,"gold_loss":0},{"damage_healed":0,"gold_gain":0,"player_choice":"Entered Light","damage_taken":16,"max_hp_gain":0,"max_hp_loss":0,"event_name":"Shining Light","floor":8,"gold_loss":0,"cards_upgraded":["Strike_R","Strike_R"]},{"damage_healed":0,"gold_gain":175,"player_choice":"AGREE","damage_taken":0,"max_hp_gain":0,"max_hp_loss":0,"event_name":"Liars Game","floor":10,"gold_loss":0,"cards_obtained":["Doubt"]},{"damage_healed":0,"gold_gain":0,"player_choice":"Stole Relic","damage_taken":0,"relics_obtained":["Tiny Chest"],"max_hp_gain":0,"max_hp_loss":0,"event_name":"Addict","floor":21,"gold_loss":0,"cards_obtained":["Shame"]},{"damage_healed":0,"gold_gain":0,"player_choice":"Ignored","damage_taken":0,"max_hp_gain":0,"max_hp_loss":0,"event_name":"Ghosts","floor":22,"gold_loss":0},{"cards_removed":["Defend_R"],"damage_healed":0,"gold_gain":0,"player_choice":"Gave Gold","damage_taken":0,"max_hp_gain":0,"max_hp_loss":0,"event_name":"Beggar","floor":25,"gold_loss":75}],"is_beta":false,"boss_relics":[{"not_picked":["SlaversCollar","Cursed Key"],"picked":"Black Blood"}],"items_purged_floors":[12,19],"is_endless":false,"potions_floor_spawned":[1,2,14,18,20,28],"killed_by":"Collector","ascension_level":2}}